{"gold_per_floor":[15,0,0,12,12,12,12,12,39,51,51,61,79,97,97,197,197,209,228,248,0,11,11,31,51,132,151,151,168,168,196,196,300,300,320,320,332,332],"floor_reached":38,"playtime":3180,"items_purged":[],"score":437,"play_id":"82020946-374b-449a-9228-f3a23d5d599e","local_time":"20190424214039","is_ascension_mode":true,"campfire_choices":[{"floor":6,"key":"DIG"},{"floor":8,"key":"DIG"},{"floor":15,"key":"REST"},{"floor":23,"key":"REST"},{"floor":30,"key":"DIG"},{"floor":32,"key":"REST"}],"neow_cost":"NO_GOLD","seed_source_timestamp":1009774891121384,"circlet_count":0,"master_deck":["Strike_B","Strike_B","Strike_B","Strike_B","Defend_B","Defend_B","Defend_B","Defend_B","Zap","Dualcast","Genetic Algorithm+1","Compile Driver","White Noise","Barrage","Conserve Battery","Barrage","Rainbow","Redo","Consume+1","Redo","Coolheaded","Barrage","Coolheaded","Melter","Ghostly","Ghostly","Ghostly","Ghostly","Ghostly","Redo","Echo Form","Rainbow","Defragment+1"],"relics":["FrozenCore","Shovel","Blue Candle","Regal Pillow","Thread and Needle","Potion Belt","Fusion Hammer","MealTicket","Ornamental Fan","Happy Flower","Juzu Bracelet"],"potions_floor_usage":[16,16,22,24,24,31],"damage_taken":[{"damage":10,"enemies":"Cultist","floor":1,"turns":4},{"damage":7,"enemies":"2 Louse","floor":4,"turns":3},{"damage":0,"enemies":"Jaw Worm","floor":10,"turns":3},{"damage":25,"enemies":"Gremlin Gang","floor":12,"turns":6},{"damage":3,"enemies":"Blue Slaver","floor":13,"turns":4},{"damage":7,"enemies":"Large Slime","floor":14,"turns":7},{"damage":1,"enemies":"Slime Boss","floor":16,"turns":8},{"damage":1,"enemies":"Shell Parasite","floor":18,"turns":4},{"damage":0,"enemies":"Chosen","floor":19,"turns":4},{"damage":8,"enemies":"Snecko","floor":20,"turns":5},{"damage":27,"enemies":"Snake Plant","floor":22,"turns":4},{"damage":18,"enemies":"Centurion and Healer","floor":24,"turns":17},{"damage":7,"enemies":"Snecko","floor":25,"turns":5},{"damage":31,"enemies":"Shelled Parasite and Fungi","floor":27,"turns":8},{"damage":0,"enemies":"Snake Plant","floor":29,"turns":5},{"damage":11,"enemies":"Gremlin Leader","floor":31,"turns":8},{"damage":8,"enemies":"Collector","floor":33,"turns":13},{"damage":0,"enemies":"3 Darklings","floor":35,"turns":7},{"damage":0,"enemies":"Orb Walker","floor":37,"turns":6},{"damage":51,"enemies":"2 Orb Walkers","floor":38,"turns":8}],"seed_played":"1024828366584422290","potions_obtained":[{"floor":13,"key":"Fire Potion"},{"floor":14,"key":"Fire Potion"},{"floor":18,"key":"Energy Potion"},{"floor":20,"key":"SteroidPotion"},{"floor":22,"key":"LiquidBronze"},{"floor":25,"key":"FearPotion"}],"is_trial":false,"path_per_floor":["M","?","?","M","T","R","$","R","T","M","$","M","M","M","R","B",null,"M","M","M","$","M","R","M","M","T","M","?","M","R","E","R","B",null,"M","?","M","?"],"character_chosen":"DEFECT","items_purchased":["MealTicket","Redo"],"campfire_rested":3,"item_purchase_floors":[21,21],"current_hp_per_floor":[65,65,65,58,58,58,58,58,58,58,58,33,30,23,60,59,75,74,74,66,66,39,75,57,50,50,19,19,19,19,8,34,26,37,37,37,37,0],"gold":332,"neow_bonus":"ONE_RARE_RELIC","is_prod":false,"is_daily":false,"chose_seed":false,"campfire_upgraded":0,"win_rate":0,"timestamp":1556167239,"path_taken":["M","?","?","M","?","R","$","R","T","M","$","M","M","M","R","BOSS","M","?","M","$","M","R","M","M","T","M","?","M","R","E","R","BOSS","M","?","M","?"],"build_version":"2019-01-23","purchased_purges":0,"victory":false,"max_hp_per_floor":[75,75,75,75,75,75,75,75,75,75,75,75,75,75,75,75,75,75,75,75,75,75,75,75,75,75,75,37,37,37,37,37,37,37,37,37,37,37],"card_choices":[{"not_picked":["Stack","Streamline"],"picked":"Genetic Algorithm","floor":1},{"not_picked":["Turbo","Lockon"],"picked":"Compile Driver","floor":4},{"not_picked":["Doom and Gloom","Cold Snap"],"picked":"White Noise","floor":10},{"not_picked":["Loop","Stack"],"picked":"Barrage","floor":12},{"not_picked":["Compile Driver","Go for the Eyes"],"picked":"Conserve Battery","floor":13},{"not_picked":["Skim","Steam Power"],"picked":"Barrage","floor":14},{"not_picked":["Electrodynamics","Biased Cognition"],"picked":"Rainbow","floor":16},{"not_picked":["Conserve Battery","Go for the Eyes"],"picked":"Redo","floor":18},{"not_picked":["Turbo","Stack","Reboot"],"picked":"SKIP","floor":19},{"not_picked":["Scrape+1","Hello World"],"picked":"Consume+1","floor":20},{"not_picked":["Steam Power","Gash+1"],"picked":"Coolheaded","floor":22},{"not_picked":["Turbo","Reprogram"],"picked":"Barrage","floor":24},{"not_picked":["Steam","Sunder"],"picked":"Coolheaded","floor":25},{"not_picked":["Gash","Redo"],"picked":"Melter","floor":27},{"not_picked":["Sweeping Beam+1","Defragment"],"picked":"Redo","floor":29},{"not_picked":["Auto Shields","Blizzard+1"],"picked":"Echo Form","floor":31},{"not_picked":["Hyperbeam","Fission"],"picked":"Rainbow","floor":33},{"not_picked":["Steam Power+1","Barrage"],"picked":"Defragment+1","floor":35},{"not_picked":["Genetic Algorithm","Doom and Gloom","Undo"],"picked":"SKIP","floor":37}],"player_experience":93459,"relics_obtained":[{"floor":5,"key":"Blue Candle"},{"floor":6,"key":"Regal Pillow"},{"floor":8,"key":"Thread and Needle"},{"floor":9,"key":"Potion Belt"},{"floor":26,"key":"Ornamental Fan"},{"floor":30,"key":"Happy Flower"},{"floor":31,"key":"Juzu Bracelet"}],"event_choices":[{"damage_healed":0,"gold_gain":0,"player_choice":"Left Gold","damage_taken":0,"max_hp_gain":0,"max_hp_loss":0,"event_name":"World of Goop","floor":2,"gold_loss":15},{"damage_healed":0,"gold_gain":0,"player_choice":"Grow","damage_taken":0,"max_hp_gain":0,"max_hp_loss":0,"event_name":"Living Wall","floor":3,"gold_loss":0,"cards_upgraded":["Genetic Algorithm"]},{"damage_healed":0,"gold_gain":0,"player_choice":"Became a Ghost","damage_taken":0,"max_hp_gain":0,"max_hp_loss":38,"event_name":"Ghosts","floor":28,"gold_loss":0,"cards_obtained":["Ghostly","Ghostly","Ghostly","Ghostly","Ghostly"]},{"damage_healed":0,"gold_gain":0,"player_choice":"Ignored","damage_taken":0,"max_hp_gain":0,"max_hp_loss":0,"event_name":"Tomb of Lord Red Mask","floor":36,"gold_loss":0},{"damage_healed":0,"gold_gain":0,"player_choice":"Fight","damage_taken":0,"max_hp_gain":0,"max_hp_loss":0,"event_name":"Mysterious Sphere","floor":38,"gold_loss":0}],"is_beta":false,"boss_relics":[{"not_picked":["White Beast Statue","Busted Crown"],"picked":"Fusion Hammer"},{"not_picked":["Inserter","Nuclear Battery"],"picked":"FrozenCore"}],"items_purged_floors":[],"is_endless":false,"potions_floor_spawned":[13,14,18,20,22,25],"killed_by":"2 Orb Walkers","ascension_level":1}