{"gold_per_floor":[112,112,132,132,146,146,178,32,32,32],"floor_reached":10,"playtime":366,"items_purged":[],"score":112,"play_id":"1ea6dcb5-0ca4-4f75-863f-9de00ebe839d","local_time":"20190520220000","is_ascension_mode":true,"campfire_choices":[{"floor":6,"key":"REST"}],"neow_cost":"TEN_PERCENT_HP_LOSS","seed_source_timestamp":47933183755907,"circlet_count":0,"master_deck":["AscendersBane","Strike_B","Strike_B","Strike_B","Defend_B","Defend_B","Defend_B","Defend_B","Zap","Dualcast","Fission","Ball Lightning","Genetic Algorithm"],"relics":["Cracked Core","NlothsMask","Shuriken","Juzu Bracelet"],"potions_floor_usage":[7],"damage_taken":[{"damage":3,"enemies":"2 Louse","floor":1,"turns":4},{"damage":14,"enemies":"Small Slimes","floor":3,"turns":5},{"damage":5,"enemies":"Cultist","floor":5,"turns":4},{"damage":44,"enemies":"3 Sentries","floor":7,"turns":8},{"damage":12,"enemies":"Lots of Slimes","floor":10,"turns":2}],"seed_played":"-1951392955552672240","potions_obtained":[{"floor":3,"key":"SteroidPotion"}],"is_trial":false,"path_per_floor":["M","?","M","?","M","R","E","$","T","M"],"character_chosen":"DEFECT","items_purchased":["Juzu Bracelet"],"campfire_rested":1,"item_purchase_floors":[8],"current_hp_per_floor":[61,54,40,40,35,54,10,10,10,0],"gold":32,"neow_bonus":"THREE_RARE_CARDS","is_prod":false,"is_daily":false,"chose_seed":false,"campfire_upgraded":0,"win_rate":0,"timestamp":1558414800,"path_taken":["M","?","M","?","?","R","E","?","T","M"],"build_version":"2019-01-23","purchased_purges":0,"victory":false,"max_hp_per_floor":[64,64,64,64,64,64,64,64,64,64],"card_choices":[{"not_picked":["Buffer","Thunder Strike"],"picked":"Fission","floor":0},{"not_picked":["Steam","Streamline","Hologram"],"picked":"SKIP","floor":1},{"not_picked":["Rip and Tear","Cold Snap"],"picked":"Ball Lightning","floor":3},{"not_picked":["Barrage","Rip and Tear"],"picked":"Genetic Algorithm","floor":5},{"not_picked":["Consume","Beam Cell","Heatsinks"],"picked":"SKIP","floor":7}],"player_experience":650252,"relics_obtained":[{"floor":7,"key":"Shuriken"}],"event_choices":[{"cards_removed":["Strike_B"],"damage_healed":0,"gold_gain":0,"player_choice":"Card Removal","damage_taken":7,"max_hp_gain":0,"max_hp_loss":0,"event_name":"Golden Wing","floor":2,"gold_loss":0},{"damage_healed":0,"gold_gain":0,"player_choice":"Trade","damage_taken":0,"relics_obtained":["NlothsMask"],"max_hp_gain":0,"max_hp_loss":0,"event_name":"FaceTrader","floor":4,"gold_loss":0}],"is_beta":false,"boss_relics":[],"items_purged_floors":[],"is_endless":false,"potions_floor_spawned":[3],"killed_by":"Lots of Slimes","ascension_level":14}