{"gold_per_floor":[114,114,131,131,56,56,83,94,120,140,175,186,200,200,200,300,300,320,330,330,349,368,368,402,402,482,494,246,257,197,214,214,311,311,322,130,130,148,168,168,185,200,200,200,214,265,265,275,275,275],"floor_reached":51,"playtime":2340,"items_purged":["Regret","Strike_R"],"score":735,"play_id":"5578298b-dea4-480b-b411-730c1f77275b","local_time":"20190319004553","is_ascension_mode":false,"campfire_choices":[{"data":"Bash","floor":6.0,"key":"SMITH"},{"data":"Metallicize","floor":15.0,"key":"SMITH"},{"data":"Juggernaut","floor":23,"key":"SMITH"},{"floor":25,"key":"REST"},{"floor":32,"key":"REST"},{"data":"Metallicize","floor":40,"key":"SMITH"},{"floor":44,"key":"REST"},{"floor":49,"key":"REST"}],"neow_cost":"CURSE","seed_source_timestamp":442545286073477,"circlet_count":0,"master_deck":["Strike_R","Strike_R+1","Defend_R+1","Defend_R","Defend_R","Bash+1","Hemokinesis+1","Cleave","Metallicize+1","Shrug It Off","Juggernaut+1","Metallicize+1","Metallicize","Shrug It Off","Shrug It Off","Armaments+1","Shrug It Off","Bandage Up","Uppercut","Intimidate","Limit Break","Dual Wield","Double Tap","Corruption+1","Juggernaut+1","Shrug It Off+1","Juggernaut","Shrug It Off+1","Intimidate","Shrug It Off+1"],"special_seed":0,"relics":["Burning Blood","Oddly Smooth Stone","Red Skull","Strawberry","Orrery","Prayer Wheel","Bottled Flame","Happy Flower","Sozu","DollysMirror","Frozen Egg 2","Ice Cream"],"potions_floor_usage":[24,33,33,50],"damage_taken":[{"damage":2.0,"enemies":"2 Louse","floor":1.0,"turns":4.0},{"damage":6.0,"enemies":"Jaw Worm","floor":3.0,"turns":3.0},{"damage":18.0,"enemies":"Gremlin Nob","floor":7.0,"turns":3.0},{"damage":6.0,"enemies":"Small Slimes","floor":8.0,"turns":3.0},{"damage":5.0,"enemies":"3 Louse","floor":10.0,"turns":3.0},{"damage":25.0,"enemies":"Lagavulin","floor":11.0,"turns":5.0},{"damage":18.0,"enemies":"Gremlin Gang","floor":12.0,"turns":3.0},{"damage":1.0,"enemies":"Looter","floor":13.0,"turns":2.0},{"damage":42.0,"enemies":"The Guardian","floor":16.0,"turns":10.0},{"damage":15,"enemies":"3 Byrds","floor":18,"turns":8},{"damage":11,"enemies":"Shell Parasite","floor":19,"turns":7},{"damage":13,"enemies":"Sentry and Sphere","floor":21,"turns":9},{"damage":26,"enemies":"Cultist and Chosen","floor":22,"turns":7},{"damage":51,"enemies":"Slavers","floor":24,"turns":6},{"damage":19,"enemies":"Snake Plant","floor":27,"turns":7},{"damage":13,"enemies":"Centurion and Healer","floor":29,"turns":8},{"damage":10,"enemies":"Snecko","floor":31,"turns":5},{"damage":61,"enemies":"Collector","floor":33,"turns":12},{"damage":25,"enemies":"3 Darklings","floor":35,"turns":7},{"damage":11,"enemies":"3 Shapes","floor":38,"turns":4},{"damage":14,"enemies":"3 Darklings","floor":39,"turns":7},{"damage":44,"enemies":"4 Shapes","floor":41,"turns":7},{"damage":41,"enemies":"Transient","floor":42,"turns":5},{"damage":14,"enemies":"3 Darklings","floor":45,"turns":5},{"damage":26,"enemies":"2 Orb Walkers","floor":46,"turns":5},{"damage":0,"enemies":"Maw","floor":48,"turns":7},{"damage":32,"enemies":"Time Eater","floor":50,"turns":12}],"seed_played":"-7035442462549829724","potions_obtained":[{"floor":3.0,"key":"Regen Potion"},{"floor":10.0,"key":"SneckoOil"},{"floor":12.0,"key":"EssenceOfSteel"},{"floor":16.0,"key":"EssenceOfSteel"},{"floor":22,"key":"Dexterity Potion"},{"floor":27,"key":"Explosive Potion"}],"is_trial":false,"path_per_floor":["M","?","M","?","$","R","E","M","T","M","E","M","M","?","R","B",null,"M","M","?","M","M","R","E","R","T","M","$","M","?","M","R","B",null,"M","$","?","M","M","R","M","M","T","R","M","?","?","M","R","B",null],"character_chosen":"IRONCLAD","items_purchased":["Happy Flower","DollysMirror"],"campfire_rested":4,"item_purchase_floors":[28,36],"current_hp_per_floor":[96,96,96,77,77,77,65,65,65,66,54,42,47,47,47,11,103,94,89,69,66,52,52,23,53,53,44,44,41,41,37,67,16,103,90,90,90,89,85,85,51,20,20,50,42,26,26,36,66,44],"gold":275,"neow_bonus":"TWENTY_PERCENT_HP_BONUS","is_prod":false,"is_daily":false,"chose_seed":false,"campfire_upgraded":4,"win_rate":0,"timestamp":1552923953,"path_taken":["M","?","M","?","$","R","E","M","T","M","E","M","M","?","R","BOSS","M","M","?","?","M","R","E","R","T","M","?","M","?","?","R","BOSS","M","$","?","M","M","R","M","M","T","R","?","?","?","M","R","BOSS"],"build_version":"2019-01-23","purchased_purges":2,"victory":true,"max_hp_per_floor":[96,96,96,96,96,96,96,96,96,96,103,103,103,103,103,103,103,103,103,103,103,103,103,103,103,103,103,103,103,103,103,103,103,103,103,103,103,103,103,103,103,103,103,103,103,103,103,103,103,103],"card_choices":[{"not_picked":["Bloodletting","Entrench"],"picked":"Hemokinesis","floor":1.0},{"not_picked":["Rage","Bloodletting","Clothesline"],"picked":"SKIP","floor":3.0},{"not_picked":["Clash","Havoc","Fiend Fire"],"picked":"SKIP","floor":7.0},{"not_picked":["Anger","Rampage","Iron Wave"],"picked":"SKIP","floor":8.0},{"not_picked":["Armaments","Searing Blow"],"picked":"Cleave","floor":10.0},{"not_picked":["Feed","Shockwave"],"picked":"Metallicize","floor":11.0},{"not_picked":["Clothesline","Burning Pact","Thunderclap"],"picked":"SKIP","floor":12.0},{"not_picked":["Cleave","Armaments"],"picked":"Shrug It Off","floor":13.0},{"not_picked":["Feed","Barricade"],"picked":"Juggernaut","floor":16.0},{"not_picked":["Headbutt","Iron Wave"],"picked":"Metallicize","floor":17},{"not_picked":["Inflame","Burning Pact"],"picked":"Metallicize","floor":17},{"not_picked":["Entrench","Evolve"],"picked":"Shrug It Off","floor":17},{"not_picked":["Combust","Cleave"],"picked":"Shrug It Off","floor":17},{"not_picked":["Blood for Blood","Combust"],"picked":"Armaments+1","floor":18},{"not_picked":["Perfected Strike","Combust"],"picked":"Shrug It Off","floor":19},{"not_picked":["Thunderclap","Wild Strike+1","Pommel Strike+1"],"picked":"SKIP","floor":21},{"not_picked":["Anger","Cleave","True Grit"],"picked":"SKIP","floor":22},{"not_picked":["Perfected Strike","Havoc+1","Immolate"],"picked":"SKIP","floor":24},{"not_picked":["Evolve","Shrug It Off"],"picked":"Uppercut","floor":27},{"not_picked":["Whirlwind","Corruption","Armaments"],"picked":"SKIP","floor":27},{"not_picked":["Twin Strike","Pommel Strike+1","Reckless Charge+1"],"picked":"SKIP","floor":29},{"not_picked":["Iron Wave","Clothesline","Inflame"],"picked":"SKIP","floor":29},{"not_picked":["Flex+1","Corruption"],"picked":"Dual Wield","floor":31},{"not_picked":["Feel No Pain","Sword Boomerang","Bloodletting"],"picked":"SKIP","floor":31},{"not_picked":["Limit Break","Feed"],"picked":"Double Tap","floor":33},{"not_picked":["Clothesline+1","Searing Blow+1"],"picked":"Corruption+1","floor":35},{"not_picked":["Clothesline+1","Pommel Strike","Fiend Fire"],"picked":"SKIP","floor":35},{"not_picked":["Twin Strike+1","Pommel Strike","Combust+1"],"picked":"SKIP","floor":38},{"not_picked":["Rupture","Headbutt+1","Infernal Blade"],"picked":"SKIP","floor":38},{"not_picked":["Corruption+1","Wild Strike+1","Havoc"],"picked":"SKIP","floor":39},{"not_picked":["Burning Pact","Pommel Strike","Cleave+1"],"picked":"SKIP","floor":39},{"not_picked":["Headbutt+1","Fire Breathing+1","Perfected Strike+1"],"picked":"SKIP","floor":41},{"not_picked":["Corruption","Body Slam","Power Through"],"picked":"SKIP","floor":41},{"not_picked":["Havoc+1","Flex"],"picked":"Shrug It Off+1","floor":42},{"not_picked":["Twin Strike+1","Rampage"],"picked":"Juggernaut","floor":42},{"not_picked":["Anger+1","Havoc+1"],"picked":"Shrug It Off+1","floor":45},{"not_picked":["Twin Strike","Carnage+1","Clash"],"picked":"SKIP","floor":45},{"not_picked":["Pommel Strike+1","Sever Soul+1"],"picked":"Intimidate","floor":48},{"not_picked":["Wild Strike","Twin Strike"],"picked":"Shrug It Off+1","floor":48}],"player_experience":313085,"relics_obtained":[{"floor":7.0,"key":"Oddly Smooth Stone"},{"floor":9.0,"key":"Red Skull"},{"floor":11.0,"key":"Strawberry"},{"floor":24,"key":"Prayer Wheel"},{"floor":26,"key":"Bottled Flame"},{"floor":43,"key":"Frozen Egg 2"},{"floor":46,"key":"Ice Cream"}],"event_choices":[{"damage_healed":0.0,"max_hp_gain":0.0,"max_hp_loss":0.0,"gold_gain":0.0,"event_name":"Living Wall","player_choice":"Grow","floor":2.0,"gold_loss":0.0,"damage_taken":0.0,"cards_upgraded":["Hemokinesis"]},{"damage_healed":0.0,"max_hp_gain":0.0,"max_hp_loss":0.0,"gold_gain":0.0,"event_name":"Shining Light","player_choice":"Entered Light","floor":4.0,"gold_loss":0.0,"damage_taken":19.0,"cards_upgraded":["Defend_R","Strike_R"]},{"damage_healed":0.0,"max_hp_gain":0.0,"max_hp_loss":0.0,"gold_gain":0.0,"event_name":"Liars Game","player_choice":"Ignored","floor":14.0,"gold_loss":0.0,"damage_taken":0.0},{"damage_healed":0,"gold_gain":0,"player_choice":"CARD ","damage_taken":20,"max_hp_gain":0,"max_hp_loss":0,"event_name":"Knowing Skull","floor":20,"potions_obtained":[],"gold_loss":0,"cards_obtained":["Bandage Up"]},{"damage_healed":0,"gold_gain":0,"cards_transformed":["Defend_R","Strike_R"],"player_choice":"Transformed Cards","damage_taken":0,"max_hp_gain":0,"max_hp_loss":0,"event_name":"Designer","floor":30,"gold_loss":60,"cards_obtained":["Intimidate","Limit Break"]},{"cards_removed":["Strike_R"],"damage_healed":0,"gold_gain":0,"player_choice":"Purged","damage_taken":0,"max_hp_gain":0,"max_hp_loss":0,"event_name":"Purifier","floor":37,"gold_loss":0},{"damage_healed":0,"gold_gain":0,"player_choice":"Fight","damage_taken":0,"max_hp_gain":0,"max_hp_loss":0,"event_name":"Mysterious Sphere","floor":46,"gold_loss":0},{"damage_healed":0,"gold_gain":0,"player_choice":"Ignored","damage_taken":0,"max_hp_gain":0,"max_hp_loss":0,"event_name":"Tomb of Lord Red Mask","floor":47,"gold_loss":0}],"is_beta":false,"boss_relics":[{"not_picked":["Astrolabe","Calling Bell"],"picked":"Orrery"},{"not_picked":["Empty Cage","Runic Pyramid"],"picked":"Sozu"}],"items_purged_floors":[5,28],"is_endless":false,"potions_floor_spawned":[3,10,12,16,22,27,39,41,42,48],"ascension_level":0}