{"gold_per_floor":[112,130,146,166,166,166,205,2,28,40,131,143,179,524,536,672,684,716,748,760],"floor_reached":20,"playtime":1589,"items_purged":[],"score":239,"play_id":"ac170276-2cf0-4879-bb48-4961b74cee48","local_time":"20190320152830","is_ascension_mode":true,"campfire_choices":[{"data":"Neutralize","floor":6,"key":"SMITH"},{"data":"Corpse Explosion","floor":12,"key":"SMITH"},{"floor":15,"key":"REST"}],"neow_cost":"NONE","seed_source_timestamp":1978833831470346,"circlet_count":0,"master_deck":["Defend_G","Defend_G","Defend_G","Defend_G","Defend_G","Strike_G","Strike_G","Strike_G","Strike_G","Strike_G","Survivor","Neutralize+1","Corpse Explosion+1","PiercingWail","Dagger Throw","Bane","Cloak And Dagger","Dodge and Roll","Backflip","Backflip","After Image","Envenom","Noxious Fumes","Dodge and Roll","Cloak And Dagger","Heel Hook+1"],"relics":["Ring of the Snake","Golden Idol","Art of War","TwistedFunnel","MawBank","Ancient Tea Set","Old Coin","Orrery"],"potions_floor_usage":[7,11,20],"damage_taken":[{"damage":0,"enemies":"2 Louse","floor":1,"turns":2},{"damage":6,"enemies":"Small Slimes","floor":2,"turns":3},{"damage":1,"enemies":"Jaw Worm","floor":3,"turns":4},{"damage":4,"enemies":"Blue Slaver","floor":4,"turns":4},{"damage":29,"enemies":"Lagavulin","floor":7,"turns":7},{"damage":9,"enemies":"3 Sentries","floor":11,"turns":3},{"damage":3,"enemies":"3 Louse","floor":13,"turns":3},{"damage":10,"enemies":"3 Sentries","floor":14,"turns":2},{"damage":15,"enemies":"Hexaghost","floor":16,"turns":11},{"damage":23,"enemies":"Shell Parasite","floor":18,"turns":9},{"damage":11,"enemies":"Spheric Guardian","floor":19,"turns":7},{"damage":21,"enemies":"Snake Plant","floor":20,"turns":3}],"seed_played":"-4055988006343877717","potions_obtained":[{"floor":2,"key":"Explosive Potion"},{"floor":3,"key":"PowerPotion"},{"floor":11,"key":"AttackPotion"},{"floor":13,"key":"Explosive Potion"}],"is_trial":false,"path_per_floor":["M","M","M","M","?","R","E","$","T","?","?","R","M","E","R","B",null,"M","M","M"],"character_chosen":"THE_SILENT","items_purchased":["TwistedFunnel"],"campfire_rested":1,"item_purchase_floors":[8],"current_hp_per_floor":[63,57,56,52,52,52,23,23,23,44,35,35,32,22,41,26,55,32,21,0],"gold":760,"neow_bonus":"ONE_RANDOM_RARE_CARD","is_prod":false,"is_daily":false,"chose_seed":false,"campfire_upgraded":2,"win_rate":0,"timestamp":1553110110,"path_taken":["M","M","M","M","?","R","E","$","T","?","?","R","M","E","R","BOSS","M","M","M"],"build_version":"2019-01-23","purchased_purges":0,"victory":false,"max_hp_per_floor":[70,70,70,70,65,65,65,65,65,65,65,65,65,65,65,65,65,65,65,65],"card_choices":[{"not_picked":["Deflect","Calculated Gamble"],"picked":"PiercingWail","floor":1},{"not_picked":["PiercingWail","Reflex"],"picked":"Dagger Throw","floor":2},{"not_picked":["Dash","Reflex"],"picked":"Bane","floor":3},{"not_picked":["Bane","Distraction"],"picked":"Cloak And Dagger","floor":4},{"not_picked":["Malaise","All Out Attack"],"picked":"Dodge and Roll","floor":7},{"not_picked":["Outmaneuver","Skewer"],"picked":"Backflip","floor":11},{"not_picked":["Bane","PiercingWail"],"picked":"Backflip","floor":13},{"not_picked":["Crippling Poison","Heel Hook"],"picked":"After Image","floor":14},{"not_picked":["Malaise","A Thousand Cuts"],"picked":"Envenom","floor":16},{"not_picked":["Well Laid Plans","Dodge and Roll"],"picked":"Noxious Fumes","floor":17},{"not_picked":["Grand Finale","Outmaneuver"],"picked":"Dodge and Roll","floor":17},{"not_picked":["Prepared","Predator"],"picked":"Cloak And Dagger","floor":17},{"not_picked":["Backflip","Blur"],"picked":"Heel Hook+1","floor":18},{"not_picked":["Riddle With Holes+1","Slice","Blur"],"picked":"SKIP","floor":19}],"player_experience":222121,"relics_obtained":[{"floor":7,"key":"Art of War"},{"floor":9,"key":"MawBank"},{"floor":14,"key":"Old Coin"}],"event_choices":[{"damage_healed":0,"gold_gain":0,"player_choice":"Lose Max HP","damage_taken":0,"relics_obtained":["Golden Idol"],"max_hp_gain":0,"max_hp_loss":5,"event_name":"Golden Idol","floor":5,"gold_loss":0},{"damage_healed":21,"gold_gain":0,"player_choice":"Banana","damage_taken":0,"max_hp_gain":0,"max_hp_loss":0,"event_name":"Big Fish","floor":10,"gold_loss":0},{"damage_healed":0,"gold_gain":0,"player_choice":"Searched \u00272\u0027 times","damage_taken":0,"relics_obtained":["Ancient Tea Set"],"max_hp_gain":0,"max_hp_loss":0,"event_name":"Dead Adventurer","floor":11,"gold_loss":0}],"is_beta":false,"boss_relics":[{"not_picked":["Busted Crown","Runic Dome"],"picked":"Orrery"}],"items_purged_floors":[],"is_endless":false,"potions_floor_spawned":[2,3,11,13],"killed_by":"Snake Plant","ascension_level":6}