{"gold_per_floor":[110,110,120,45,56,85,95,95,95,170,170,70,20,50,50,153,153,163,181,96,96,195,212,212,230,255,268,89,108,133,133,133,233,233,244,70,82,136,136,136,136,181,181,181,198,298,298,309,309,309],"floor_reached":50,"playtime":1696,"items_purged":["Strike_R","Defend_R","Injury"],"score":545,"play_id":"3fc1cf92-a3ac-40e6-98fe-f7673092578a","local_time":"20181118105331","is_ascension_mode":false,"campfire_choices":[{"data":"Anger","floor":8,"key":"SMITH"},{"floor":11,"key":"REST"},{"data":"Disarm","floor":15,"key":"SMITH"},{"floor":24,"key":"REST"},{"floor":32,"key":"REST"},{"floor":40,"key":"REST"},{"data":"Bite","floor":47,"key":"PURGE"},{"floor":49,"key":"REST"}],"neow_cost":"NONE","seed_source_timestamp":9705662463974,"circlet_count":0,"master_deck":["Defend_R+1","Defend_R","Defend_R","Bash+1","Spot Weakness","Anger+1","Cleave","Impervious+1","Clash","Disarm+1","Juggernaut","Bite+1","Bite","Bite+1","Bite","Feed","Metallicize","Shrug It Off","Fire Breathing","Limit Break","Ghostly Armor+1","Armaments+1","Fire Breathing+1","Fire Breathing","Body Slam+1","Inflame"],"relics":["Burning Blood","NeowsBlessing","Gremlin Horn","Bottled Lightning","Fusion Hammer","Potion Belt","Omamori","PreservedInsect","Whetstone","Pear","Calling Bell","War Paint","Toxic Egg 2","Nunchaku","WingedGreaves","Dream Catcher","Self Forming Clay","Peace Pipe"],"potions_floor_usage":[6,14,16,25,33,38,44,46,50],"damage_taken":[{"damage":0,"enemies":"Small Slimes","floor":1,"turns":1},{"damage":0,"enemies":"Cultist","floor":3,"turns":1},{"damage":0,"enemies":"2 Louse","floor":5,"turns":1},{"damage":31,"enemies":"Lagavulin","floor":6,"turns":4},{"damage":16,"enemies":"Large Slime","floor":7,"turns":7},{"damage":8,"enemies":"Gremlin Nob","floor":14,"turns":3},{"damage":20,"enemies":"Hexaghost","floor":16,"turns":9},{"damage":10,"enemies":"Spheric Guardian","floor":18,"turns":4},{"damage":0,"enemies":"Chosen","floor":19,"turns":4},{"damage":21,"enemies":"3 Cultists","floor":23,"turns":5},{"damage":16,"enemies":"Snake Plant","floor":25,"turns":3},{"damage":8,"enemies":"Chosen and Byrds","floor":27,"turns":5},{"damage":21,"enemies":"Sentry and Sphere","floor":29,"turns":4},{"damage":30,"enemies":"Book of Stabbing","floor":30,"turns":4},{"damage":101,"enemies":"Collector","floor":33,"turns":11},{"damage":17,"enemies":"3 Darklings","floor":35,"turns":6},{"damage":17,"enemies":"Orb Walker","floor":37,"turns":4},{"damage":74,"enemies":"2 Orb Walkers","floor":38,"turns":8},{"damage":0,"enemies":"Spire Growth","floor":44,"turns":2},{"damage":13,"enemies":"3 Darklings","floor":45,"turns":6},{"damage":13,"enemies":"Mind Bloom Boss Battle","floor":46,"turns":7},{"damage":50,"enemies":"Maw","floor":48,"turns":9},{"damage":118,"enemies":"Donu and Deca","floor":50,"turns":9}],"seed_played":"-2407376026203166391","potions_obtained":[{"floor":5,"key":"SteroidPotion"},{"floor":6,"key":"Ancient Potion"},{"floor":7,"key":"Fire Potion"},{"floor":19,"key":"SmokeBomb"},{"floor":23,"key":"Poison Potion"},{"floor":29,"key":"Energy Potion"},{"floor":35,"key":"Block Potion"},{"floor":45,"key":"SteroidPotion"},{"floor":46,"key":"Explosive Potion"}],"is_trial":false,"path_per_floor":["M","?","M","$","M","E","M","R","T","?","R","$","?","E","R","B",null,"M","M","?","?","?","M","R","M","T","M","$","M","E","T","R","B",null,"M","$","M","?","$","R","?","T","T","M","M","?","R","M","R","B"],"character_chosen":"IRONCLAD","items_purchased":["Metallicize","PreservedInsect","Armaments+1"],"campfire_rested":5,"item_purchase_floors":[28,28,36],"current_hp_per_floor":[80,80,80,80,80,55,45,45,45,34,58,58,58,56,56,44,80,76,80,80,80,80,73,80,74,74,80,80,76,58,68,93,25,93,93,93,84,34,34,61,61,61,61,76,84,89,89,66,95,0],"gold":309,"neow_bonus":"THREE_ENEMY_KILL","is_prod":false,"is_daily":false,"chose_seed":false,"campfire_upgraded":2,"win_rate":0,"timestamp":1542534811,"path_taken":["M","?","?","?","M","E","M","R","T","?","R","$","?","E","R","BOSS","M","M","?","?","?","M","R","M","T","?","?","M","E","?","R","BOSS","M","$","?","?","$","R","?","?","T","?","M","?","R","M","R","BOSS"],"build_version":"2018-11-15","purchased_purges":3,"victory":false,"max_hp_per_floor":[80,80,80,80,80,80,80,80,80,80,80,80,80,80,80,80,80,80,80,80,80,80,80,80,80,80,80,80,83,83,93,93,93,93,93,93,93,93,93,93,93,93,93,93,93,93,93,97,97,97],"card_choices":[{"not_picked":["Sword Boomerang","Searing Blow"],"picked":"Spot Weakness","floor":1},{"not_picked":["Uppercut","Fire Breathing"],"picked":"Anger","floor":3},{"not_picked":["Havoc","Clothesline"],"picked":"Cleave","floor":5},{"not_picked":["Sword Boomerang","Dark Embrace"],"picked":"Impervious","floor":6},{"not_picked":["Havoc","Flex"],"picked":"Clash","floor":7},{"not_picked":["Burning Pact","Carnage"],"picked":"Disarm","floor":14},{"not_picked":["Bludgeon","Fiend Fire"],"picked":"Juggernaut","floor":16},{"not_picked":["Heavy Blade","Clothesline+1","Spot Weakness"],"picked":"SKIP","floor":18},{"not_picked":["Pommel Strike","Feel No Pain","Anger"],"picked":"SKIP","floor":19},{"not_picked":["Thunderclap","Iron Wave+1"],"picked":"Headbutt","floor":23},{"not_picked":["Warcry+1","Body Slam+1","Power Through"],"picked":"SKIP","floor":25},{"not_picked":["Headbutt","Clash"],"picked":"Feed","floor":27},{"not_picked":["Cleave","Rupture"],"picked":"Shrug It Off","floor":29},{"not_picked":["Rage","Thunderclap"],"picked":"Fire Breathing","floor":30},{"not_picked":["Bludgeon","Fiend Fire"],"picked":"Limit Break","floor":33},{"not_picked":["Shrug It Off+1","Evolve+1"],"picked":"Ghostly Armor+1","floor":35},{"not_picked":["Power Through+1","Seeing Red+1"],"picked":"Fire Breathing+1","floor":37},{"not_picked":["Flame Barrier+1","Carnage"],"picked":"Fire Breathing","floor":38},{"not_picked":["Anger","Feel No Pain+1","Pummel"],"picked":"SKIP","floor":45},{"not_picked":["Evolve+1","Heavy Blade"],"picked":"Body Slam+1","floor":48},{"not_picked":["Sword Boomerang","Blood for Blood"],"picked":"Inflame","floor":49}],"player_experience":117006,"relics_obtained":[{"floor":6,"key":"Gremlin Horn"},{"floor":9,"key":"Bottled Lightning"},{"floor":14,"key":"Blood Vial"},{"floor":26,"key":"Omamori"},{"floor":30,"key":"Whetstone"},{"floor":31,"key":"Pear"},{"floor":34,"key":"War Paint"},{"floor":34,"key":"Toxic Egg 2"},{"floor":34,"key":"Nunchaku"},{"floor":38,"key":"WingedGreaves"},{"floor":42,"key":"Dream Catcher"},{"floor":43,"key":"Self Forming Clay"},{"floor":46,"key":"Peace Pipe"}],"event_choices":[{"damage_healed":0,"gold_gain":0,"player_choice":"Upgraded","damage_taken":0,"max_hp_gain":0,"max_hp_loss":0,"event_name":"Upgrade Shrine","floor":2,"gold_loss":0,"cards_upgraded":["Bash"]},{"damage_healed":0,"gold_gain":75,"player_choice":"Gather Gold","damage_taken":11,"max_hp_gain":0,"max_hp_loss":0,"event_name":"World of Goop","floor":10,"gold_loss":0},{"cards_removed":["Strike_R"],"damage_healed":0,"gold_gain":0,"player_choice":"Card Removal","damage_taken":0,"max_hp_gain":0,"max_hp_loss":0,"event_name":"The Cleric","floor":13,"gold_loss":50},{"damage_healed":0,"gold_gain":0,"player_choice":"Obtained Relic","damage_taken":0,"relics_obtained":["Potion Belt"],"max_hp_gain":0,"max_hp_loss":0,"event_name":"Addict","floor":20,"gold_loss":85},{"damage_healed":0,"gold_gain":0,"player_choice":"Became a vampire (Vial)","damage_taken":0,"max_hp_gain":0,"max_hp_loss":0,"event_name":"Vampires","floor":21,"relics_lost":["Blood Vial"],"gold_loss":0,"cards_obtained":["Bite","Bite","Bite","Bite","Bite"]},{"damage_healed":0,"gold_gain":99,"player_choice":"Stole From Cult","damage_taken":0,"max_hp_gain":0,"max_hp_loss":0,"event_name":"Nest","floor":22,"gold_loss":0},{"damage_healed":0,"gold_gain":0,"player_choice":"Fight","damage_taken":0,"max_hp_gain":0,"max_hp_loss":0,"event_name":"Mysterious Sphere","floor":38,"gold_loss":0},{"cards_removed":["Headbutt"],"damage_healed":0,"gold_gain":0,"player_choice":"Removed Attack","damage_taken":0,"max_hp_gain":0,"max_hp_loss":0,"event_name":"Falling","floor":41,"gold_loss":0},{"damage_healed":0,"gold_gain":0,"player_choice":"Fight","damage_taken":0,"max_hp_gain":0,"max_hp_loss":0,"event_name":"MindBloom","floor":46,"gold_loss":0}],"is_beta":false,"boss_relics":[{"not_picked":["Busted Crown","Velvet Choker"],"picked":"Fusion Hammer"},{"not_picked":["Pandora\u0027s Box","Cursed Key"],"picked":"Calling Bell"}],"items_purged_floors":[4,12,36],"is_endless":false,"potions_floor_spawned":[5,6,7,19,23,29,35,44,45,46],"killed_by":"Donu and Deca","ascension_level":0}