{"gold_per_floor":[362,373,392,410,108,108,121,121,146,163,188,188,222,236,236,338,338,351,94,0,0],"floor_reached":21,"playtime":1170,"items_purged":["Strike_B","Defend_B"],"score":229,"play_id":"b042ed01-d02f-45af-9aac-b333cc98f157","local_time":"20190528183612","is_ascension_mode":true,"campfire_choices":[{"data":"Conserve Battery","floor":6.0,"key":"SMITH"},{"data":"Dualcast","floor":8.0,"key":"SMITH"},{"floor":12.0,"key":"REST"},{"floor":15.0,"key":"REST"}],"neow_cost":"PERCENT_DAMAGE","seed_source_timestamp":73361720336700,"circlet_count":0,"master_deck":["Strike_B+1","Strike_B","Strike_B+1","Defend_B","Defend_B","Defend_B","Zap","Dualcast+1","Conserve Battery+1","Capacitor","Barrage","Gash","Go for the Eyes"],"special_seed":0,"relics":["FrozenCore","Whetstone","Bag of Preparation","Orichalcum","Omamori","Oddly Smooth Stone"],"potions_floor_usage":[21],"damage_taken":[{"damage":3.0,"enemies":"Jaw Worm","floor":1.0,"turns":4.0},{"damage":5.0,"enemies":"Small Slimes","floor":2.0,"turns":4.0},{"damage":0.0,"enemies":"Cultist","floor":3.0,"turns":4.0},{"damage":4.0,"enemies":"Blue Slaver","floor":4.0,"turns":4.0},{"damage":9.0,"enemies":"2 Fungi Beasts","floor":7.0,"turns":3.0},{"damage":0.0,"enemies":"Large Slime","floor":10.0,"turns":4.0},{"damage":12.0,"enemies":"Lagavulin","floor":11.0,"turns":8.0},{"damage":27.0,"enemies":"Gremlin Nob","floor":13.0,"turns":4.0},{"damage":9.0,"enemies":"3 Louse","floor":14.0,"turns":3.0},{"damage":23.0,"enemies":"Slime Boss","floor":16.0,"turns":12.0},{"damage":10.0,"enemies":"Spheric Guardian","floor":18.0,"turns":6.0},{"damage":20,"enemies":"Colosseum Slavers","floor":21,"turns":6},{"damage":48,"enemies":"Colosseum Nobs","floor":21,"turns":5}],"seed_played":"-306486243408180928","potions_obtained":[{"floor":2.0,"key":"Fire Potion"},{"floor":3.0,"key":"Poison Potion"},{"floor":4.0,"key":"PowerPotion"},{"floor":16.0,"key":"FearPotion"},{"floor":18.0,"key":"GamblersBrew"}],"is_trial":false,"path_per_floor":["M","M","M","M","$","R","M","R","T","M","E","R","E","M","R","B",null,"M","$","?","?"],"character_chosen":"DEFECT","items_purchased":["Capacitor","Whetstone","Oddly Smooth Stone"],"campfire_rested":2,"item_purchase_floors":[5,5,19],"current_hp_per_floor":[51,46,46,42,42,42,33,33,33,33,21,43,16,7,29,6,75,65,65,65,0],"gold":0,"neow_bonus":"TWO_FIFTY_GOLD","is_prod":false,"is_daily":false,"chose_seed":false,"campfire_upgraded":2,"win_rate":0,"timestamp":1559093772,"path_taken":["M","M","M","M","$","R","M","R","T","M","E","R","E","M","R","BOSS","M","$","?","?"],"build_version":"2019-01-23","purchased_purges":2,"victory":false,"max_hp_per_floor":[75,75,75,75,75,75,75,75,75,75,75,75,75,75,75,75,75,75,75,75,75],"card_choices":[{"not_picked":["Redo","Reprogram","Recycle"],"picked":"SKIP","floor":1.0},{"not_picked":["Genetic Algorithm","Hello World"],"picked":"Conserve Battery","floor":2.0},{"not_picked":["Steam","Stack","Redo"],"picked":"SKIP","floor":3.0},{"not_picked":["Undo","Consume","Genetic Algorithm"],"picked":"SKIP","floor":4.0},{"not_picked":["Creative AI","Leap","Steam"],"picked":"SKIP","floor":7.0},{"not_picked":["Consume","Tempest"],"picked":"Barrage","floor":10.0},{"not_picked":["White Noise","Self Repair","Core Surge"],"picked":"SKIP","floor":11.0},{"not_picked":["Barrage","Amplify"],"picked":"Gash","floor":13.0},{"not_picked":["Redo","White Noise"],"picked":"Go for the Eyes","floor":14.0},{"not_picked":["Force Field","Aggregate","Stack"],"picked":"SKIP","floor":18.0}],"player_experience":101999,"relics_obtained":[{"floor":9.0,"key":"Bag of Preparation"},{"floor":11.0,"key":"Orichalcum"},{"floor":13.0,"key":"Omamori"}],"event_choices":[{"damage_healed":0,"gold_gain":0,"player_choice":"Paid Fearfully","damage_taken":0,"max_hp_gain":0,"max_hp_loss":0,"event_name":"Masked Bandits","floor":20,"gold_loss":94},{"damage_healed":0,"gold_gain":0,"player_choice":"Fight","damage_taken":0,"max_hp_gain":0,"max_hp_loss":0,"event_name":"Colosseum","floor":21,"gold_loss":0},{"damage_healed":0,"gold_gain":0,"player_choice":"Fought Nobs","damage_taken":0,"max_hp_gain":0,"max_hp_loss":0,"event_name":"Colosseum","floor":21,"gold_loss":0}],"is_beta":false,"boss_relics":[{"not_picked":["Snecko Eye","Velvet Choker"],"picked":"FrozenCore"}],"items_purged_floors":[5,19],"is_endless":false,"potions_floor_spawned":[2,3,4,16,18,21],"killed_by":"Colosseum Nobs","ascension_level":4}