{"gold_per_floor":[110,124,27,40,40,40,90,90,90,90,90,110,139,158,158,260,260,274,118,132,163,163,163,179,179,179,211,224,224,241,38,38,133,133,144,44,64,286,166,199,124,124,124,159,159,159,159,176,176,281,281,301,108,122,136,153,183,198,273,319,332,332,352,90,106,106,207,207,217,217,235,251,271,186,186,186,216,216,187,187,201,218,218,322,322,332,88,105,115,125,137,137,137,171,171,171],"floor_reached":96,"playtime":2612,"items_purged":["Corruption","Body Slam","Normality","Regret"],"score":2457,"play_id":"e1a49a6f-06e2-41b5-abee-8dc4f35ce272","local_time":"20180718180124","daily_mods":["Draft","Heirloom","Allstar","Time Dilation","Vintage"],"is_ascension_mode":false,"campfire_choices":[{"data":"Perfected Strike","floor":6,"key":"SMITH"},{"data":"Perfected Strike","floor":8,"key":"SMITH"},{"data":"Flex","floor":15,"key":"SMITH"},{"data":"RitualDagger","floor":23,"key":"SMITH"},{"data":"Limit Break","floor":25,"key":"SMITH"},{"data":"Inflame","floor":32,"key":"SMITH"},{"data":"Heavy Blade","floor":42,"key":"SMITH"},{"data":"Offering","floor":46,"key":"SMITH"},{"floor":49,"key":"DIG"},{"floor":57,"key":"DIG"},{"floor":62,"key":"DIG"},{"floor":66,"key":"DIG"},{"floor":75,"key":"DIG"},{"floor":78,"key":"DIG"},{"floor":83,"key":"DIG"},{"floor":95,"key":"DIG"}],"neow_cost":"","seed_source_timestamp":0,"circlet_count":3,"master_deck":["Perfected Strike+1","Inflame+1","Pommel Strike","Flex+1","Pommel Strike","Heavy Blade+1","Twin Strike","Twin Strike","Perfected Strike+1","Flash of Steel+1","Impervious+1","Limit Break+1","Corruption+1","Whirlwind+1","Sever Soul+1","Swift Strike","Twin Strike","Ghostly Armor+1","RitualDagger+1","Twin Strike","Offering+1","Burning Pact+1","Jack Of All Trades+1","Dual Wield+1","Exhume+1","Flex+1","Swift Strike+1","Flash of Steel+1","Limit Break+1","RitualDagger+1","Twin Strike+1","Inflame+1","Exhume+1","Enlightenment+1","Panache+1","Demon Form+1"],"relics":["Black Blood","Prayer Wheel","Pen Nib","Art of War","Gremlin Horn","Juzu Bracelet","Bottled Lightning","The Courier","Letter Opener","Shovel","Lantern","Du-Vu Doll","Astrolabe","Magic Flower","Sundial","Red Mask","Mummified Hand","Shuriken","Anchor","Boot","Champion Belt","War Paint","Potion Belt","Calling Bell","Regal Pillow","Toxic Egg 2","Gambling Chip","Question Card","Dead Branch","Singing Bowl","Matryoshka","Orichalcum","Torii","Charon\u0027s Ashes","Blood Vial","Bronze Scales","Coffee Dripper","Strawberry","Bottled Flame","Ice Cream","Mercury Hourglass","Tiny Chest","Ancient Tea Set","Dream Catcher","Red Skull","Blue Candle","Whetstone","Odd Mushroom","Peace Pipe","Frozen Egg 2","Oddly Smooth Stone","Vajra","Empty Cage","Bag of Preparation","Molten Egg 2","Dodecahedron","Bottled Tornado","Pear","Ornamental Fan","Darkstone Periapt","Kunai","Pantograph","Smiling Mask","Turnip","Incense Burner","Unceasing Top","Mango","Calipers","Circlet"],"potions_floor_usage":[33],"damage_taken":[{"damage":0,"enemies":"Cultist","floor":1,"turns":3},{"damage":0,"enemies":"Jaw Worm","floor":2,"turns":2},{"damage":0,"enemies":"2 Louse","floor":4,"turns":2},{"damage":0,"enemies":"Exordium Wildlife","floor":12,"turns":1},{"damage":16,"enemies":"3 Sentries","floor":13,"turns":3},{"damage":0,"enemies":"Red Slaver","floor":14,"turns":1},{"damage":35,"enemies":"Slime Boss","floor":16,"turns":5},{"damage":10,"enemies":"Chosen","floor":18,"turns":2},{"damage":12,"enemies":"Shell Parasite","floor":20,"turns":2},{"damage":0,"floor":21,"turns":2},{"damage":0,"enemies":"3 Cultists","floor":24,"turns":2},{"damage":26,"enemies":"Book of Stabbing","floor":27,"turns":3},{"damage":0,"enemies":"Snecko","floor":28,"turns":2},{"damage":0,"enemies":"Cultist and Chosen","floor":30,"turns":2},{"damage":18,"enemies":"Collector","floor":33,"turns":4},{"damage":0,"enemies":"Flame Bruiser 1 Orb","floor":35,"turns":2},{"damage":0,"enemies":"3 Shapes","floor":37,"turns":1},{"damage":4,"enemies":"2 Orb Walkers","floor":40,"turns":2},{"damage":4,"enemies":"Nemesis","floor":44,"turns":1},{"damage":25,"floor":45,"turns":2},{"damage":0,"enemies":"Flame Bruiser 2 Orb","floor":48,"turns":1},{"damage":23,"enemies":"Awakened One","floor":50,"turns":4},{"damage":4,"enemies":"Small Slimes","floor":52,"turns":1},{"damage":0,"enemies":"Jaw Worm","floor":54,"turns":1},{"damage":0,"enemies":"Cultist","floor":55,"turns":1},{"damage":0,"enemies":"Exordium Thugs","floor":56,"turns":1},{"damage":0,"enemies":"3 Louse","floor":58,"turns":1},{"damage":0,"enemies":"Red Slaver","floor":61,"turns":1},{"damage":0,"floor":63,"turns":1},{"damage":0,"enemies":"Looter","floor":65,"turns":1},{"damage":0,"enemies":"Slime Boss","floor":67,"turns":1},{"damage":0,"enemies":"Shell Parasite","floor":69,"turns":1},{"damage":0,"enemies":"Chosen","floor":71,"turns":1},{"damage":0,"enemies":"Slaver and Parasite","floor":72,"turns":1},{"damage":0,"enemies":"Chosen and Byrds","floor":73,"turns":1},{"damage":4,"enemies":"Slavers","floor":77,"turns":1},{"damage":4,"enemies":"3 Cultists","floor":81,"turns":1},{"damage":0,"enemies":"Sentry and Sphere","floor":82,"turns":1},{"damage":5,"enemies":"Champ","floor":84,"turns":2},{"damage":0,"enemies":"3 Shapes","floor":86,"turns":1},{"damage":0,"enemies":"Orb Walker","floor":88,"turns":1},{"damage":0,"enemies":"Sphere and 2 Shapes","floor":89,"turns":1},{"damage":0,"enemies":"Maw","floor":90,"turns":1},{"damage":0,"enemies":"Flame Bruiser 2 Orb","floor":91,"turns":1},{"damage":0,"enemies":"Giant Head","floor":94,"turns":2},{"damage":0,"enemies":"3 Darklings","floor":96,"turns":1}],"seed_played":"5561162957550599045","potions_obtained":[{"floor":1,"key":"Poison Potion"},{"floor":4,"key":"Weak Potion"},{"floor":16,"key":"Strength Potion"},{"floor":20,"key":"Weak Potion"},{"floor":45,"key":"Strength Potion"},{"floor":48,"key":"Dexterity Potion"},{"floor":50,"key":"Block Potion"},{"floor":67,"key":"Fruit Juice"},{"floor":69,"key":"BloodPotion"},{"floor":81,"key":"BloodPotion"}],"is_trial":true,"path_per_floor":["M","M","$","M","?","R","T","R","T","?","?","M","E","M","R","B",null,"M","$","M","?","?","R","M","R","T","E","M","?","M","$","R","B",null,"M","$","M","?","$","E","$","R","T","E","?","R","?","M","R","B",null,"M","$","M","M","M","R","M","?","T","M","R","?","$","M","R","B",null,"M","$","M","M","M","?","R","?","E","R","$","?","M","M","R","B",null,"M","$","M","M","M","M","?","?","E","R"],"character_chosen":"IRONCLAD","items_purchased":["Flash of Steel","Swift Strike","Twin Strike","War Paint","Jack Of All Trades+1","Flex+1","Swift Strike","Flash of Steel","Warcry+1","Peace Pipe","Inflame+1","Unceasing Top"],"campfire_rested":0,"item_purchase_floors":[3,19,19,31,41,53,53,53,64,64,79,87],"current_hp_per_floor":[80,80,80,80,80,80,80,80,80,85,82,85,75,81,81,52,85,81,81,78,85,79,79,85,85,85,68,77,77,85,85,85,76,85,85,85,85,85,85,85,85,85,85,85,71,71,71,80,80,74,87,94,94,94,94,94,94,94,83,83,94,94,96,96,96,96,96,96,96,96,96,96,96,106,106,100,106,106,106,106,106,106,106,106,106,106,106,120,120,120,120,112,112,122,122,122],"gold":171,"neow_bonus":"","is_prod":false,"is_daily":false,"chose_seed":false,"campfire_upgraded":8,"win_rate":0,"timestamp":1531904484,"path_taken":["M","M","$","M","?","R","?","R","T","?","?","M","E","M","R","BOSS","M","$","M","?","?","R","M","R","T","E","M","?","M","$","R","BOSS","M","$","M","?","?","E","$","R","T","E","?","R","?","M","R","BOSS","M","$","M","M","M","R","M","?","T","M","R","?","$","M","R","BOSS","M","$","M","M","M","?","R","?","E","R","$","?","M","M","R","BOSS","M","$","M","M","M","M","?","?","E","R","M"],"build_version":"2018-07-12","purchased_purges":4,"victory":false,"max_hp_per_floor":[80,80,80,80,80,80,80,80,80,85,85,85,85,85,85,85,85,85,85,85,85,85,85,85,85,85,85,85,85,85,85,85,85,85,85,85,85,85,85,85,85,85,85,85,87,87,87,87,87,87,87,94,94,94,94,94,94,94,94,94,94,94,96,96,96,96,96,96,96,96,96,96,96,106,106,106,106,106,106,106,106,106,106,106,106,106,106,120,120,120,120,122,122,122,122,122],"card_choices":[{"not_picked":["Cleave","Intimidate"],"picked":"Sword Boomerang","floor":0},{"not_picked":["Armaments","Thunderclap"],"picked":"Perfected Strike","floor":0},{"not_picked":["Thunderclap","Rupture"],"picked":"Inflame","floor":0},{"not_picked":["Wild Strike","Clothesline"],"picked":"Pommel Strike","floor":0},{"not_picked":["Clothesline","Sever Soul"],"picked":"Flex","floor":0},{"not_picked":["Shockwave","True Grit"],"picked":"Pommel Strike","floor":0},{"not_picked":["Clash","Thunderclap"],"picked":"Disarm","floor":0},{"not_picked":["Havoc","Shrug It Off"],"picked":"Heavy Blade","floor":0},{"not_picked":["Combust","Clothesline"],"picked":"Flame Barrier","floor":0},{"not_picked":["Heavy Blade","Havoc"],"picked":"Entrench","floor":0},{"not_picked":["Havoc","Entrench"],"picked":"Sentinel","floor":0},{"not_picked":["Warcry","Rage"],"picked":"Twin Strike","floor":0},{"not_picked":["Metallicize","Sword Boomerang"],"picked":"Corruption","floor":0},{"not_picked":["Bloodletting","Pummel"],"picked":"Twin Strike","floor":0},{"not_picked":["Anger","Pommel Strike"],"picked":"Perfected Strike","floor":0},{"not_picked":["Reckless Charge","Cleave"],"picked":"Body Slam","floor":13},{"not_picked":["Feed","Bludgeon"],"picked":"Limit Break","floor":16},{"not_picked":["Combust","Rupture"],"picked":"Ghostly Armor","floor":21},{"not_picked":["Anger","Thunderclap+1"],"picked":"Twin Strike","floor":27},{"not_picked":["Reaper","Feed"],"picked":"Offering","floor":33},{"not_picked":["Metallicize","Pommel Strike","Power Through+1"],"picked":"Burning Pact+1","floor":40},{"not_picked":["Clothesline","Wild Strike","Rampage"],"picked":"Dual Wield+1","floor":44},{"not_picked":["Cleave","Sword Boomerang+1","Thunderclap+1","Shockwave+1"],"picked":"Singing Bowl","floor":45},{"not_picked":["Berserk","Juggernaut","Brutality"],"picked":"Exhume+1","floor":50},{"not_picked":["Pommel Strike","Iron Wave","Battle Trance+1","Metallicize"],"picked":"Singing Bowl","floor":63},{"not_picked":["Brutality+1","Bludgeon","Barricade+1"],"picked":"Limit Break+1","floor":67},{"not_picked":["Burning Pact+1","Sentinel+1","Wild Strike+1"],"picked":"Twin Strike+1","floor":77},{"not_picked":["Immolate+1","Dark Embrace+1","Juggernaut+1"],"picked":"Exhume+1","floor":84},{"not_picked":["Bandage Up+1","Trip+1","Dark Shackles+1"],"picked":"Enlightenment+1","floor":92},{"not_picked":["Master of Strategy+1","Thinking Ahead+1","Enlightenment+1","Dramatic Entrance+1"],"picked":"Singing Bowl","floor":92},{"not_picked":["Purity+1","Panacea+1","Good Instincts+1"],"picked":"Panache+1","floor":92},{"not_picked":["Pommel Strike+1","Anger+1","Sentinel+1"],"picked":"Demon Form+1","floor":94}],"player_experience":200433,"relics_obtained":[{"floor":1,"key":"Pen Nib"},{"floor":2,"key":"Art of War"},{"floor":4,"key":"Gremlin Horn"},{"floor":7,"key":"Juzu Bracelet"},{"floor":9,"key":"Bottled Lightning"},{"floor":12,"key":"Letter Opener"},{"floor":13,"key":"Shovel"},{"floor":14,"key":"Lantern"},{"floor":16,"key":"Du-Vu Doll"},{"floor":18,"key":"Magic Flower"},{"floor":20,"key":"Sundial"},{"floor":21,"key":"Red Mask"},{"floor":24,"key":"Mummified Hand"},{"floor":26,"key":"Shuriken"},{"floor":27,"key":"Anchor"},{"floor":28,"key":"Boot"},{"floor":30,"key":"Champion Belt"},{"floor":33,"key":"Potion Belt"},{"floor":34,"key":"Regal Pillow"},{"floor":34,"key":"Toxic Egg 2"},{"floor":34,"key":"Gambling Chip"},{"floor":35,"key":"Question Card"},{"floor":37,"key":"Dead Branch"},{"floor":40,"key":"Singing Bowl"},{"floor":43,"key":"Matryoshka"},{"floor":44,"key":"Orichalcum"},{"floor":45,"key":"Torii"},{"floor":48,"key":"Charon\u0027s Ashes"},{"floor":49,"key":"Blood Vial"},{"floor":50,"key":"Bronze Scales"},{"floor":52,"key":"Strawberry"},{"floor":54,"key":"Bottled Flame"},{"floor":55,"key":"Ice Cream"},{"floor":56,"key":"Mercury Hourglass"},{"floor":57,"key":"Tiny Chest"},{"floor":58,"key":"Ancient Tea Set"},{"floor":60,"key":"Dream Catcher"},{"floor":60,"key":"Red Skull"},{"floor":61,"key":"Blue Candle"},{"floor":62,"key":"Whetstone"},{"floor":63,"key":"Odd Mushroom"},{"floor":65,"key":"Frozen Egg 2"},{"floor":66,"key":"Oddly Smooth Stone"},{"floor":67,"key":"Vajra"},{"floor":69,"key":"Bag of Preparation"},{"floor":71,"key":"Molten Egg 2"},{"floor":72,"key":"Dodecahedron"},{"floor":73,"key":"Bottled Tornado"},{"floor":75,"key":"Ornamental Fan"},{"floor":78,"key":"Darkstone Periapt"},{"floor":81,"key":"Kunai"},{"floor":82,"key":"Pantograph"},{"floor":83,"key":"Smiling Mask"},{"floor":84,"key":"Turnip"},{"floor":86,"key":"Incense Burner"},{"floor":88,"key":"Mango"},{"floor":89,"key":"Calipers"},{"floor":90,"key":"Circlet"},{"floor":91,"key":"Circlet"},{"floor":95,"key":"Circlet"}],"event_choices":[{"event_name":"Living Wall","player_choice":"Change","floor":5,"damage_taken":0},{"event_name":"Big Fish","player_choice":"Donut","floor":10,"damage_taken":0},{"event_name":"Scrap Ooze","player_choice":"success","floor":11,"damage_taken":3},{"event_name":"Masked Bandits","player_choice":"Fought over 132 gold","floor":21,"damage_taken":0},{"event_name":"Nest","player_choice":"Joined the Cult","floor":22,"damage_taken":0},{"event_name":"Back to Basics","player_choice":"Elegance","floor":29,"damage_taken":0},{"event_name":"Tomb of Lord Red Mask","player_choice":"Wore Mask","floor":38,"damage_taken":0},{"event_name":"MindBloom","player_choice":"Fight","floor":45,"damage_taken":0},{"event_name":"The Woman in Blue","player_choice":"Bought 0 Potions","floor":47,"damage_taken":0},{"event_name":"World of Goop","player_choice":"Gather Gold","floor":59,"damage_taken":0},{"event_name":"Mushrooms","player_choice":"Fought Mushrooms","floor":63,"damage_taken":0},{"event_name":"Addict","player_choice":"Obtained Relic","floor":74,"damage_taken":0},{"event_name":"Nest","player_choice":"Joined the Cult","floor":76,"damage_taken":0},{"event_name":"Vampires","player_choice":"Ignored","floor":80,"damage_taken":0},{"event_name":"SensoryStone","player_choice":"Memory 3","floor":92,"damage_taken":0},{"event_name":"Upgrade Shrine","player_choice":"Upgraded","floor":93,"damage_taken":0}],"boss_relics":[{"not_picked":["Empty Cage","Snecko Eye"],"picked":"Astrolabe"},{"not_picked":["White Beast Statue","Runic Pyramid"],"picked":"Calling Bell"},{"not_picked":["Runic Cube","Fusion Hammer"],"picked":"Coffee Dripper"},{"not_picked":["Fusion Hammer","Snecko Eye"],"picked":"Empty Cage"},{"not_picked":["Tiny House","Lizard Tail"],"picked":"Black Blood"}],"items_purged_floors":[19,31,36,39],"is_endless":true,"potions_floor_spawned":[1,4,16,20,21,27,45,48,50,52,65,67,69,81,86,90],"killed_by":"3 Darklings","ascension_level":0}