{"gold_per_floor":[118,166,116,5,18,49,49,49,73,88,120,136,136,36,36,132,132,149,165,179,179,179],"floor_reached":22,"playtime":665,"items_purged":["Strike_B","Defend_B"],"score":219,"play_id":"87d62e5a-597a-4794-a787-148cc92c8017","local_time":"20180704204236","is_ascension_mode":false,"campfire_choices":[{"floor":7,"key":"REST"},{"floor":15,"key":"REST"}],"neow_cost":"","seed_source_timestamp":207738265737241,"circlet_count":0,"master_deck":["Zap","Dualcast","Chaos+1","Defragment","Thunder Strike","Hologram","Ball Lightning","Multi-Cast","Hologram","Rebound","Gash","Capacitor","Double Energy","Self Repair+1","Sunder+1","Bite","Bite","Bite","Bite","Bite"],"relics":["Cracked Core","Strawberry","Happy Flower","Bronze Scales","Ancient Tea Set","Pandora\u0027s Box"],"potions_floor_usage":[6,16,19,20],"damage_taken":[{"damage":1,"enemies":"Cultist","floor":1,"turns":3},{"damage":5,"enemies":"2 Louse","floor":5,"turns":3},{"damage":35,"enemies":"3 Sentries","floor":6,"turns":8},{"damage":11,"enemies":"Jaw Worm","floor":10,"turns":3},{"damage":21,"enemies":"Lagavulin","floor":11,"turns":5},{"damage":13,"enemies":"Exordium Thugs","floor":12,"turns":4},{"damage":9,"enemies":"Slime Boss","floor":16,"turns":8},{"damage":14,"enemies":"3 Byrds","floor":18,"turns":3},{"damage":11,"enemies":"2 Thieves","floor":19,"turns":3},{"damage":42,"enemies":"Centurion and Healer","floor":20,"turns":4},{"damage":42,"enemies":"3 Cultists","floor":22,"turns":3}],"seed_played":"-625738413821188872","potions_obtained":[{"floor":5,"key":"Swift Potion"},{"floor":11,"key":"Poison Potion"},{"floor":12,"key":"Strength Potion"},{"floor":19,"key":"PowerPotion"}],"is_trial":false,"path_per_floor":["M","T","?","$","M","E","R","$","T","M","E","M","?","$","R","B",null,"M","M","M","?"],"character_chosen":"DEFECT","items_purchased":["Defragment"],"campfire_rested":2,"item_purchase_floors":[4],"current_hp_per_floor":[74,81,81,81,76,41,65,65,65,54,33,20,20,20,44,35,82,68,67,35,35,0],"gold":179,"neow_bonus":"","is_prod":false,"is_daily":false,"chose_seed":false,"campfire_upgraded":0,"win_rate":0,"timestamp":1530729756,"path_taken":["M","?","?","?","M","E","R","$","T","?","E","?","?","$","R","BOSS","M","M","?","?","M"],"build_version":"2018-06-28","purchased_purges":2,"victory":false,"max_hp_per_floor":[75,82,82,82,82,82,82,82,82,82,82,82,82,82,82,82,82,82,82,82,57,57],"card_choices":[{"not_picked":["Leap","Hologram"],"picked":"Chaos","floor":1},{"not_picked":["Barrage","Coolheaded","Sweeping Beam"],"picked":"SKIP","floor":5},{"not_picked":["Skim","Blizzard"],"picked":"Thunder Strike","floor":6},{"not_picked":["Coolheaded","Gash"],"picked":"Hologram","floor":10},{"not_picked":["Recycle","Beam Cell"],"picked":"Ball Lightning","floor":11},{"not_picked":["Barrage","Recycle","Hologram"],"picked":"SKIP","floor":12},{"not_picked":["Meteor Strike","Seek"],"picked":"Multi-Cast","floor":16},{"not_picked":["Ball Lightning+1","Conserve Battery"],"picked":"Self Repair+1","floor":18},{"not_picked":["Coolheaded","Melter"],"picked":"Sunder+1","floor":19},{"not_picked":["Aggregate","Hologram","Streamline"],"picked":"SKIP","floor":20}],"player_experience":74681,"relics_obtained":[{"floor":2,"key":"Strawberry"},{"floor":6,"key":"Happy Flower"},{"floor":9,"key":"Bronze Scales"},{"floor":11,"key":"Ancient Tea Set"}],"event_choices":[{"event_name":"The Cleric","player_choice":"Card Removal","floor":3,"damage_taken":0},{"event_name":"Living Wall","player_choice":"Grow","floor":13,"damage_taken":0},{"event_name":"Vampires","player_choice":"Became a vampire","floor":21,"damage_taken":0}],"boss_relics":[{"not_picked":["Fusion Hammer","Tiny House"],"picked":"Pandora\u0027s Box"}],"items_purged_floors":[4,14],"is_endless":false,"potions_floor_spawned":[5,11,12,19],"killed_by":"3 Cultists","ascension_level":0}