{"gold_per_floor":[112,132,132,143,143,143,169,169,169,169,169,179,192,205,205,303,303,315,230,230,241,166,182,195,195],"floor_reached":25,"playtime":1111,"items_purged":["Defend_B"],"score":195,"play_id":"d535c411-693d-407e-8846-27b1bc2b790e","local_time":"20180714192453","is_ascension_mode":false,"campfire_choices":[{"data":"Zap","floor":6,"key":"SMITH"},{"data":"Redo","floor":8,"key":"SMITH"},{"data":"Glacier","floor":11,"key":"SMITH"},{"data":"Consume","floor":15,"key":"SMITH"}],"neow_cost":"NONE","seed_source_timestamp":168003149438548,"circlet_count":0,"master_deck":["Strike_B","Strike_B","Strike_B","Strike_B","Defend_B","Defend_B","Zap+1","Dualcast","Chaos","White Noise","Glacier+1","Redo+1","Coolheaded","Conserve Battery","Consume+1","Echo Form","Chill","Double Energy","Stack+1"],"relics":["Cracked Core","Odd Mushroom","Dodecahedron","Runic Dome","Blood Vial"],"potions_floor_usage":[12,16,16,23,25],"damage_taken":[{"damage":12,"enemies":"Small Slimes","floor":1,"turns":3},{"damage":12,"enemies":"2 Louse","floor":2,"turns":3},{"damage":1,"enemies":"Cultist","floor":4,"turns":3},{"damage":5,"floor":7,"turns":5},{"damage":12,"enemies":"2 Fungi Beasts","floor":12,"turns":3},{"damage":0,"enemies":"Blue Slaver","floor":13,"turns":3},{"damage":0,"enemies":"3 Louse","floor":14,"turns":4},{"damage":27,"enemies":"Hexaghost","floor":16,"turns":10},{"damage":10,"enemies":"Spheric Guardian","floor":18,"turns":4},{"damage":21,"enemies":"3 Byrds","floor":21,"turns":6},{"damage":21,"enemies":"Centurion and Healer","floor":23,"turns":9},{"damage":32,"enemies":"Slaver and Parasite","floor":24,"turns":6},{"damage":9,"enemies":"Slavers","floor":25,"turns":4}],"seed_played":"-7454852626132533514","potions_obtained":[{"floor":1,"key":"EntropicBrew"},{"floor":2,"key":"SteroidPotion"},{"floor":21,"key":"SkillPotion"},{"floor":23,"key":"FocusPotion"}],"is_trial":false,"path_per_floor":["M","M","?","M","?","R","?","R","T","?","R","M","M","M","R","B",null,"M","?","?","M","$","M","M"],"character_chosen":"DEFECT","items_purchased":[],"campfire_rested":0,"item_purchase_floors":[],"current_hp_per_floor":[63,51,44,43,48,48,43,43,43,43,43,38,38,38,38,11,80,77,77,69,50,50,31,1,0],"gold":195,"neow_bonus":"TRANSFORM_CARD","is_prod":false,"is_daily":false,"chose_seed":false,"campfire_upgraded":4,"win_rate":0.0,"timestamp":1531563893,"path_taken":["M","M","?","M","?","R","?","R","T","?","R","?","M","M","R","BOSS","M","?","?","?","?","M","M","E"],"build_version":"2018-07-12","purchased_purges":1,"victory":false,"max_hp_per_floor":[75,75,75,75,80,80,80,80,80,80,80,80,80,80,80,80,80,80,80,80,80,80,80,80,80],"card_choices":[{"not_picked":["Streamline","Hologram"],"picked":"Chaos","floor":1},{"not_picked":["Go for the Eyes","Leap"],"picked":"White Noise","floor":2},{"not_picked":["Beam Cell","Rip and Tear"],"picked":"Glacier","floor":4},{"not_picked":["Hologram","Stack"],"picked":"Redo","floor":7},{"not_picked":["Gash","Conserve Battery"],"picked":"Coolheaded","floor":12},{"not_picked":["Reprogram","Barrage"],"picked":"Conserve Battery","floor":13},{"not_picked":["Steam","Go for the Eyes"],"picked":"Consume","floor":14},{"not_picked":["Rainbow","Creative AI"],"picked":"Echo Form","floor":16},{"not_picked":["Gash","Coolheaded"],"picked":"Chill","floor":18},{"not_picked":["Rip and Tear","Cold Snap"],"picked":"Double Energy","floor":21},{"not_picked":["Heatsinks+1","Static Discharge","Storm"],"picked":"SKIP","floor":23},{"not_picked":["Conserve Battery","Rip and Tear"],"picked":"Stack+1","floor":24}],"player_experience":159614,"relics_obtained":[{"floor":7,"key":"Odd Mushroom"},{"floor":9,"key":"Dodecahedron"}],"event_choices":[{"event_name":"Golden Wing","player_choice":"Card Removal","floor":3,"damage_taken":0},{"event_name":"Big Fish","player_choice":"Donut","floor":5,"damage_taken":0},{"event_name":"Mushrooms","player_choice":"Fought Mushrooms","floor":7,"damage_taken":0},{"event_name":"Liars Game","player_choice":"disagreed","floor":10,"damage_taken":0},{"event_name":"Addict","player_choice":"Obtained Relic","floor":19,"damage_taken":0},{"event_name":"Wheel of Change","player_choice":"Damage","floor":20,"damage_taken":0}],"boss_relics":[{"not_picked":["Snecko Eye","Ectoplasm"],"picked":"Runic Dome"}],"items_purged_floors":[22],"is_endless":false,"potions_floor_spawned":[1,2,13,21,23],"killed_by":"Slavers","ascension_level":0}