{"gold_per_floor":[119,129,129,143,218,218,251,61,61,96,96,116,116,41,41,139,139,152,152,152,162,177,177,92,92,92,92,69,69,84,102,102,200,200,219,63,63,74,74,109,131,143,155,181,212,244,256,279,291,303],"floor_reached":50,"playtime":4576,"items_purged":["Defend_B"],"score":682,"play_id":"7191886d-8487-476d-a197-ae7e35f528d9","local_time":"20190421161608","is_ascension_mode":false,"campfire_choices":[{"floor":6.0,"key":"REST"},{"floor":13.0,"key":"REST"},{"data":"Heatsinks","floor":15.0,"key":"SMITH"},{"data":"Double Energy","floor":23.0,"key":"SMITH"},{"data":"Tempest","floor":29.0,"key":"SMITH"},{"data":"Double Energy","floor":32.0,"key":"SMITH"},{"data":"Scrape","floor":42,"key":"SMITH"},{"data":"Ghostly","floor":47,"key":"SMITH"},{"data":"Lockon","floor":49,"key":"SMITH"}],"neow_cost":"NONE","seed_source_timestamp":924466791220432,"circlet_count":0,"master_deck":["Zap","Dualcast","Biased Cognition","Ball Lightning","Melter","Heatsinks+1","Scrape+1","Lockon+1","Iron Wave","Tempest+1","Multi-Cast+1","Ball Lightning+1","Bite","Bite","Bite","Bite","Bite","Beam Cell","Ball Lightning+1","Ball Lightning","Double Energy+1","Ghostly","Ghostly","Ghostly","Ghostly","Ghostly+1","Ball Lightning","Redo+1","Double Energy+1","Rebound","Self Repair+1","Echo Form","All For One+1","Undo+1","Shame","Loop+1","Ball Lightning+1","White Noise+1","Double Energy+1","Rebound+1","Biased Cognition","FTL+1","Rebound+1","Scrape+1","Beam Cell+1","BootSequence+1"],"special_seed":0,"relics":["Cracked Core","FossilizedHelix","PreservedInsect","Chemical X","Ice Cream","Boot","Cursed Key","Prayer Wheel","Centennial Puzzle","Thread and Needle","Astrolabe","Orichalcum","MawBank"],"potions_floor_usage":[46,46,46,50],"damage_taken":[{"damage":2.0,"enemies":"Jaw Worm","floor":1.0,"turns":4.0},{"damage":0.0,"enemies":"Small Slimes","floor":2.0,"turns":2.0},{"damage":0.0,"enemies":"2 Louse","floor":4.0,"turns":2.0},{"damage":31.0,"enemies":"3 Sentries","floor":7.0,"turns":6.0},{"damage":0.0,"enemies":"Lagavulin","floor":10.0,"turns":5.0},{"damage":1.0,"enemies":"Exordium Thugs","floor":12.0,"turns":3.0},{"damage":21.0,"enemies":"Hexaghost","floor":16.0,"turns":7.0},{"damage":15.0,"enemies":"2 Thieves","floor":18.0,"turns":3.0},{"damage":21.0,"enemies":"3 Byrds","floor":21.0,"turns":4.0},{"damage":0.0,"enemies":"Centurion and Healer","floor":22.0,"turns":3.0},{"damage":0.0,"enemies":"Snecko","floor":30.0,"turns":3.0},{"damage":0.0,"enemies":"Snake Plant","floor":31.0,"turns":3.0},{"damage":0.0,"enemies":"Collector","floor":33.0,"turns":8.0},{"damage":0,"enemies":"Orb Walker","floor":35,"turns":2},{"damage":5,"enemies":"3 Shapes","floor":38,"turns":2},{"damage":0,"enemies":"Reptomancer","floor":40,"turns":5},{"damage":0,"enemies":"Sphere and 2 Shapes","floor":41,"turns":4},{"damage":0,"enemies":"Jaw Worm Horde","floor":44,"turns":4},{"damage":0,"enemies":"3 Darklings","floor":45,"turns":4},{"damage":13,"enemies":"4 Shapes","floor":46,"turns":5},{"damage":0,"enemies":"Spire Growth","floor":48,"turns":3},{"damage":29,"enemies":"Donu and Deca","floor":50,"turns":4}],"seed_played":"-6233205036712940552","potions_obtained":[{"floor":4.0,"key":"SkillPotion"},{"floor":10.0,"key":"SpeedPotion"},{"floor":12.0,"key":"GamblersBrew"},{"floor":21.0,"key":"Weak Potion"},{"floor":27.0,"key":"PowerPotion"},{"floor":40,"key":"Dexterity Potion"},{"floor":45,"key":"PowerPotion"},{"floor":48,"key":"Strength Potion"}],"is_trial":false,"path_per_floor":["M","M","?","M","?","R","E","$","T","E","?","M","R","$","R","B",null,"M","?","?","M","M","R","?","?","T","?","$","R","M","M","R","B",null,"M","$","?","M","$","E","M","R","T","M","M","M","R","M","R","B"],"character_chosen":"DEFECT","items_purchased":["Chemical X","Ball Lightning","Orichalcum"],"campfire_rested":2,"item_purchase_floors":[8,28,36],"current_hp_per_floor":[73,73,61,61,50,72,41,41,41,41,41,40,62,62,62,41,75,60,60,52,43,51,51,51,26,26,26,26,26,26,26,26,26,26,26,26,26,23,23,26,26,26,26,26,26,16,16,20,20,0],"gold":303,"neow_bonus":"ONE_RANDOM_RARE_CARD","is_prod":false,"is_daily":false,"chose_seed":false,"campfire_upgraded":7,"win_rate":0.0,"timestamp":1555888568,"path_taken":["M","M","?","M","?","R","E","?","T","E","?","?","R","$","R","BOSS","M","?","?","M","M","R","?","?","T","?","$","R","M","M","R","BOSS","M","$","?","M","$","E","M","R","T","?","M","M","R","M","R","BOSS"],"build_version":"2019-01-23","purchased_purges":1,"victory":false,"max_hp_per_floor":[75,75,75,75,75,75,75,75,75,75,75,75,75,75,75,75,75,75,75,52,52,52,52,52,26,26,26,26,26,26,26,26,26,26,26,26,26,26,26,26,26,26,26,26,26,26,26,26,26,26],"card_choices":[{"not_picked":["Streamline","Steam"],"picked":"Ball Lightning","floor":1.0},{"not_picked":["Sweeping Beam","Gash"],"picked":"Melter","floor":2.0},{"not_picked":["Coolheaded","Barrage"],"picked":"Heatsinks","floor":4.0},{"not_picked":["Multi-Cast","Blizzard"],"picked":"Scrape","floor":7.0},{"not_picked":["Streamline","Auto Shields"],"picked":"Lockon","floor":10.0},{"not_picked":["Consume","Chill"],"picked":"Tempest","floor":12.0},{"not_picked":["Reboot","Rainbow"],"picked":"Multi-Cast","floor":16.0},{"not_picked":["Compile Driver","Auto Shields"],"picked":"Ball Lightning+1","floor":18.0},{"not_picked":["Rebound","Aggregate"],"picked":"Beam Cell","floor":21.0},{"not_picked":["White Noise","Sweeping Beam"],"picked":"Ball Lightning+1","floor":21.0},{"not_picked":["Fission","Force Field+1"],"picked":"Ball Lightning","floor":22.0},{"not_picked":["Leap","Aggregate"],"picked":"Double Energy","floor":22.0},{"not_picked":["Steam","Rip and Tear+1"],"picked":"Redo+1","floor":30.0},{"not_picked":["Steam","Blizzard"],"picked":"Double Energy","floor":30.0},{"not_picked":["Steam Power","Thunder Strike"],"picked":"Rebound","floor":31.0},{"not_picked":["Gash","Leap"],"picked":"Self Repair+1","floor":31.0},{"not_picked":["Buffer","Creative AI"],"picked":"Echo Form","floor":33.0},{"not_picked":["Hologram+1","Aggregate+1"],"picked":"Loop+1","floor":35},{"not_picked":["Storm","Heatsinks"],"picked":"Ball Lightning+1","floor":35},{"not_picked":["Sweeping Beam+1","Ball Lightning"],"picked":"White Noise+1","floor":38},{"not_picked":["Compile Driver","Coolheaded"],"picked":"Double Energy+1","floor":38},{"not_picked":["Genetic Algorithm+1","Gash+1"],"picked":"Rebound+1","floor":40},{"not_picked":["Streamline","Steam Power+1"],"picked":"Biased Cognition","floor":41},{"not_picked":["Gash","Stack","Steam"],"picked":"SKIP","floor":41},{"not_picked":["Storm+1","Lockon+1"],"picked":"FTL+1","floor":44},{"not_picked":["Fusion","Ball Lightning","Hologram+1"],"picked":"SKIP","floor":44},{"not_picked":["Barrage","Hologram"],"picked":"Rebound+1","floor":45},{"not_picked":["Streamline+1","Cold Snap+1","Steam+1"],"picked":"SKIP","floor":45},{"not_picked":["Barrage+1","Creative AI"],"picked":"Scrape+1","floor":46},{"not_picked":["Redo","Hologram+1"],"picked":"Beam Cell+1","floor":46},{"not_picked":["Go for the Eyes","Genetic Algorithm+1"],"picked":"BootSequence+1","floor":48},{"not_picked":["Barrage","Go for the Eyes+1","Auto Shields+1"],"picked":"SKIP","floor":48}],"player_experience":31001,"relics_obtained":[{"floor":7.0,"key":"PreservedInsect"},{"floor":9.0,"key":"Ice Cream"},{"floor":10.0,"key":"Boot"},{"floor":26.0,"key":"Thread and Needle"},{"floor":40,"key":"MawBank"}],"event_choices":[{"damage_healed":0.0,"max_hp_gain":0.0,"max_hp_loss":0.0,"gold_gain":0.0,"event_name":"Scrap Ooze","player_choice":"Success","floor":3.0,"gold_loss":0.0,"damage_taken":12.0,"relics_obtained":["FossilizedHelix"]},{"damage_healed":0.0,"max_hp_gain":0.0,"max_hp_loss":0.0,"gold_gain":75.0,"event_name":"World of Goop","player_choice":"Gather Gold","floor":5.0,"gold_loss":0.0,"damage_taken":11.0},{"cards_removed":["Defend_B"],"damage_healed":0.0,"max_hp_gain":0.0,"max_hp_loss":0.0,"gold_gain":0.0,"event_name":"NoteForYourself","player_choice":"Took Card","floor":11.0,"gold_loss":0.0,"damage_taken":0.0,"cards_obtained":["Iron Wave"]},{"damage_healed":0.0,"max_hp_gain":0.0,"max_hp_loss":0.0,"gold_gain":0.0,"event_name":"The Mausoleum","player_choice":"Opened","floor":19.0,"gold_loss":0.0,"damage_taken":0.0,"relics_obtained":["Prayer Wheel"]},{"damage_healed":0.0,"max_hp_gain":0.0,"max_hp_loss":23.0,"gold_gain":0.0,"event_name":"Vampires","player_choice":"Became a vampire","floor":20.0,"gold_loss":0.0,"damage_taken":0.0,"cards_obtained":["Bite","Bite","Bite","Bite","Bite"]},{"damage_healed":0.0,"max_hp_gain":0.0,"max_hp_loss":0.0,"gold_gain":0.0,"event_name":"Addict","player_choice":"Obtained Relic","floor":24.0,"gold_loss":85.0,"damage_taken":0.0,"relics_obtained":["Centennial Puzzle"]},{"damage_healed":0.0,"max_hp_gain":0.0,"max_hp_loss":26.0,"gold_gain":0.0,"event_name":"Ghosts","player_choice":"Became a Ghost","floor":25.0,"gold_loss":0.0,"damage_taken":0.0,"cards_obtained":["Ghostly","Ghostly","Ghostly","Ghostly","Ghostly"]},{"damage_healed":0.0,"max_hp_gain":0.0,"max_hp_loss":0.0,"gold_gain":0.0,"event_name":"Lab","player_choice":"Got Potions","floor":27.0,"gold_loss":0.0,"damage_taken":0.0},{"damage_healed":0,"gold_gain":0,"player_choice":"Forge","damage_taken":0,"max_hp_gain":0,"max_hp_loss":0,"event_name":"Accursed Blacksmith","floor":37,"gold_loss":0,"cards_upgraded":["Multi-Cast"]}],"is_beta":false,"boss_relics":[{"not_picked":["Calling Bell","Busted Crown"],"picked":"Cursed Key"},{"not_picked":["Lizard Tail","Orrery"],"picked":"Astrolabe"}],"items_purged_floors":[14],"is_endless":false,"potions_floor_spawned":[4,10,12,21,22,31,40,44,45,48],"killed_by":"Donu and Deca","ascension_level":0}