{"gold_per_floor":[111,122,122,135,135,33,33,33,59,90,101,129,149,7,7,80,80,64,64,64,76,88,88,114,10,10,20,120,120,149,165,165,238,238,258,304,321,26,26,26,58,19,19,31,31,63,81,112,112,112],"floor_reached":51,"playtime":3990,"items_purged":["Strike_B","Writhe"],"score":1408,"play_id":"07454d37-bf8c-43db-88e8-841bd8a4a586","local_time":"20190527203615","is_ascension_mode":true,"campfire_choices":[{"data":"Zap","floor":7,"key":"SMITH"},{"floor":15,"key":"REST"},{"data":"Biased Cognition","floor":23,"key":"SMITH"},{"data":"Loop","floor":29,"key":"SMITH"},{"data":"Defend_B","floor":32,"key":"PURGE"},{"data":"Creative AI","floor":40,"key":"SMITH"},{"data":"Amplify","floor":49,"key":"SMITH"}],"neow_cost":"NONE","seed_source_timestamp":609410928763317,"circlet_count":0,"master_deck":["AscendersBane","Defend_B","Defend_B","Defend_B","Zap+1","Dualcast","Finesse","Fusion+1","Reinforced Body","BootSequence","Ball Lightning","Coolheaded","Sweeping Beam","Glacier","FTL","Compile Driver","Static Discharge","Biased Cognition+1","Loop+1","Self Repair","Chill","Glacier","Electrodynamics","White Noise","Compile Driver","Compile Driver","Creative AI+1","Lockon+1","Compile Driver","Capacitor","Coolheaded","Compile Driver","Redo","Madness","Madness","Core Surge","Blizzard","Regret","Amplify+1"],"relics":["Cracked Core","Ancient Tea Set","Anchor","Thread and Needle","Sozu","Dream Catcher","Bird Faced Urn","Darkstone Periapt","Peace Pipe","Cables","Pocketwatch","Cursed Key","FossilizedHelix","Bag of Marbles","Strawberry","DataDisk"],"potions_floor_usage":[11,12,12,16,16],"damage_taken":[{"damage":0,"enemies":"Jaw Worm","floor":1,"turns":3},{"damage":0,"enemies":"Small Slimes","floor":2,"turns":3},{"damage":0,"enemies":"2 Louse","floor":4,"turns":2},{"damage":31,"enemies":"Lagavulin","floor":10,"turns":8},{"damage":10,"enemies":"Large Slime","floor":11,"turns":5},{"damage":17,"enemies":"3 Sentries","floor":12,"turns":6},{"damage":0,"enemies":"Looter","floor":13,"turns":3},{"damage":11,"enemies":"Slime Boss","floor":16,"turns":9},{"damage":0,"enemies":"2 Thieves","floor":18,"turns":4},{"damage":0,"enemies":"Spheric Guardian","floor":21,"turns":5},{"damage":0,"enemies":"Snake Plant","floor":22,"turns":6},{"damage":71,"enemies":"Gremlin Leader","floor":24,"turns":14},{"damage":0,"enemies":"Centurion and Healer","floor":27,"turns":7},{"damage":4,"enemies":"Colosseum Slavers","floor":28,"turns":4},{"damage":0,"enemies":"Colosseum Nobs","floor":28,"turns":3},{"damage":0,"enemies":"Book of Stabbing","floor":30,"turns":6},{"damage":16,"enemies":"Snecko","floor":31,"turns":6},{"damage":47,"enemies":"Automaton","floor":33,"turns":11},{"damage":13,"enemies":"3 Shapes","floor":35,"turns":6},{"damage":2,"enemies":"2 Orb Walkers","floor":36,"turns":4},{"damage":0,"enemies":"Orb Walker","floor":37,"turns":3},{"damage":57,"enemies":"Reptomancer","floor":41,"turns":9},{"damage":0,"enemies":"Jaw Worm Horde","floor":44,"turns":4},{"damage":0,"enemies":"Nemesis","floor":46,"turns":9},{"damage":0,"enemies":"3 Darklings","floor":47,"turns":4},{"damage":5,"enemies":"Giant Head","floor":48,"turns":10},{"damage":11,"enemies":"Time Eater","floor":50,"turns":9}],"seed_played":"3249378985140969165","potions_obtained":[{"floor":2,"key":"LiquidBronze"},{"floor":4,"key":"Fire Potion"},{"floor":11,"key":"PowerPotion"},{"floor":13,"key":"Fire Potion"}],"is_trial":false,"path_per_floor":["M","M","?","M","?","$","R","?","T","E","M","E","M","$","R","B",null,"M","?","?","M","M","R","E","$","T","M","?","R","E","M","R","B",null,"M","?","M","$","?","R","E","$","T","M","?","E","M","E","R","B",null],"character_chosen":"DEFECT","items_purchased":["Ball Lightning","Compile Driver","Static Discharge","PowerPotion","White Noise","Compile Driver","Capacitor","Coolheaded","Compile Driver","Redo","Blizzard"],"campfire_rested":1,"item_purchase_floors":[6,14,14,14,25,25,38,38,38,38,42],"current_hp_per_floor":[68,68,68,68,73,73,73,66,66,35,25,8,8,8,32,21,65,65,65,65,72,79,79,15,15,15,34,53,53,72,73,73,45,71,80,80,80,80,70,70,52,52,58,81,86,93,93,93,93,93],"gold":112,"neow_bonus":"RANDOM_COLORLESS","is_prod":false,"is_daily":false,"chose_seed":false,"campfire_upgraded":5,"win_rate":0,"timestamp":1559003775,"path_taken":["M","M","?","M","?","?","R","?","T","E","M","E","M","$","R","BOSS","M","?","?","M","M","R","E","$","T","M","?","R","E","M","R","BOSS","M","?","M","$","?","R","E","?","T","?","?","E","M","E","R","BOSS"],"build_version":"2019-01-23","purchased_purges":2,"victory":true,"max_hp_per_floor":[75,75,75,75,80,80,80,80,80,80,80,80,80,80,80,80,80,80,80,80,80,80,80,80,80,80,80,80,80,80,80,80,80,80,80,80,80,80,80,80,80,80,86,86,86,93,93,93,93,93],"card_choices":[{"not_picked":["BootSequence","Compile Driver"],"picked":"Fusion","floor":1},{"not_picked":["Lockon","Leap"],"picked":"Reinforced Body","floor":2},{"not_picked":["Fusion","Turbo"],"picked":"BootSequence","floor":4},{"not_picked":["Auto Shields","Conserve Battery"],"picked":"Coolheaded","floor":10},{"not_picked":["Gash","Barrage"],"picked":"Sweeping Beam","floor":11},{"not_picked":["Tempest","FTL"],"picked":"Glacier","floor":12},{"not_picked":["Aggregate","Sweeping Beam"],"picked":"FTL","floor":13},{"not_picked":["Seek","Creative AI"],"picked":"Biased Cognition","floor":16},{"not_picked":["Hologram","Leap"],"picked":"Loop","floor":18},{"not_picked":["Beam Cell","Go for the Eyes"],"picked":"Glacier","floor":21},{"not_picked":["Go for the Eyes","Tempest","Barrage"],"picked":"SKIP","floor":22},{"not_picked":["Reinforced Body","Beam Cell"],"picked":"Electrodynamics","floor":24},{"not_picked":["Aggregate","Cold Snap","Streamline"],"picked":"SKIP","floor":27},{"not_picked":["Multi-Cast","Sweeping Beam","Go for the Eyes"],"picked":"SKIP","floor":30},{"not_picked":["Rebound","Rip and Tear"],"picked":"Compile Driver","floor":31},{"not_picked":["Multi-Cast","Hyperbeam"],"picked":"Creative AI","floor":33},{"not_picked":["Blizzard","Fusion"],"picked":"Lockon+1","floor":35},{"not_picked":["Redo+1","Barrage+1"],"picked":"Compile Driver","floor":37},{"not_picked":["Melter","Barrage+1"],"picked":"Core Surge","floor":41},{"not_picked":["Lockon+1","Sunder","Barrage"],"picked":"SKIP","floor":44},{"not_picked":["Hello World","Leap","Rebound"],"picked":"SKIP","floor":46},{"not_picked":["Lockon","Conserve Battery","Beam Cell"],"picked":"SKIP","floor":47},{"not_picked":["Force Field+1","Rip and Tear"],"picked":"Amplify","floor":48}],"player_experience":418400,"relics_obtained":[{"floor":9,"key":"Ancient Tea Set"},{"floor":10,"key":"Anchor"},{"floor":12,"key":"Thread and Needle"},{"floor":24,"key":"Bird Faced Urn"},{"floor":26,"key":"Darkstone Periapt"},{"floor":28,"key":"Peace Pipe"},{"floor":28,"key":"Cables"},{"floor":30,"key":"Pocketwatch"},{"floor":36,"key":"FossilizedHelix"},{"floor":41,"key":"Bag of Marbles"},{"floor":46,"key":"Strawberry"},{"floor":48,"key":"DataDisk"}],"event_choices":[{"damage_healed":0,"gold_gain":0,"player_choice":"Grow","damage_taken":0,"max_hp_gain":0,"max_hp_loss":0,"event_name":"Living Wall","floor":3,"gold_loss":0,"cards_upgraded":["Fusion"]},{"damage_healed":0,"gold_gain":0,"player_choice":"Donut","damage_taken":0,"max_hp_gain":5,"max_hp_loss":0,"event_name":"Big Fish","floor":5,"gold_loss":0},{"cards_removed":["Strike_B"],"damage_healed":0,"gold_gain":0,"player_choice":"Card Removal","damage_taken":7,"max_hp_gain":0,"max_hp_loss":0,"event_name":"Golden Wing","floor":8,"gold_loss":0},{"damage_healed":0,"gold_gain":0,"cards_transformed":["Strike_B","Strike_B"],"player_choice":"Became Test Subject","damage_taken":0,"max_hp_gain":0,"max_hp_loss":0,"event_name":"Drug Dealer","floor":19,"gold_loss":0,"cards_obtained":["Self Repair","Chill"]},{"damage_healed":0,"gold_gain":0,"player_choice":"Opened","damage_taken":0,"relics_obtained":["Dream Catcher"],"max_hp_gain":0,"max_hp_loss":0,"event_name":"The Mausoleum","floor":20,"gold_loss":0,"cards_obtained":["Writhe"]},{"damage_healed":0,"gold_gain":0,"player_choice":"Fight","damage_taken":0,"max_hp_gain":0,"max_hp_loss":0,"event_name":"Colosseum","floor":28,"gold_loss":0},{"damage_healed":0,"gold_gain":0,"player_choice":"Fought Nobs","damage_taken":0,"max_hp_gain":0,"max_hp_loss":0,"event_name":"Colosseum","floor":28,"gold_loss":0},{"damage_healed":0,"gold_gain":0,"player_choice":"Fight","damage_taken":0,"max_hp_gain":0,"max_hp_loss":0,"event_name":"Mysterious Sphere","floor":36,"gold_loss":0},{"damage_healed":0,"gold_gain":0,"player_choice":"Embrace Madness","damage_taken":10,"max_hp_gain":0,"max_hp_loss":0,"event_name":"Winding Halls","floor":39,"gold_loss":0,"cards_obtained":["Madness","Madness"]},{"damage_healed":5,"gold_gain":0,"player_choice":"Full Heal","damage_taken":0,"max_hp_gain":0,"max_hp_loss":0,"event_name":"Wheel of Change","floor":45,"gold_loss":0}],"is_beta":false,"boss_relics":[{"not_picked":["Black Star","FrozenCore"],"picked":"Sozu"},{"not_picked":["Pandora\u0027s Box","Philosopher\u0027s Stone"],"picked":"Cursed Key"}],"items_purged_floors":[6,38],"is_endless":false,"potions_floor_spawned":[2,4,11,13,18,22,27,30,37,41,48],"ascension_level":13}