{"gold_per_floor":[114,39,39,39,58,58,93,93,93,93,106,106,106,117,117,195,195,206,166,25,35,35,35,52,52,52,52,64,0,0],"floor_reached":30,"playtime":1499,"items_purged":["Strike_B","Steam Power"],"score":441,"play_id":"27db9941-ad44-46a5-90d2-9711c0dd45e2","local_time":"20190601215629","is_ascension_mode":true,"campfire_choices":[{"data":"Doom and Gloom","floor":6,"key":"SMITH"},{"data":"Barrage","floor":8,"key":"SMITH"},{"floor":10,"key":"REST"},{"data":"Zap","floor":13,"key":"SMITH"},{"data":"Fusion","floor":15,"key":"SMITH"},{"data":"Electrodynamics","floor":23,"key":"SMITH"},{"floor":27,"key":"REST"}],"neow_cost":"TEN_PERCENT_HP_LOSS","seed_source_timestamp":14854559476427,"circlet_count":0,"master_deck":["AscendersBane","Defend_B","Defend_B","Defend_B","Zap+1","Dualcast","Barrage+1","Doom and Gloom+1","Cold Snap","Reinforced Body","Fusion+1","Electrodynamics+1","Doom and Gloom","Blizzard"],"relics":["Cracked Core","Gremlin Horn","Dodecahedron","Snecko Eye","Torii"],"potions_floor_usage":[16,16,21,21,21],"damage_taken":[{"damage":6,"enemies":"Cultist","floor":1,"turns":3},{"damage":4,"enemies":"Jaw Worm","floor":5,"turns":4},{"damage":32,"enemies":"Gremlin Nob","floor":7,"turns":4},{"damage":0,"enemies":"2 Louse","floor":11,"turns":1},{"damage":0,"enemies":"Red Slaver","floor":14,"turns":6},{"damage":13,"enemies":"The Guardian","floor":16,"turns":13},{"damage":5,"enemies":"3 Byrds","floor":18,"turns":2},{"damage":8,"enemies":"2 Thieves","floor":21,"turns":2},{"damage":21,"enemies":"Snecko","floor":24,"turns":4},{"damage":23,"enemies":"Centurion and Healer","floor":28,"turns":2},{"damage":17,"enemies":"Snake Plant","floor":30,"turns":1}],"seed_played":"2087115448773211321","potions_obtained":[{"floor":5,"key":"Poison Potion"},{"floor":11,"key":"Explosive Potion"},{"floor":16,"key":"Fire Potion"},{"floor":19,"key":"EntropicBrew"},{"floor":21,"key":"Dexterity Potion"}],"is_trial":false,"path_per_floor":["M","$","?","$","M","R","E","R","T","R","M","?","R","M","R","B",null,"M","?","$","M","$","R","M","?","T","R","M","?","M"],"character_chosen":"DEFECT","items_purchased":["Doom and Gloom"],"campfire_rested":2,"item_purchase_floors":[20],"current_hp_per_floor":[58,58,58,58,54,54,22,22,22,41,41,41,41,41,41,28,55,50,50,50,42,42,42,21,21,21,40,17,17,0],"gold":0,"neow_bonus":"TRANSFORM_TWO_CARDS","is_prod":false,"is_daily":false,"chose_seed":false,"campfire_upgraded":5,"win_rate":0,"timestamp":1559451389,"path_taken":["M","$","?","?","M","R","E","R","T","R","?","?","R","M","R","BOSS","M","?","$","?","$","R","M","?","T","R","?","?","M"],"build_version":"2019-01-23","purchased_purges":2,"victory":false,"max_hp_per_floor":[64,64,64,64,64,64,64,64,64,64,64,64,64,64,64,64,64,64,64,64,64,64,64,64,64,64,64,64,64,64],"card_choices":[{"not_picked":["Rebound","Gash"],"picked":"Doom and Gloom","floor":1},{"not_picked":["Leap","Storm"],"picked":"Cold Snap","floor":5},{"not_picked":["Blizzard","Tempest"],"picked":"Reinforced Body","floor":7},{"not_picked":["Cold Snap","Gash","Steam"],"picked":"SKIP","floor":11},{"not_picked":["Coolheaded","Defragment"],"picked":"Fusion","floor":14},{"not_picked":["Seek","Core Surge"],"picked":"Electrodynamics","floor":16},{"not_picked":["Gash","Go for the Eyes","Capacitor"],"picked":"SKIP","floor":18},{"not_picked":["Blizzard","Streamline","Rebound"],"picked":"SKIP","floor":21},{"not_picked":["Hello World","Redo","Coolheaded"],"picked":"SKIP","floor":24},{"not_picked":["Stack","Go for the Eyes","Rebound"],"picked":"SKIP","floor":28}],"player_experience":813685,"relics_obtained":[{"floor":7,"key":"Gremlin Horn"},{"floor":9,"key":"Dodecahedron"},{"floor":26,"key":"Torii"}],"event_choices":[{"damage_healed":0,"gold_gain":0,"player_choice":"Ignored","damage_taken":0,"max_hp_gain":0,"max_hp_loss":0,"event_name":"WeMeetAgain","floor":3,"gold_loss":0},{"cards_removed":["Strike_B"],"damage_healed":0,"gold_gain":0,"player_choice":"Purged","damage_taken":0,"max_hp_gain":0,"max_hp_loss":0,"event_name":"Purifier","floor":12,"gold_loss":0},{"damage_healed":0,"gold_gain":0,"player_choice":"Bought 3 Potions","damage_taken":0,"max_hp_gain":0,"max_hp_loss":0,"event_name":"The Woman in Blue","floor":19,"gold_loss":0},{"damage_healed":0,"gold_gain":0,"cards_transformed":["Defend_B"],"player_choice":"Transformed","damage_taken":0,"max_hp_gain":0,"max_hp_loss":0,"event_name":"Transmorgrifier","floor":25,"gold_loss":0,"cards_obtained":["Blizzard"]},{"damage_healed":0,"gold_gain":0,"player_choice":"Paid Fearfully","damage_taken":0,"max_hp_gain":0,"max_hp_loss":0,"event_name":"Masked Bandits","floor":29,"gold_loss":64}],"is_beta":false,"boss_relics":[{"not_picked":["Busted Crown","Empty Cage"],"picked":"Snecko Eye"}],"items_purged_floors":[2,20],"is_endless":false,"potions_floor_spawned":[5,11,16,21,24],"killed_by":"Snake Plant","ascension_level":19}