{"gold_per_floor":[114,114,189,202,46,46,87,87,87,5,39,39,39,75,75,203,203,224,224,241,2,20,34,67,79,133,133,133,133,159,175,175,277,277,294,305,350,350,360,360,395,395,422,449,478,512,612,73,73,73],"floor_reached":51,"playtime":5792,"items_purged":["Strike_B"],"score":1363,"play_id":"65bf847e-0e55-4e8a-b419-89a0648bd1ca","local_time":"20190420025432","is_ascension_mode":true,"campfire_choices":[{"data":"Doom and Gloom","floor":6,"key":"SMITH"},{"floor":8,"key":"REST"},{"data":"Coolheaded","floor":15,"key":"SMITH"},{"data":"Consume","floor":27,"key":"SMITH"},{"floor":29,"key":"REST"},{"data":"Rainbow","floor":32,"key":"SMITH"},{"data":"Multi-Cast","floor":40,"key":"SMITH"},{"data":"Loop","floor":42,"key":"SMITH"},{"data":"Hologram","floor":49,"key":"SMITH"}],"neow_cost":"NONE","seed_source_timestamp":2425705261821535,"circlet_count":0,"master_deck":["AscendersBane","Strike_B+1","Strike_B+1","Defend_B","Defend_B","Defend_B","Defend_B","Zap+1","Dualcast","Doom and Gloom+1","Beam Cell","White Noise+1","FTL","Glacier","Genetic Algorithm","Chill+1","Coolheaded+1","Rainbow+1","Steam+1","Go for the Eyes+1","Consume+1","Defragment+1","Buffer","Defragment+1","Redo+1","Multi-Cast+1","Force Field+1","Capacitor+1","Loop+1","Compile Driver+1","Stack+1","Blizzard+1","Hologram+1","Conserve Battery+1","Redo+1","Master of Strategy","Stack","Dark Shackles"],"relics":["Cracked Core","Bloody Idol","Vajra","Happy Flower","Whetstone","Boot","Nuclear Battery","War Paint","PreservedInsect","Pen Nib","Enchiridion","Centennial Puzzle","Coffee Dripper","WingedGreaves","Art of War","Potion Belt","Omamori","Cables","Bottled Tornado","Ginger","Ancient Tea Set"],"potions_floor_usage":[11,14,16,33,36,37,50,50,50],"damage_taken":[{"damage":0,"enemies":"Small Slimes","floor":1,"turns":3},{"damage":4,"enemies":"Jaw Worm","floor":4,"turns":3},{"damage":35,"enemies":"3 Sentries","floor":7,"turns":5},{"damage":16,"enemies":"Gremlin Nob","floor":11,"turns":3},{"damage":13,"enemies":"Lagavulin","floor":14,"turns":6},{"damage":7,"enemies":"Slime Boss","floor":16,"turns":9},{"damage":18,"enemies":"Chosen","floor":18,"turns":5},{"damage":4,"enemies":"Spheric Guardian","floor":20,"turns":4},{"damage":12,"enemies":"Snake Plant","floor":22,"turns":4},{"damage":0,"enemies":"Snecko","floor":23,"turns":4},{"damage":14,"enemies":"Book of Stabbing","floor":24,"turns":7},{"damage":0,"enemies":"Sentry and Sphere","floor":25,"turns":5},{"damage":3,"enemies":"Gremlin Leader","floor":30,"turns":5},{"damage":0,"enemies":"Cultist and Chosen","floor":31,"turns":8},{"damage":19,"enemies":"Collector","floor":33,"turns":13},{"damage":0,"enemies":"Orb Walker","floor":35,"turns":4},{"damage":0,"enemies":"3 Shapes","floor":36,"turns":3},{"damage":17,"enemies":"2 Orb Walkers","floor":37,"turns":7},{"damage":19,"enemies":"Spire Growth","floor":39,"turns":5},{"damage":12,"enemies":"Reptomancer","floor":41,"turns":6},{"damage":1,"enemies":"Nemesis","floor":44,"turns":5},{"damage":0,"enemies":"Giant Head","floor":45,"turns":7},{"damage":0,"enemies":"Reptomancer","floor":46,"turns":5},{"damage":0,"enemies":"Mind Bloom Boss Battle","floor":47,"turns":4},{"damage":0,"enemies":"Awakened One","floor":50,"turns":10}],"seed_played":"-6118610013848037257","potions_obtained":[{"floor":1,"key":"FocusPotion"},{"floor":4,"key":"FearPotion"},{"floor":14,"key":"PowerPotion"},{"floor":23,"key":"SkillPotion"},{"floor":24,"key":"FocusPotion"},{"floor":33,"key":"SkillPotion"},{"floor":37,"key":"LiquidBronze"},{"floor":44,"key":"SpeedPotion"},{"floor":45,"key":"SpeedPotion"},{"floor":46,"key":"SkillPotion"}],"is_trial":false,"path_per_floor":["M","?","?","M","$","R","E","R","T","$","E","?","$","E","R","B",null,"M","?","M","$","M","M","E","M","T","R","?","R","E","M","R","B",null,"M","M","?","?","M","R","E","R","T","E","E","E","?","$","R","B",null],"character_chosen":"DEFECT","items_purchased":["White Noise","FTL","Genetic Algorithm","Consume","War Paint","Explosive Potion","Ancient Tea Set","Master of Strategy","Stack","Dark Shackles"],"campfire_rested":2,"item_purchase_floors":[5,5,10,21,21,21,48,48,48,48],"current_hp_per_floor":[68,68,57,53,53,53,18,38,38,38,22,45,45,32,32,25,58,40,40,41,41,34,39,30,35,40,40,24,44,46,51,51,37,61,66,69,57,57,43,43,36,36,41,45,50,55,60,60,60,60],"gold":73,"neow_bonus":"UPGRADE_CARD","is_prod":false,"is_daily":false,"chose_seed":false,"campfire_upgraded":7,"win_rate":0,"timestamp":1555743272,"path_taken":["M","?","?","M","?","R","E","R","T","$","E","?","$","E","R","BOSS","M","?","M","$","M","M","E","M","T","R","?","R","E","M","R","BOSS","M","M","?","?","?","R","E","R","T","E","E","E","?","$","R","BOSS"],"build_version":"2019-01-23","purchased_purges":1,"victory":true,"max_hp_per_floor":[75,69,69,69,69,69,69,69,69,69,69,69,69,69,69,69,69,69,69,69,69,69,69,69,69,69,69,69,69,69,69,69,69,69,69,69,69,69,69,69,69,69,69,69,69,69,69,69,69,69],"card_choices":[{"not_picked":["Barrage","Go for the Eyes"],"picked":"Doom and Gloom","floor":1},{"not_picked":["Sunder","Fusion"],"picked":"Beam Cell","floor":4},{"not_picked":["Redo","Compile Driver"],"picked":"Glacier","floor":7},{"not_picked":["Rebound","Steam"],"picked":"Chill","floor":11},{"not_picked":["Sweeping Beam","Fission"],"picked":"Coolheaded","floor":14},{"not_picked":["Hyperbeam","All For One"],"picked":"Rainbow","floor":16},{"not_picked":["Double Energy+1","Chill"],"picked":"Steam+1","floor":18},{"not_picked":["Recycle","Cold Snap"],"picked":"Go for the Eyes+1","floor":20},{"not_picked":["Streamline","Stack"],"picked":"Defragment+1","floor":22},{"not_picked":["Leap","Redo","Rebound"],"picked":"SKIP","floor":23},{"not_picked":["Darkness","FTL+1"],"picked":"Buffer","floor":24},{"not_picked":["Hologram+1","Auto Shields"],"picked":"Defragment+1","floor":25},{"not_picked":["Turbo","Redo","Aggregate"],"picked":"SKIP","floor":30},{"not_picked":["Reinforced Body","Beam Cell"],"picked":"Redo+1","floor":31},{"not_picked":["Meteor Strike","Hyperbeam"],"picked":"Multi-Cast","floor":33},{"not_picked":["Steam+1","Ball Lightning+1"],"picked":"Force Field+1","floor":35},{"not_picked":["Cold Snap","Loop"],"picked":"Capacitor+1","floor":36},{"not_picked":["Static Discharge","Redo+1"],"picked":"Loop","floor":37},{"not_picked":["Leap+1","Force Field"],"picked":"Compile Driver+1","floor":39},{"not_picked":["Leap","Go for the Eyes+1"],"picked":"Stack+1","floor":41},{"not_picked":["Consume","Loop"],"picked":"Blizzard+1","floor":44},{"not_picked":["Fission","Steam"],"picked":"Hologram","floor":45},{"not_picked":["Steam+1","Buffer"],"picked":"Conserve Battery+1","floor":46},{"not_picked":["Conserve Battery","Recycle"],"picked":"Redo+1","floor":47}],"player_experience":310737,"relics_obtained":[{"floor":7,"key":"Vajra"},{"floor":9,"key":"Happy Flower"},{"floor":11,"key":"Whetstone"},{"floor":14,"key":"Boot"},{"floor":24,"key":"PreservedInsect"},{"floor":26,"key":"Pen Nib"},{"floor":28,"key":"Enchiridion"},{"floor":30,"key":"Centennial Puzzle"},{"floor":37,"key":"WingedGreaves"},{"floor":41,"key":"Art of War"},{"floor":43,"key":"Potion Belt"},{"floor":44,"key":"Omamori"},{"floor":45,"key":"Cables"},{"floor":46,"key":"Bottled Tornado"},{"floor":47,"key":"Ginger"}],"event_choices":[{"damage_healed":0,"gold_gain":0,"player_choice":"Lose Max HP","damage_taken":0,"relics_obtained":["Golden Idol"],"max_hp_gain":0,"max_hp_loss":6,"event_name":"Golden Idol","floor":2,"gold_loss":0},{"damage_healed":0,"gold_gain":75,"player_choice":"Gather Gold","damage_taken":11,"max_hp_gain":0,"max_hp_loss":0,"event_name":"World of Goop","floor":3,"gold_loss":0},{"damage_healed":23,"gold_gain":0,"player_choice":"Banana","damage_taken":0,"max_hp_gain":0,"max_hp_loss":0,"event_name":"Big Fish","floor":12,"gold_loss":0},{"damage_healed":0,"gold_gain":0,"player_choice":"Gave Idol","damage_taken":0,"relics_obtained":["Bloody Idol"],"max_hp_gain":0,"max_hp_loss":0,"event_name":"Forgotten Altar","floor":19,"relics_lost":["Golden Idol"],"gold_loss":0},{"damage_healed":0,"gold_gain":0,"player_choice":"Obtained Book","damage_taken":16,"max_hp_gain":0,"max_hp_loss":0,"event_name":"Cursed Tome","floor":28,"gold_loss":0},{"damage_healed":0,"gold_gain":0,"player_choice":"Fight","damage_taken":0,"max_hp_gain":0,"max_hp_loss":0,"event_name":"Mysterious Sphere","floor":37,"gold_loss":0},{"cards_removed":["Strike_B"],"damage_healed":0,"gold_gain":0,"player_choice":"Purged","damage_taken":0,"max_hp_gain":0,"max_hp_loss":0,"event_name":"Purifier","floor":38,"gold_loss":0},{"damage_healed":0,"gold_gain":0,"player_choice":"Fight","damage_taken":0,"max_hp_gain":0,"max_hp_loss":0,"event_name":"MindBloom","floor":47,"gold_loss":0}],"is_beta":false,"boss_relics":[{"not_picked":["Calling Bell","Velvet Choker"],"picked":"Nuclear Battery"},{"not_picked":["White Beast Statue","Tiny House"],"picked":"Coffee Dripper"}],"items_purged_floors":[48],"is_endless":false,"potions_floor_spawned":[1,4,14,23,24,33,35,37,44,45,46],"ascension_level":10}