{"gold_per_floor":[113,113,129,143,64,96,116,116,140,140,153,172,190,203,203,304,304,287,13,25,39,57,57,57],"floor_reached":24,"playtime":2941,"items_purged":[],"score":204,"play_id":"26fb9958-df37-46e7-81a3-17b783e06374","local_time":"20190106041759","is_ascension_mode":false,"campfire_choices":[{"floor":8,"key":"REST"},{"floor":10,"key":"REST"},{"floor":15,"key":"REST"},{"floor":23,"key":"REST"}],"neow_cost":"NONE","seed_source_timestamp":1455218154624164,"circlet_count":0,"master_deck":["Defend_G","Defend_G","Defend_G","Defend_G","Defend_G","Strike_G","Strike_G+1","Strike_G","Strike_G+1","Survivor","Neutralize","Infinite Blades","Prepared","Distraction","Bouncing Flask","After Image","Blur","Calculated Gamble","Tactician","Blade Dance","Choke","Phantasmal Killer","Noxious Fumes","Noxious Fumes","Blur","Prepared+1","Underhanded Strike+1"],"relics":["Ring of the Snake","Bag of Marbles","Whetstone","Blood Vial","Black Star","TwistedFunnel"],"potions_floor_usage":[12,16,16,22,22],"damage_taken":[{"damage":2,"enemies":"Small Slimes","floor":1,"turns":3},{"damage":0,"enemies":"2 Louse","floor":3,"turns":3},{"damage":6,"enemies":"Cultist","floor":4,"turns":4},{"damage":45,"enemies":"Gremlin Nob","floor":6,"turns":5},{"damage":4,"enemies":"Red Slaver","floor":7,"turns":5},{"damage":12,"enemies":"Looter","floor":11,"turns":3},{"damage":1,"enemies":"3 Louse","floor":12,"turns":5},{"damage":0,"enemies":"Exordium Wildlife","floor":13,"turns":5},{"damage":10,"enemies":"Looter","floor":14,"turns":3},{"damage":29,"enemies":"The Guardian","floor":16,"turns":9},{"damage":27,"enemies":"2 Thieves","floor":18,"turns":4},{"damage":1,"enemies":"Chosen","floor":20,"turns":6},{"damage":28,"enemies":"Snake Plant","floor":21,"turns":4},{"damage":3,"enemies":"Shelled Parasite and Fungi","floor":22,"turns":8},{"damage":40,"enemies":"Gremlin Leader","floor":24,"turns":6}],"seed_played":"-2215914145992721789","potions_obtained":[{"floor":3,"key":"Energy Potion"},{"floor":4,"key":"Poison Potion"},{"floor":7,"key":"Strength Potion"},{"floor":12,"key":"Poison Potion"},{"floor":16,"key":"SpeedPotion"},{"floor":21,"key":"Weak Potion"}],"is_trial":false,"path_per_floor":["M","?","M","M","$","E","M","R","T","R","M","M","M","M","R","B",null,"M","$","M","M","M","R","E"],"character_chosen":"THE_SILENT","items_purchased":["Bouncing Flask","TwistedFunnel","Noxious Fumes"],"campfire_rested":4,"item_purchase_floors":[5,19,19],"current_hp_per_floor":[68,61,61,55,55,10,6,27,27,48,38,39,41,33,54,27,70,43,43,44,18,17,38,0],"gold":57,"neow_bonus":"RANDOM_COMMON_RELIC","is_prod":false,"is_daily":false,"chose_seed":false,"campfire_upgraded":0,"win_rate":0.0,"timestamp":1546766279,"path_taken":["M","?","M","M","$","E","M","R","T","R","M","M","M","M","R","BOSS","M","$","M","M","M","R","E"],"build_version":"2019-01-03v4","purchased_purges":0,"victory":false,"max_hp_per_floor":[70,70,70,70,70,70,70,70,70,70,70,70,70,70,70,70,70,70,70,70,70,70,70,70],"card_choices":[{"not_picked":["Sucker Punch","Escape Plan"],"picked":"Infinite Blades","floor":1},{"not_picked":["Deflect","Underhanded Strike"],"picked":"Prepared","floor":3},{"not_picked":["Choke","Flying Knee"],"picked":"Distraction","floor":4},{"not_picked":["Masterful Stab","Finisher"],"picked":"After Image","floor":6},{"not_picked":["Outmaneuver","Sucker Punch"],"picked":"Blur","floor":7},{"not_picked":["Dash","Quick Slash"],"picked":"Calculated Gamble","floor":11},{"not_picked":["Prepared","Tools of the Trade"],"picked":"Tactician","floor":12},{"not_picked":["Leg Sweep","Dodge and Roll"],"picked":"Blade Dance","floor":13},{"not_picked":["Dodge and Roll","Outmaneuver"],"picked":"Choke","floor":14},{"not_picked":["Unload","Venomology"],"picked":"Phantasmal Killer","floor":16},{"not_picked":["Slice","Flying Knee"],"picked":"Noxious Fumes","floor":18},{"not_picked":["Quick Slash","Dodge and Roll"],"picked":"Blur","floor":20},{"not_picked":["Quick Slash","Outmaneuver"],"picked":"Prepared+1","floor":21},{"not_picked":["Quick Slash","Dagger Spray"],"picked":"Underhanded Strike+1","floor":22}],"player_experience":13906,"relics_obtained":[{"floor":6,"key":"Whetstone"},{"floor":9,"key":"Blood Vial"}],"event_choices":[{"cards_removed":["Strike_G"],"damage_healed":0,"gold_gain":0,"player_choice":"Card Removal","damage_taken":7,"max_hp_gain":0,"max_hp_loss":0,"event_name":"Golden Wing","floor":2,"gold_loss":0}],"is_beta":false,"boss_relics":[{"not_picked":["Ring of the Serpent","Snecko Eye"],"picked":"Black Star"}],"items_purged_floors":[],"is_endless":false,"potions_floor_spawned":[3,4,7,12,16,21],"killed_by":"Gremlin Leader","ascension_level":0}