{"gold_per_floor":[218,238,238,254,102,127,127,127,152,152,177,194,214,228,228,326,326,346,346,362,461,461],"floor_reached":22,"playtime":1563,"items_purged":["Strike_B"],"score":284,"play_id":"cebf16e1-800b-4309-a31d-998458a36396","local_time":"20190401173031","is_ascension_mode":true,"campfire_choices":[{"floor":7,"key":"REST"},{"data":"White Noise","floor":10,"key":"SMITH"},{"data":"Capacitor","floor":15,"key":"SMITH"}],"neow_cost":"NONE","seed_source_timestamp":840900553455035,"circlet_count":0,"master_deck":["Strike_B","Strike_B","Strike_B","Defend_B","Defend_B","Defend_B","Defend_B+1","Zap+1","Dualcast","White Noise+1","Sweeping Beam","Ball Lightning","Capacitor+1","Fusion+1","Reinforced Body+1","Rainbow+1","Cold Snap","Hologram+1","Biased Cognition","Skim+1","Leap+1"],"relics":["Cracked Core","Blood Vial","Toxic Egg 2","War Paint","Sundial","Velvet Choker"],"potions_floor_usage":[11,16,22],"damage_taken":[{"damage":7,"enemies":"Jaw Worm","floor":1,"turns":3},{"damage":1,"enemies":"2 Louse","floor":2,"turns":2},{"damage":0,"enemies":"Cultist","floor":4,"turns":3},{"damage":40,"enemies":"3 Sentries","floor":6,"turns":5},{"damage":12,"enemies":"Gremlin Nob","floor":11,"turns":3},{"damage":0,"enemies":"2 Fungi Beasts","floor":12,"turns":4},{"damage":2,"enemies":"Large Slime","floor":13,"turns":5},{"damage":3,"enemies":"3 Louse","floor":14,"turns":3},{"damage":10,"enemies":"Hexaghost","floor":16,"turns":10},{"damage":14,"enemies":"3 Byrds","floor":18,"turns":4},{"damage":0,"enemies":"Chosen","floor":20,"turns":3},{"damage":52,"enemies":"Masked Bandits","floor":22,"turns":3}],"seed_played":"4846975908617862148","potions_obtained":[{"floor":2,"key":"Strength Potion"},{"floor":4,"key":"Ancient Potion"},{"floor":6,"key":"Weak Potion"},{"floor":12,"key":"FocusPotion"},{"floor":14,"key":"SkillPotion"}],"is_trial":false,"path_per_floor":["M","M","?","M","$","E","R","?","T","R","E","M","M","M","R","B",null,"M","?","M","?","?"],"character_chosen":"DEFECT","items_purchased":["Capacitor"],"campfire_rested":1,"item_purchase_floors":[5],"current_hp_per_floor":[61,60,48,50,50,12,34,75,75,75,63,65,65,64,64,56,70,58,44,46,46,0],"gold":461,"neow_bonus":"HUNDRED_GOLD","is_prod":false,"is_daily":false,"chose_seed":false,"campfire_upgraded":2,"win_rate":0,"timestamp":1554154231,"path_taken":["M","M","?","M","$","E","R","?","T","R","E","M","M","M","R","BOSS","M","?","M","?","?"],"build_version":"2019-01-23","purchased_purges":1,"victory":false,"max_hp_per_floor":[75,75,75,75,75,75,75,75,75,75,75,75,75,75,75,75,75,75,80,80,80,80],"card_choices":[{"not_picked":["Compile Driver","Barrage"],"picked":"White Noise","floor":1},{"not_picked":["Conserve Battery","Compile Driver"],"picked":"Sweeping Beam","floor":2},{"not_picked":["Compile Driver","Cold Snap"],"picked":"Ball Lightning","floor":4},{"not_picked":["Steam","Cold Snap"],"picked":"Fusion","floor":6},{"not_picked":["Rip and Tear","Stack+1"],"picked":"Reinforced Body+1","floor":11},{"not_picked":["Redo+1","Compile Driver"],"picked":"Rainbow+1","floor":12},{"not_picked":["Force Field+1","Ball Lightning"],"picked":"Cold Snap","floor":13},{"not_picked":["Heatsinks","Steam+1"],"picked":"Hologram+1","floor":14},{"not_picked":["Machine Learning","Buffer"],"picked":"Biased Cognition","floor":16},{"not_picked":["Leap+1","Stack+1"],"picked":"Skim+1","floor":18},{"not_picked":["Redo+1","Melter"],"picked":"Leap+1","floor":20}],"player_experience":282791,"relics_obtained":[{"floor":6,"key":"Toxic Egg 2"},{"floor":9,"key":"War Paint"},{"floor":11,"key":"Sundial"}],"event_choices":[{"damage_healed":0,"gold_gain":0,"player_choice":"Success","damage_taken":12,"relics_obtained":["Blood Vial"],"max_hp_gain":0,"max_hp_loss":0,"event_name":"Scrap Ooze","floor":3,"gold_loss":0},{"damage_healed":41,"gold_gain":0,"player_choice":"Full Heal","damage_taken":0,"max_hp_gain":0,"max_hp_loss":0,"event_name":"Wheel of Change","floor":8,"gold_loss":0},{"damage_healed":0,"gold_gain":0,"player_choice":"Shed Blood","damage_taken":19,"max_hp_gain":5,"max_hp_loss":0,"event_name":"Forgotten Altar","floor":19,"gold_loss":0},{"damage_healed":0,"gold_gain":99,"player_choice":"Stole From Cult","damage_taken":0,"max_hp_gain":0,"max_hp_loss":0,"event_name":"Nest","floor":21,"gold_loss":0},{"damage_healed":0,"gold_gain":0,"player_choice":"Fought Bandits","damage_taken":0,"max_hp_gain":0,"max_hp_loss":0,"event_name":"Masked Bandits","floor":22,"gold_loss":0}],"is_beta":false,"boss_relics":[{"not_picked":["Ectoplasm","Black Star"],"picked":"Velvet Choker"}],"items_purged_floors":[5],"is_endless":false,"potions_floor_spawned":[2,4,6,12,14],"killed_by":"Masked Bandits","ascension_level":9}