{"gold_per_floor":[118,118,43,43,12,12,27,44,44,29,47,13,13,32,32,32],"floor_reached":16,"playtime":723,"items_purged":["Strike_B"],"score":147,"play_id":"fec00e0f-89ab-4279-8c40-308d4ceccba9","local_time":"20190512084309","is_ascension_mode":true,"campfire_choices":[{"data":"Forethought","floor":6,"key":"SMITH"},{"floor":13,"key":"REST"},{"floor":15,"key":"REST"}],"neow_cost":"NONE","seed_source_timestamp":519750775601395,"circlet_count":0,"master_deck":["AscendersBane","Strike_B","Strike_B","Strike_B","Defend_B","Defend_B","Defend_B","Defend_B","Zap","Dualcast","Forethought+1","Reinforced Body","Coolheaded","Genetic Algorithm","Streamline","Blizzard","Scrape"],"relics":["Cracked Core","Anchor","Pear"],"potions_floor_usage":[16],"damage_taken":[{"damage":0,"enemies":"Small Slimes","floor":1,"turns":3},{"damage":2,"enemies":"Jaw Worm","floor":7,"turns":6},{"damage":8,"enemies":"Cultist","floor":8,"turns":5},{"damage":18,"enemies":"Exordium Thugs","floor":10,"turns":4},{"damage":19,"enemies":"Exordium Wildlife","floor":11,"turns":6},{"damage":4,"enemies":"Looter","floor":14,"turns":3},{"damage":74,"enemies":"Hexaghost","floor":16,"turns":9}],"seed_played":"-4762946360909609947","potions_obtained":[{"floor":14,"key":"AttackPotion"}],"is_trial":false,"path_per_floor":["M","?","$","?","?","R","M","M","T","M","M","$","R","M","R","B"],"character_chosen":"DEFECT","items_purchased":["Blizzard"],"campfire_rested":2,"item_purchase_floors":[12],"current_hp_per_floor":[68,65,65,65,65,65,63,55,65,47,28,28,53,49,74,0],"gold":32,"neow_bonus":"RANDOM_COLORLESS","is_prod":false,"is_daily":false,"chose_seed":false,"campfire_upgraded":1,"win_rate":0,"timestamp":1557675789,"path_taken":["M","?","$","?","?","R","?","M","T","?","M","?","R","M","R","BOSS"],"build_version":"2019-01-23","purchased_purges":1,"victory":false,"max_hp_per_floor":[75,75,75,75,75,75,75,75,85,85,85,85,85,85,85,85],"card_choices":[{"not_picked":["Static Discharge","Steam"],"picked":"Reinforced Body","floor":1},{"not_picked":["Redo","Go for the Eyes"],"picked":"Coolheaded","floor":7},{"not_picked":["Redo","Chaos"],"picked":"Genetic Algorithm","floor":8},{"not_picked":["Tempest","Steam"],"picked":"Streamline","floor":10},{"not_picked":["Leap","Compile Driver","Storm"],"picked":"SKIP","floor":11},{"not_picked":["Steam Power","Hello World"],"picked":"Scrape","floor":14}],"player_experience":486854,"relics_obtained":[{"floor":9,"key":"Pear"}],"event_choices":[{"damage_healed":0,"gold_gain":0,"player_choice":"Success","damage_taken":3,"relics_obtained":["Anchor"],"max_hp_gain":0,"max_hp_loss":0,"event_name":"Scrap Ooze","floor":2,"gold_loss":0},{"damage_healed":0,"gold_gain":0,"player_choice":"Ignored","damage_taken":0,"max_hp_gain":0,"max_hp_loss":0,"event_name":"Shining Light","floor":4,"gold_loss":0},{"damage_healed":0,"gold_gain":0,"player_choice":"Left Gold","damage_taken":0,"max_hp_gain":0,"max_hp_loss":0,"event_name":"World of Goop","floor":5,"gold_loss":31}],"is_beta":false,"boss_relics":[],"items_purged_floors":[3],"is_endless":false,"potions_floor_spawned":[14],"killed_by":"Hexaghost","ascension_level":12}