{"gold_per_floor":[112,36,55,73,73,117,117,117,140,174,174,190,211,224,224,344,344,368,293,307,66,80,80,96,96,119,134,147,68,68,68,68,197,197,212,212,230,155,169,169,190,190,214,214,214,234,258,273,273,273],"floor_reached":50,"playtime":1816,"items_purged":[],"score":649,"play_id":"a51c4680-b269-4891-b1b8-2ff4e4bb6ed5","local_time":"20190604171938","is_ascension_mode":true,"campfire_choices":[{"data":"Inflame","floor":7.0,"key":"SMITH"},{"data":"Heavy Blade","floor":11.0,"key":"SMITH"},{"floor":15.0,"key":"REST"},{"floor":23.0,"key":"REST"},{"floor":32.0,"key":"REST"},{"floor":40.0,"key":"REST"},{"floor":45.0,"key":"REST"},{"floor":49.0,"key":"REST"}],"neow_cost":"NONE","seed_source_timestamp":42021789522000,"circlet_count":0,"master_deck":["Strike_R","Strike_R","Strike_R","Strike_R","Defend_R","Defend_R+1","Defend_R","Defend_R","Bash","Flex+1","Battle Trance+1","Inflame+1","Heavy Blade+1","Rage","Clothesline","Impervious","Battle Trance+1","Seeing Red","Rampage+1","Dropkick+1","Shrug It Off","Metallicize","Demon Form","Rampage+1","Immolate","Intimidate+1","Apotheosis","Heavy Blade","Seeing Red+1"],"special_seed":0,"relics":["Burning Blood","NeowsBlessing","Golden Idol","Potion Belt","Ancient Tea Set","War Paint","Sozu","Kunai","Bronze Scales","Strawberry","Anchor"],"potions_floor_usage":[50],"damage_taken":[{"damage":0.0,"enemies":"Cultist","floor":1.0,"turns":1.0},{"damage":0.0,"enemies":"Small Slimes","floor":3.0,"turns":1.0},{"damage":0.0,"enemies":"Jaw Worm","floor":4.0,"turns":1.0},{"damage":25.0,"enemies":"Gremlin Nob","floor":6.0,"turns":4.0},{"damage":27.0,"enemies":"Lagavulin","floor":10.0,"turns":8.0},{"damage":3.0,"enemies":"Looter","floor":12.0,"turns":2.0},{"damage":4.0,"enemies":"3 Louse","floor":13.0,"turns":3.0},{"damage":11.0,"enemies":"Red Slaver","floor":14.0,"turns":4.0},{"damage":35.0,"enemies":"The Guardian","floor":16.0,"turns":13.0},{"damage":14.0,"enemies":"Shell Parasite","floor":18.0,"turns":5.0},{"damage":20.0,"enemies":"2 Thieves","floor":20.0,"turns":4.0},{"damage":35.0,"enemies":"3 Cultists","floor":22.0,"turns":6.0},{"damage":12.0,"enemies":"Snake Plant","floor":24.0,"turns":3.0},{"damage":16.0,"enemies":"Shelled Parasite and Fungi","floor":27.0,"turns":6.0},{"damage":11.0,"enemies":"Chosen and Byrds","floor":28.0,"turns":5.0},{"damage":42.0,"enemies":"Collector","floor":33.0,"turns":7.0},{"damage":8.0,"enemies":"3 Shapes","floor":35.0,"turns":9.0},{"damage":1.0,"enemies":"3 Darklings","floor":37.0,"turns":6.0},{"damage":46.0,"enemies":"Writhing Mass","floor":39.0,"turns":5.0},{"damage":36.0,"enemies":"Transient","floor":41.0,"turns":5.0},{"damage":28.0,"enemies":"3 Darklings","floor":46.0,"turns":4.0},{"damage":14.0,"enemies":"Jaw Worm Horde","floor":48.0,"turns":3.0},{"damage":48,"enemies":"Awakened One","floor":50,"turns":3}],"seed_played":"-528138271935573655","potions_obtained":[{"floor":3.0,"key":"EssenceOfSteel"},{"floor":10.0,"key":"PowerPotion"},{"floor":14.0,"key":"Ancient Potion"},{"floor":16.0,"key":"Swift Potion"}],"is_trial":false,"path_per_floor":["M","$","M","M","?","E","R","?","T","E","R","M","M","M","R","B",null,"M","?","M","$","M","R","M","?","T","M","M","$","?","?","R","B",null,"M","$","M","$","M","R","M","?","T","?","R","M","T","M","R","B"],"character_chosen":"IRONCLAD","items_purchased":["Battle Trance","Kunai","Metallicize","Immolate"],"campfire_rested":6,"item_purchase_floors":[2,21,29,38],"current_hp_per_floor":[78,78,80,80,60,41,41,67,67,46,46,49,51,46,70,41,70,62,62,48,48,19,43,37,37,37,27,22,22,22,22,46,10,63,61,61,66,66,26,50,20,20,27,22,48,26,26,18,44,0],"gold":273,"neow_bonus":"THREE_ENEMY_KILL","is_prod":false,"is_daily":false,"chose_seed":false,"campfire_upgraded":2,"win_rate":0,"timestamp":1559693978,"path_taken":["M","$","M","?","?","E","R","?","T","E","R","M","M","M","R","BOSS","M","?","M","$","M","R","M","?","T","M","?","?","?","?","R","BOSS","M","$","M","$","M","R","?","?","T","?","R","M","?","M","R","BOSS"],"build_version":"2019-01-23","purchased_purges":0,"victory":false,"max_hp_per_floor":[80,80,80,80,80,80,80,80,80,80,80,80,80,80,80,80,80,80,80,80,80,80,80,80,80,80,80,80,80,80,80,80,80,80,80,80,80,80,80,80,80,80,87,87,87,87,87,87,87,87],"card_choices":[{"not_picked":["Perfected Strike","Armaments"],"picked":"Flex","floor":1.0},{"not_picked":["Heavy Blade","Rage"],"picked":"Inflame","floor":3.0},{"not_picked":["Thunderclap","Berserk"],"picked":"Heavy Blade","floor":4.0},{"not_picked":["Offering","Armaments"],"picked":"Rage","floor":6.0},{"not_picked":["Rage","True Grit"],"picked":"Clothesline","floor":10.0},{"not_picked":["Dropkick","Havoc","Clash"],"picked":"SKIP","floor":12.0},{"not_picked":["Inflame","Armaments","Whirlwind"],"picked":"SKIP","floor":13.0},{"not_picked":["Perfected Strike","Sword Boomerang","True Grit"],"picked":"SKIP","floor":14.0},{"not_picked":["Barricade","Double Tap"],"picked":"Impervious","floor":16.0},{"not_picked":["Anger","Iron Wave"],"picked":"Battle Trance+1","floor":18.0},{"not_picked":["Headbutt","Pummel"],"picked":"Seeing Red","floor":20.0},{"not_picked":["True Grit","Searing Blow+1"],"picked":"Rampage+1","floor":22.0},{"not_picked":["Armaments","Anger"],"picked":"Dropkick+1","floor":24.0},{"not_picked":["Sentinel+1","Inflame","Havoc"],"picked":"SKIP","floor":27.0},{"not_picked":["Sword Boomerang","Power Through"],"picked":"Shrug It Off","floor":28.0},{"not_picked":["Brutality","Offering"],"picked":"Demon Form","floor":33.0},{"not_picked":["Warcry","Body Slam"],"picked":"Rampage+1","floor":35.0},{"not_picked":["Flex","Sever Soul+1","Rupture"],"picked":"SKIP","floor":37.0},{"not_picked":["Perfected Strike","Bloodletting","Spot Weakness"],"picked":"SKIP","floor":39.0},{"not_picked":["True Grit+1","Searing Blow"],"picked":"Intimidate+1","floor":41.0},{"not_picked":["Deep Breath","Trip"],"picked":"Apotheosis","floor":44.0},{"not_picked":["Battle Trance+1","Headbutt+1"],"picked":"Heavy Blade","floor":46.0},{"not_picked":["Dual Wield+1","Clothesline+1"],"picked":"Seeing Red+1","floor":48.0}],"player_experience":261253,"relics_obtained":[{"floor":6.0,"key":"Potion Belt"},{"floor":9.0,"key":"Ancient Tea Set"},{"floor":10.0,"key":"War Paint"},{"floor":26.0,"key":"Bronze Scales"},{"floor":43.0,"key":"Strawberry"},{"floor":47.0,"key":"Anchor"}],"event_choices":[{"damage_healed":0.0,"max_hp_gain":0.0,"max_hp_loss":0.0,"gold_gain":0.0,"event_name":"Golden Idol","player_choice":"Take Damage","floor":5.0,"gold_loss":0.0,"damage_taken":20.0,"relics_obtained":["Golden Idol"]},{"damage_healed":26.0,"max_hp_gain":0.0,"max_hp_loss":0.0,"gold_gain":0.0,"event_name":"Big Fish","player_choice":"Banana","floor":8.0,"gold_loss":0.0,"damage_taken":0.0},{"cards_removed":["Strike_R"],"damage_healed":0.0,"max_hp_gain":0.0,"max_hp_loss":0.0,"gold_gain":0.0,"event_name":"Beggar","player_choice":"Gave Gold","floor":19.0,"gold_loss":75.0,"damage_taken":0.0},{"damage_healed":0.0,"max_hp_gain":0.0,"max_hp_loss":0.0,"gold_gain":0.0,"event_name":"Upgrade Shrine","player_choice":"Upgraded","floor":25.0,"gold_loss":0.0,"damage_taken":0.0,"cards_upgraded":["Flex"]},{"damage_healed":0.0,"max_hp_gain":0.0,"max_hp_loss":0.0,"gold_gain":0.0,"event_name":"Ghosts","player_choice":"Ignored","floor":30.0,"gold_loss":0.0,"damage_taken":0.0},{"damage_healed":0.0,"max_hp_gain":0.0,"max_hp_loss":0.0,"gold_gain":0.0,"event_name":"FaceTrader","player_choice":"Leave","floor":31.0,"gold_loss":0.0,"damage_taken":0.0},{"damage_healed":0.0,"max_hp_gain":0.0,"max_hp_loss":0.0,"gold_gain":0.0,"event_name":"Mysterious Sphere","player_choice":"Ignored","floor":42.0,"gold_loss":0.0,"damage_taken":0.0},{"damage_healed":0.0,"max_hp_gain":0.0,"max_hp_loss":0.0,"gold_gain":0.0,"event_name":"SensoryStone","player_choice":"Memory 2","floor":44.0,"gold_loss":0.0,"damage_taken":5.0}],"is_beta":false,"boss_relics":[{"not_picked":["Eternal Feather","Black Blood"],"picked":"Sozu"},{"not_picked":["Mark of Pain","Runic Dome","Calling Bell"]}],"items_purged_floors":[],"is_endless":false,"potions_floor_spawned":[3,10,14,16,20,27,33,35,48],"killed_by":"Awakened One","ascension_level":7}