{"gold_per_floor":[109,126,126,146,161,192,205,216,216,241,241,241,258,54,54,155,155,171,189,189,206,206,206],"floor_reached":23,"playtime":1101,"items_purged":[],"score":305,"play_id":"ef1dcf1b-b3c6-4057-9d08-a3aa4c3358e5","local_time":"20180805101229","daily_mods":["Diverse"],"is_ascension_mode":false,"campfire_choices":[{"floor":15,"key":"REST"}],"neow_cost":"","seed_source_timestamp":164982130234270,"circlet_count":0,"master_deck":["Strike_B","Strike_B","Strike_B","Defend_B","Defend_B","Defend_B","Defend_B","Zap+1","Dualcast","Cloak And Dagger","Conserve Battery","Blade Dance","Footwork","Bouncing Flask","Infinite Blades","Force Field","Ball Lightning","Magnetism","Sunder","Seek","Blade Dance+1","Decay"],"relics":["Cracked Core","Blood Vial","Kunai","Juzu Bracelet","Dream Catcher","Lizard Tail"],"potions_floor_usage":[10,13,16,16],"damage_taken":[{"damage":2,"enemies":"Small Slimes","floor":1,"turns":3},{"damage":6,"enemies":"Jaw Worm","floor":2,"turns":3},{"damage":0,"enemies":"Cultist","floor":4,"turns":3},{"damage":2,"enemies":"Exordium Wildlife","floor":5,"turns":4},{"damage":21,"enemies":"Lagavulin","floor":6,"turns":7},{"damage":5,"enemies":"2 Fungi Beasts","floor":7,"turns":3},{"damage":13,"enemies":"Large Slime","floor":8,"turns":6},{"damage":11,"enemies":"Gremlin Nob","floor":10,"turns":3},{"damage":16,"enemies":"Gremlin Gang","floor":13,"turns":4},{"damage":25,"enemies":"Hexaghost","floor":16,"turns":9},{"damage":21,"enemies":"Chosen","floor":18,"turns":6},{"damage":18,"enemies":"Shell Parasite","floor":19,"turns":6},{"damage":15,"enemies":"Snecko","floor":21,"turns":4},{"damage":0,"enemies":"Slavers","floor":23,"turns":1}],"seed_played":"8363187699179080544","potions_obtained":[{"floor":4,"key":"Poison Potion"},{"floor":5,"key":"PowerPotion"},{"floor":8,"key":"AttackPotion"},{"floor":10,"key":"GamblersBrew"},{"floor":16,"key":"Strength Potion"},{"floor":18,"key":"SpeedPotion"}],"is_trial":true,"path_per_floor":["M","M","?","M","M","E","M","M","T","E","?","?","M","$","R","B",null,"M","M","?","M","?"],"character_chosen":"DEFECT","items_purchased":["Magnetism"],"campfire_rested":1,"item_purchase_floors":[14],"current_hp_per_floor":[73,67,67,67,65,44,41,30,30,21,21,21,7,7,29,6,75,54,38,38,25,25,25],"gold":206,"neow_bonus":"","is_prod":false,"is_daily":false,"chose_seed":false,"campfire_upgraded":0,"win_rate":0,"timestamp":1533456749,"path_taken":["M","M","?","?","M","E","M","M","T","E","?","?","M","$","R","BOSS","M","M","?","M","?","E"],"build_version":"2018-08-02","purchased_purges":0,"victory":false,"max_hp_per_floor":[75,75,75,75,75,75,75,75,75,75,75,75,75,75,75,75,75,75,75,75,75,75,75],"card_choices":[{"not_picked":["Predator","True Grit"],"picked":"Cloak And Dagger","floor":1},{"not_picked":["Clash","Dodge and Roll"],"picked":"Conserve Battery","floor":2},{"not_picked":["Carnage","Barrage"],"picked":"Blade Dance","floor":4},{"not_picked":["PiercingWail","Biased Cognition","Heavy Blade"],"picked":"SKIP","floor":5},{"not_picked":["Blizzard","Flechettes"],"picked":"Footwork","floor":6},{"not_picked":["Barrage","Dodge and Roll"],"picked":"Bouncing Flask","floor":7},{"not_picked":["PiercingWail","Steam"],"picked":"Infinite Blades","floor":8},{"not_picked":["Backflip","Hemokinesis"],"picked":"Force Field","floor":10},{"not_picked":["Dual Wield","Twin Strike"],"picked":"Ball Lightning","floor":13},{"not_picked":["Second Wind","Steam"],"picked":"Sunder","floor":15},{"not_picked":["Biased Cognition","Rainbow"],"picked":"Seek","floor":16},{"not_picked":["Perfected Strike","Stack"],"picked":"Blade Dance+1","floor":18},{"not_picked":["True Grit+1","Heavy Blade","Clothesline"],"picked":"SKIP","floor":19},{"not_picked":["Aggregate+1","Reckless Charge","Scrape"],"picked":"SKIP","floor":21}],"player_experience":106096,"relics_obtained":[{"floor":6,"key":"Blood Vial"},{"floor":9,"key":"Kunai"},{"floor":10,"key":"Juzu Bracelet"}],"event_choices":[{"event_name":"Living Wall","player_choice":"Grow","floor":3,"damage_taken":0},{"event_name":"Big Fish","player_choice":"Box","floor":11,"damage_taken":0},{"event_name":"Fountain of Cleansing","player_choice":"Removed Curse","floor":12,"damage_taken":0},{"event_name":"Back to Basics","player_choice":"Elegance","floor":20,"damage_taken":0},{"event_name":"Forgotten Altar","player_choice":"Smashed Altar","floor":22,"damage_taken":0}],"is_beta":false,"boss_relics":[{"not_picked":["Orrery","Snecko Eye"],"picked":"Lizard Tail"}],"items_purged_floors":[],"is_endless":true,"potions_floor_spawned":[4,5,8,10,16,18],"killed_by":"Slavers","ascension_level":0}