{"gold_per_floor":[112,128,128,146,157,157,185,185,231,242,242,260,293,23,23,95,95,108,108,120,170,187,187,216,228,266,278,319,344,389,51,51,129,129,144,192,192,9,29,29,356,456,456,84,100,0,0,23,23,23],"floor_reached":51,"playtime":3734,"items_purged":["Strike_R","Strike_R","Strike_R"],"score":1560,"play_id":"54414e61-912b-43fe-b056-17aeda9f5564","local_time":"20190602001347","is_ascension_mode":true,"campfire_choices":[{"data":"Uppercut","floor":6.0,"key":"SMITH"},{"data":"Inflame","floor":8.0,"key":"SMITH"},{"data":"Bash","floor":11.0,"key":"SMITH"},{"data":"True Grit","floor":15.0,"key":"SMITH"},{"floor":25.0,"key":"REST"},{"data":"Demon Form","floor":32,"key":"SMITH"},{"floor":40,"key":"REST"},{"floor":47,"key":"REST"},{"floor":49,"key":"REST"}],"neow_cost":"NONE","seed_source_timestamp":0,"circlet_count":0,"master_deck":["AscendersBane","Strike_R","Strike_R","Defend_R","Defend_R","Defend_R","Defend_R","Bash+1","Cleave","Inflame+1","Uppercut+1","Clothesline","Sword Boomerang","Reckless Charge","True Grit+1","Feed","Heavy Blade+1","Burning Pact","Ghostly Armor+1","Shrug It Off+1","Demon Form+1","Heavy Blade","Shrug It Off","Fiend Fire","Corruption","Limit Break","Sentinel"],"special_seed":0,"relics":["Burning Blood","Mercury Hourglass","Oddly Smooth Stone","Juzu Bracelet","Ancient Tea Set","Sling","Runic Dome","MawBank","Happy Flower","Vajra","Bottled Tornado","Pen Nib","Fusion Hammer","Turnip","Old Coin","Peace Pipe","Blue Candle","Bag of Marbles","Red Mask","Red Skull"],"potions_floor_usage":[30,30,36,50,50],"damage_taken":[{"damage":12.0,"enemies":"Cultist","floor":1.0,"turns":4.0},{"damage":9.0,"enemies":"2 Louse","floor":2.0,"turns":3.0},{"damage":7.0,"enemies":"Small Slimes","floor":4.0,"turns":3.0},{"damage":21.0,"enemies":"Exordium Thugs","floor":5.0,"turns":4.0},{"damage":25.0,"enemies":"3 Sentries","floor":7.0,"turns":7.0},{"damage":16.0,"enemies":"3 Louse","floor":10.0,"turns":6.0},{"damage":6.0,"enemies":"Lots of Slimes","floor":12.0,"turns":2.0},{"damage":6.0,"enemies":"Gremlin Nob","floor":13.0,"turns":3.0},{"damage":6.0,"enemies":"Slime Boss","floor":16.0,"turns":7.0},{"damage":17.0,"enemies":"Shell Parasite","floor":18.0,"turns":4.0},{"damage":21.0,"enemies":"2 Thieves","floor":20.0,"turns":3.0},{"damage":23.0,"enemies":"Sentry and Sphere","floor":22.0,"turns":4.0},{"damage":22.0,"enemies":"Gremlin Leader","floor":24.0,"turns":4.0},{"damage":16,"enemies":"Book of Stabbing","floor":28,"turns":3},{"damage":16,"enemies":"Snecko","floor":29,"turns":4},{"damage":0,"enemies":"Slavers","floor":30,"turns":3},{"damage":30,"enemies":"Collector","floor":33,"turns":7},{"damage":9,"enemies":"3 Shapes","floor":35,"turns":8},{"damage":17,"enemies":"2 Orb Walkers","floor":36,"turns":3},{"damage":36,"enemies":"3 Darklings","floor":39,"turns":4},{"damage":0,"enemies":"Giant Head","floor":41,"turns":5},{"damage":9,"enemies":"Mind Bloom Boss Battle","floor":42,"turns":5},{"damage":36,"enemies":"Jaw Worm Horde","floor":45,"turns":4},{"damage":58,"enemies":"Time Eater","floor":50,"turns":7}],"seed_played":"7540622445459421506","potions_obtained":[{"floor":2.0,"key":"SkillPotion"},{"floor":5.0,"key":"SpeedPotion"},{"floor":7.0,"key":"Regen Potion"},{"floor":10.0,"key":"EssenceOfSteel"},{"floor":12.0,"key":"Regen Potion"},{"floor":16.0,"key":"Poison Potion"},{"floor":20.0,"key":"AttackPotion"},{"floor":24.0,"key":"SpeedPotion"},{"floor":28,"key":"Fire Potion"},{"floor":29,"key":"SkillPotion"},{"floor":35,"key":"EssenceOfSteel"},{"floor":41,"key":"SteroidPotion"},{"floor":42,"key":"Weak Potion"}],"is_trial":false,"path_per_floor":["M","M","?","M","M","R","E","R","T","M","R","M","E","$","R","B",null,"M","?","M","?","M","?","E","R","T","?","E","M","E","$","R","B",null,"M","?","?","$","M","R","E","?","T","$","M","?","R","T","R","B",null],"character_chosen":"IRONCLAD","items_purchased":["Sling","True Grit","Pen Nib","Shrug It Off","AttackPotion","Corruption","Sentinel","Bag of Marbles"],"campfire_rested":4,"item_purchase_floors":[14,14,31,31,31,38,44,44],"current_hp_per_floor":[69,66,66,65,50,50,31,31,31,36,36,36,45,45,45,45,73,62,62,50,50,33,50,34,59,59,59,52,42,51,51,51,27,75,75,67,62,62,32,61,67,64,64,64,37,37,67,67,97,45],"gold":23,"neow_bonus":"TEN_PERCENT_HP_BONUS","is_prod":false,"is_daily":false,"chose_seed":false,"campfire_upgraded":5,"win_rate":0,"timestamp":1559459627,"path_taken":["M","?","?","M","M","R","E","R","T","M","R","M","E","?","R","BOSS","M","?","M","?","M","?","E","R","T","?","E","M","E","$","R","BOSS","M","?","?","$","M","R","E","?","T","$","M","?","R","?","R","BOSS"],"build_version":"2019-01-23","purchased_purges":3,"victory":true,"max_hp_per_floor":[82,82,82,82,82,82,82,82,82,82,82,82,82,82,82,82,82,82,82,85,85,85,85,85,85,85,85,88,88,91,91,91,91,91,94,97,97,97,97,97,97,97,97,97,100,100,100,100,100,100],"card_choices":[{"not_picked":["Warcry","Havoc"],"picked":"Cleave","floor":1.0},{"not_picked":["Armaments","Flex"],"picked":"Wild Strike","floor":2.0},{"not_picked":["Twin Strike","Dropkick"],"picked":"Inflame","floor":4.0},{"not_picked":["Sentinel","Dropkick"],"picked":"Uppercut","floor":5.0},{"not_picked":["Rage","Rupture","Body Slam"],"picked":"SKIP","floor":7.0},{"not_picked":["Dropkick","Rage"],"picked":"Clothesline","floor":10.0},{"not_picked":["Power Through","Feel No Pain"],"picked":"Sword Boomerang","floor":12.0},{"not_picked":["Berserk","Second Wind"],"picked":"Reckless Charge","floor":13.0},{"not_picked":["Barricade","Double Tap"],"picked":"Feed","floor":16.0},{"not_picked":["Sever Soul","Body Slam"],"picked":"Heavy Blade+1","floor":18.0},{"not_picked":["Twin Strike+1","Bloodletting+1"],"picked":"Burning Pact","floor":20.0},{"not_picked":["Rupture","Cleave"],"picked":"Ghostly Armor+1","floor":22.0},{"not_picked":["Bludgeon","Heavy Blade"],"picked":"Shrug It Off+1","floor":24.0},{"not_picked":["Twin Strike","Havoc"],"picked":"Demon Form","floor":28},{"not_picked":["Havoc","Immolate","Burning Pact"],"picked":"SKIP","floor":29},{"not_picked":["Heavy Blade","Thunderclap","Searing Blow"],"picked":"SKIP","floor":30},{"not_picked":["Thunderclap","Searing Blow"],"picked":"Heavy Blade","floor":30},{"not_picked":["Feed","Demon Form"],"picked":"Fiend Fire","floor":33},{"not_picked":["Iron Wave+1","Infernal Blade","Twin Strike"],"picked":"SKIP","floor":35},{"not_picked":["Power Through","Twin Strike","Perfected Strike+1"],"picked":"SKIP","floor":39},{"not_picked":["Metallicize","Rage"],"picked":"Limit Break","floor":41},{"not_picked":["Evolve+1","Twin Strike","Armaments+1"],"picked":"SKIP","floor":45}],"player_experience":516993,"relics_obtained":[{"floor":7.0,"key":"Oddly Smooth Stone"},{"floor":9.0,"key":"Juzu Bracelet"},{"floor":13.0,"key":"Ancient Tea Set"},{"floor":24.0,"key":"MawBank"},{"floor":26,"key":"Happy Flower"},{"floor":28,"key":"Vajra"},{"floor":30,"key":"Bottled Tornado"},{"floor":36,"key":"Turnip"},{"floor":41,"key":"Old Coin"},{"floor":42,"key":"Peace Pipe"},{"floor":43,"key":"Blue Candle"},{"floor":48,"key":"Red Skull"}],"event_choices":[{"cards_removed":["Wild Strike"],"damage_healed":0.0,"max_hp_gain":0.0,"max_hp_loss":0.0,"gold_gain":0.0,"event_name":"WeMeetAgain","player_choice":"Gave Card","floor":3.0,"gold_loss":0.0,"damage_taken":0.0,"relics_obtained":["Mercury Hourglass"]},{"damage_healed":0.0,"max_hp_gain":0.0,"max_hp_loss":0.0,"gold_gain":0.0,"event_name":"Vampires","player_choice":"Ignored","floor":19.0,"gold_loss":0.0,"damage_taken":0.0},{"damage_healed":0.0,"max_hp_gain":0.0,"max_hp_loss":0.0,"gold_gain":50.0,"event_name":"Nest","player_choice":"Stole From Cult","floor":21.0,"gold_loss":0.0,"damage_taken":0.0},{"damage_healed":17.0,"max_hp_gain":0.0,"max_hp_loss":0.0,"gold_gain":0.0,"event_name":"The Library","player_choice":"Heal","floor":23.0,"gold_loss":0.0,"damage_taken":0.0},{"damage_healed":0,"gold_gain":0,"player_choice":"Ignored","damage_taken":0,"max_hp_gain":0,"max_hp_loss":0,"event_name":"N\u0027loth","floor":27,"gold_loss":0},{"damage_healed":0,"gold_gain":0,"player_choice":"Fight","damage_taken":0,"max_hp_gain":0,"max_hp_loss":0,"event_name":"Mysterious Sphere","floor":36,"gold_loss":0},{"damage_healed":0,"gold_gain":0,"player_choice":"Memory 2","damage_taken":5,"max_hp_gain":0,"max_hp_loss":0,"event_name":"SensoryStone","floor":37,"gold_loss":0},{"damage_healed":0,"gold_gain":0,"player_choice":"Fight","damage_taken":0,"max_hp_gain":0,"max_hp_loss":0,"event_name":"MindBloom","floor":42,"gold_loss":0},{"damage_healed":0,"gold_gain":0,"player_choice":"Paid","damage_taken":0,"relics_obtained":["Red Mask"],"max_hp_gain":0,"max_hp_loss":0,"event_name":"Tomb of Lord Red Mask","floor":46,"gold_loss":100}],"is_beta":false,"boss_relics":[{"not_picked":["Busted Crown","Coffee Dripper"],"picked":"Runic Dome"},{"not_picked":["Mark of Pain","Eternal Feather"],"picked":"Fusion Hammer"}],"items_purged_floors":[31,38,44],"is_endless":false,"potions_floor_spawned":[2,5,7,10,12,16,20,24,28,29,35,41,42],"ascension_level":17}