{"gold_per_floor":[111,130,130,43,43,78,78,103,129,129,146,71,89,54,54,158,158,173,173,30,30,30,30,56,56,107,118,118,138,150,202,202,202],"floor_reached":33,"playtime":1585,"items_purged":[],"score":379,"play_id":"ad018225-2701-4d9c-a15e-9bb76e72af62","local_time":"20190602075543","is_ascension_mode":true,"campfire_choices":[{"floor":7.0,"key":"REST"},{"floor":10.0,"key":"REST"},{"floor":15.0,"key":"REST"},{"floor":23.0,"key":"REST"},{"floor":32.0,"key":"REST"}],"neow_cost":"NONE","seed_source_timestamp":3621172008800,"circlet_count":0,"master_deck":["Strike_B","Strike_B","Strike_B+1","Defend_B+1","Defend_B","Defend_B","Defend_B","Zap","Dualcast","Redo","Conserve Battery","Defragment+1","Leap","Sweeping Beam","Doom and Gloom","Chaos","Auto Shields","Seek","Reprogram","Darkness","Shame","Loop+1","Chill","Core Surge","Go for the Eyes","Cold Snap"],"special_seed":0,"relics":["Cracked Core","Vajra","Smiling Mask","PreservedInsect","Blood Vial","White Beast Statue","Juzu Bracelet","Ancient Tea Set","Pen Nib","Centennial Puzzle","MutagenicStrength","Happy Flower","Dream Catcher"],"potions_floor_usage":[33],"damage_taken":[{"damage":6.0,"enemies":"Cultist","floor":1.0,"turns":3.0},{"damage":2.0,"enemies":"2 Louse","floor":2.0,"turns":2.0},{"damage":31.0,"enemies":"3 Sentries","floor":6.0,"turns":9.0},{"damage":32.0,"enemies":"Gremlin Nob","floor":8.0,"turns":5.0},{"damage":0.0,"enemies":"Small Slimes","floor":11.0,"turns":2.0},{"damage":12.0,"enemies":"Blue Slaver","floor":13.0,"turns":4.0},{"damage":22.0,"enemies":"The Guardian","floor":16.0,"turns":13.0},{"damage":23.0,"enemies":"Shell Parasite","floor":18.0,"turns":9.0},{"damage":66.0,"enemies":"Book of Stabbing","floor":24.0,"turns":6.0},{"damage":6.0,"enemies":"3 Byrds","floor":27.0,"turns":5.0},{"damage":15.0,"enemies":"Snecko","floor":29.0,"turns":5.0},{"damage":13.0,"enemies":"Centurion and Healer","floor":30.0,"turns":8.0},{"damage":64,"enemies":"Automaton","floor":33,"turns":6}],"seed_played":"-1409504435231173926","potions_obtained":[{"floor":2.0,"key":"SpeedPotion"},{"floor":8.0,"key":"Explosive Potion"},{"floor":18.0,"key":"Block Potion"},{"floor":24.0,"key":"Poison Potion"},{"floor":27.0,"key":"Explosive Potion"},{"floor":29.0,"key":"Dexterity Potion"},{"floor":30.0,"key":"AttackPotion"}],"is_trial":false,"path_per_floor":["M","M","?","$","?","E","R","E","T","R","M","$","M","?","R","B",null,"M","?","$","T","?","R","E","?","T","M","?","M","M","T","R","B"],"character_chosen":"DEFECT","items_purchased":["Defragment","Leap","Regen Potion","Juzu Bracelet"],"campfire_rested":5,"item_purchase_floors":[4,4,12,20],"current_hp_per_floor":[62,60,45,45,45,14,36,4,4,26,28,28,18,36,58,38,66,45,45,45,45,45,67,3,3,3,13,38,25,14,14,36,0],"gold":202,"neow_bonus":"RANDOM_COMMON_RELIC","is_prod":false,"is_daily":false,"chose_seed":false,"campfire_upgraded":0,"win_rate":0,"timestamp":1559487343,"path_taken":["M","?","?","$","?","E","R","E","T","R","M","$","M","?","R","BOSS","M","?","$","?","?","R","E","?","T","M","?","M","M","?","R","BOSS"],"build_version":"2019-01-23","purchased_purges":0,"victory":false,"max_hp_per_floor":[75,75,75,75,75,75,75,75,75,75,75,75,75,75,75,75,75,75,75,75,75,75,75,75,75,75,75,75,75,75,75,75,75],"card_choices":[{"not_picked":["Steam","Lockon"],"picked":"Redo","floor":1.0},{"not_picked":["Barrage","Stack"],"picked":"Conserve Battery","floor":2.0},{"not_picked":["Turbo","Go for the Eyes"],"picked":"Sweeping Beam","floor":6.0},{"not_picked":["FTL","Conserve Battery"],"picked":"Doom and Gloom","floor":8.0},{"not_picked":["Scrape","Gash"],"picked":"Chaos","floor":11.0},{"not_picked":["Coolheaded","Stack"],"picked":"Auto Shields","floor":13.0},{"not_picked":["Amplify","Creative AI"],"picked":"Seek","floor":16.0},{"not_picked":["Compile Driver","Barrage"],"picked":"Reprogram","floor":18.0},{"not_picked":["Hologram","Reprogram"],"picked":"Loop+1","floor":24.0},{"not_picked":["Redo+1","Ball Lightning"],"picked":"Chill","floor":27.0},{"not_picked":["Steam","Leap"],"picked":"Core Surge","floor":29.0},{"not_picked":["Loop+1","Tempest+1"],"picked":"Go for the Eyes","floor":30.0},{"not_picked":["Heatsinks","Self Repair+1"],"picked":"Cold Snap","floor":32.0}],"player_experience":206866,"relics_obtained":[{"floor":6.0,"key":"Smiling Mask"},{"floor":8.0,"key":"PreservedInsect"},{"floor":9.0,"key":"Blood Vial"},{"floor":21.0,"key":"Ancient Tea Set"},{"floor":24.0,"key":"Centennial Puzzle"},{"floor":26.0,"key":"Happy Flower"},{"floor":31.0,"key":"Dream Catcher"}],"event_choices":[{"damage_healed":0.0,"max_hp_gain":0.0,"max_hp_loss":0.0,"gold_gain":0.0,"event_name":"Shining Light","player_choice":"Entered Light","floor":3.0,"gold_loss":0.0,"damage_taken":15.0,"cards_upgraded":["Strike_B","Defend_B"]},{"damage_healed":0.0,"max_hp_gain":0.0,"max_hp_loss":0.0,"gold_gain":0.0,"event_name":"Living Wall","player_choice":"Grow","floor":5.0,"gold_loss":0.0,"damage_taken":0.0,"cards_upgraded":["Defragment"]},{"damage_healed":18.0,"max_hp_gain":0.0,"max_hp_loss":0.0,"gold_gain":0.0,"event_name":"The Cleric","player_choice":"Healed","floor":14.0,"gold_loss":35.0,"damage_taken":0.0},{"damage_healed":0.0,"max_hp_gain":0.0,"max_hp_loss":0.0,"gold_gain":0.0,"cards_transformed":["Strike_B"],"event_name":"Transmorgrifier","player_choice":"Transformed","floor":19.0,"gold_loss":0.0,"damage_taken":0.0,"cards_obtained":["Darkness"]},{"damage_healed":0.0,"max_hp_gain":0.0,"max_hp_loss":0.0,"gold_gain":0.0,"event_name":"Addict","player_choice":"Stole Relic","floor":22.0,"gold_loss":0.0,"damage_taken":0.0,"relics_obtained":["Pen Nib"],"cards_obtained":["Shame"]},{"damage_healed":0.0,"max_hp_gain":0.0,"max_hp_loss":0.0,"gold_gain":0.0,"event_name":"Drug Dealer","player_choice":"Inject Mutagens","floor":25.0,"gold_loss":0.0,"damage_taken":0.0,"relics_obtained":["MutagenicStrength"]},{"damage_healed":25.0,"max_hp_gain":0.0,"max_hp_loss":0.0,"gold_gain":0.0,"event_name":"The Library","player_choice":"Heal","floor":28.0,"gold_loss":0.0,"damage_taken":0.0}],"is_beta":false,"boss_relics":[{"not_picked":["Pandora\u0027s Box","Coffee Dripper"],"picked":"White Beast Statue"}],"items_purged_floors":[],"is_endless":false,"potions_floor_spawned":[2,8,18,24,27,29,30],"killed_by":"Automaton","ascension_level":8}