{"gold_per_floor":[119,138,149,25,25,25,38,38,61,61,10,21,21,21,21,118,118,130,130,149,109,129,129,142,142,142,142,158,158,158,188,188,291,291,307,307,206,224,244,244,264,264,287,78,96,108,108,148,148,148],"floor_reached":51,"playtime":1447,"items_purged":["Defend_R"],"score":712,"play_id":"55649703-48e7-44a4-b90c-87a92ffeac19","local_time":"20180927172457","is_ascension_mode":false,"campfire_choices":[{"data":"True Grit","floor":6,"key":"SMITH"},{"data":"Bash","floor":8,"key":"SMITH"},{"data":"Clash","floor":10,"key":"SMITH"},{"data":"Flame Barrier","floor":15,"key":"SMITH"},{"data":"Demon Form","floor":23,"key":"SMITH"},{"data":"Perfected Strike","floor":25,"key":"SMITH"},{"data":"J.A.X.","floor":29,"key":"SMITH"},{"floor":32,"key":"REST"},{"data":"Dual Wield","floor":40,"key":"SMITH"},{"data":"Flex","floor":42,"key":"SMITH"},{"floor":49,"key":"REST"}],"neow_cost":"NONE","seed_source_timestamp":63792032996238,"circlet_count":0,"master_deck":["Strike_R","Strike_R+1","Strike_R+1","Strike_R","Strike_R+1","Defend_R+1","Bash+1","True Grit+1","Perfected Strike+1","Flame Barrier+1","Clash+1","Twin Strike","Twin Strike","Flash of Steel","Demon Form+1","Wild Strike+1","J.A.X.+1","Dual Wield+1","Perfected Strike+1","Heavy Blade+1","Seeing Red+1","Wild Strike","Twin Strike","Flex+1","HandOfGreed","Madness","Madness"],"relics":["Burning Blood","Happy Flower","Whetstone","Snecko Eye","Bag of Marbles","Orichalcum","Strawberry","Empty Cage","Mango","Bag of Preparation","Mummified Hand"],"potions_floor_usage":[33,33,33,50,50,50],"damage_taken":[{"damage":6,"enemies":"Jaw Worm","floor":1,"turns":3},{"damage":6,"enemies":"Cultist","floor":2,"turns":3},{"damage":0,"enemies":"Small Slimes","floor":3,"turns":3},{"damage":0,"enemies":"Gremlin Gang","floor":7,"turns":4},{"damage":12,"enemies":"Blue Slaver","floor":12,"turns":2},{"damage":18,"enemies":"Slime Boss","floor":16,"turns":8},{"damage":1,"enemies":"2 Thieves","floor":18,"turns":3},{"damage":13,"enemies":"Spheric Guardian","floor":20,"turns":3},{"damage":28,"enemies":"Snake Plant","floor":22,"turns":3},{"damage":15,"enemies":"Snecko","floor":24,"turns":6},{"damage":8,"enemies":"Cultist and Chosen","floor":28,"turns":3},{"damage":15,"enemies":"Slavers","floor":31,"turns":4},{"damage":22,"enemies":"Collector","floor":33,"turns":5},{"damage":24,"enemies":"3 Darklings","floor":35,"turns":5},{"damage":8,"enemies":"Mind Bloom Boss Battle","floor":36,"turns":4},{"damage":6,"enemies":"3 Shapes","floor":38,"turns":2},{"damage":4,"enemies":"Sphere and 2 Shapes","floor":39,"turns":3},{"damage":27,"enemies":"4 Shapes","floor":41,"turns":3},{"damage":3,"enemies":"Reptomancer","floor":45,"turns":3},{"damage":16,"enemies":"Maw","floor":46,"turns":5},{"damage":18,"enemies":"2 Orb Walkers","floor":48,"turns":3},{"damage":38,"enemies":"Time Eater","floor":50,"turns":4}],"seed_played":"-8490294785256345897","potions_obtained":[{"floor":3,"key":"Ancient Potion"},{"floor":12,"key":"SteroidPotion"},{"floor":16,"key":"BloodPotion"},{"floor":18,"key":"Fire Potion"},{"floor":33,"key":"FearPotion"},{"floor":35,"key":"LiquidBronze"},{"floor":36,"key":"Fire Potion"}],"is_trial":false,"path_per_floor":["M","M","M","$","?","R","M","R","T","R","$","M","?","$","R","B",null,"M","?","M","?","M","R","M","R","T","?","M","R","?","E","R","B",null,"M","?","$","M","M","R","M","R","T","$","M","M","?","E","R","B"],"character_chosen":"IRONCLAD","items_purchased":["Clash","Twin Strike","Wild Strike","Twin Strike","HandOfGreed"],"campfire_rested":2,"item_purchase_floors":[4,11,37,37,44],"current_hp_per_floor":[80,80,80,80,80,80,80,80,80,80,80,74,74,74,74,62,80,80,80,73,73,51,51,42,42,42,42,40,40,40,38,64,48,87,69,81,81,81,83,83,62,62,62,62,65,55,42,30,60,28],"gold":148,"neow_bonus":"RANDOM_COMMON_RELIC","is_prod":false,"is_daily":false,"chose_seed":false,"campfire_upgraded":9,"win_rate":0,"timestamp":1538036697,"path_taken":["M","M","M","$","?","R","M","R","T","R","?","M","?","?","R","BOSS","M","?","M","?","?","R","M","R","T","?","?","R","?","E","R","BOSS","M","?","$","M","M","R","M","R","T","$","M","M","?","E","R","BOSS"],"build_version":"2018-09-20","purchased_purges":1,"victory":true,"max_hp_per_floor":[80,80,80,80,80,80,80,80,80,80,80,80,80,80,80,80,80,80,80,80,80,80,80,80,80,80,80,80,80,80,87,87,87,87,87,101,101,101,101,101,101,101,101,101,101,101,101,101,101,101],"card_choices":[{"not_picked":["Body Slam","Infernal Blade"],"picked":"True Grit","floor":1},{"not_picked":["Cleave","Warcry"],"picked":"Perfected Strike","floor":2},{"not_picked":["True Grit","Heavy Blade"],"picked":"Flame Barrier","floor":3},{"not_picked":["Bloodletting","Heavy Blade","Headbutt"],"picked":"SKIP","floor":7},{"not_picked":["Body Slam","Barricade"],"picked":"Twin Strike","floor":12},{"not_picked":["Reaper","Immolate"],"picked":"Demon Form","floor":16},{"not_picked":["Twin Strike","True Grit"],"picked":"Wild Strike+1","floor":18},{"not_picked":["Fire Breathing","Thunderclap"],"picked":"Dual Wield","floor":20},{"not_picked":["Cleave","Clash","Reckless Charge"],"picked":"SKIP","floor":22},{"not_picked":["Feel No Pain","Cleave"],"picked":"Perfected Strike","floor":24},{"not_picked":["Whirlwind","Sword Boomerang","Rupture"],"picked":"SKIP","floor":28},{"not_picked":["Reckless Charge","Disarm+1","Infernal Blade"],"picked":"SKIP","floor":31},{"not_picked":["Pommel Strike+1","Body Slam+1"],"picked":"Heavy Blade+1","floor":35},{"not_picked":["Whirlwind","Shockwave"],"picked":"Seeing Red+1","floor":36},{"not_picked":["Anger","Body Slam+1","Carnage"],"picked":"SKIP","floor":38},{"not_picked":["Reckless Charge+1","Feel No Pain+1","Power Through+1"],"picked":"SKIP","floor":39},{"not_picked":["Carnage","Wild Strike+1"],"picked":"Flex","floor":41},{"not_picked":["Seeing Red","Cleave+1","Shrug It Off"],"picked":"SKIP","floor":45},{"not_picked":["Body Slam+1","Hemokinesis","Thunderclap"],"picked":"SKIP","floor":46},{"not_picked":["Clothesline","Warcry+1","Evolve+1"],"picked":"SKIP","floor":48}],"player_experience":289495,"relics_obtained":[{"floor":9,"key":"Whetstone"},{"floor":26,"key":"Bag of Marbles"},{"floor":31,"key":"Strawberry"},{"floor":36,"key":"Mango"},{"floor":43,"key":"Bag of Preparation"},{"floor":48,"key":"Mummified Hand"}],"event_choices":[{"event_name":"Living Wall","player_choice":"Grow","floor":5,"damage_taken":0},{"event_name":"Match and Keep!","player_choice":"1 cards matched","floor":13,"damage_taken":0},{"event_name":"Drug Dealer","player_choice":"Got JAX","floor":19,"damage_taken":0},{"event_name":"Designer","player_choice":"Upgrade 2 Random Cards","floor":21,"damage_taken":0},{"event_name":"The Mausoleum","player_choice":"Yes","floor":27,"damage_taken":0},{"event_name":"Ghosts","player_choice":"Ignored","floor":30,"damage_taken":0},{"event_name":"MindBloom","player_choice":"Fight","floor":36,"damage_taken":0},{"event_name":"Winding Halls","player_choice":"Embrace Madness","floor":47,"damage_taken":0}],"is_beta":false,"boss_relics":[{"not_picked":["Lizard Tail","Velvet Choker"],"picked":"Snecko Eye"},{"not_picked":["Astrolabe","Black Star"],"picked":"Empty Cage"}],"items_purged_floors":[4],"is_endless":false,"potions_floor_spawned":[3,12,16,18,24,31,33,35,36,41,46],"ascension_level":0}