{"gold_per_floor":[111,111,36,36,57,57,78,92,115,115,138,163,178,198,198,328,328,348,348,348,348],"floor_reached":21,"playtime":601,"items_purged":["Defend_B"],"score":173,"play_id":"c6aadbca-6245-4711-a684-a83fae071be8","local_time":"20180716224912","is_ascension_mode":false,"campfire_choices":[{"data":"Zap","floor":6,"key":"SMITH"},{"data":"Dualcast","floor":10,"key":"SMITH"},{"floor":15,"key":"REST"}],"neow_cost":"NONE","seed_source_timestamp":13722794548819,"circlet_count":0,"master_deck":["Strike_B","Strike_B","Strike_B","Defend_B","Defend_B","Defend_B","Zap+1","Dualcast+1","Streamline","Cold Snap","Redo","FTL","Conserve Battery","Leap","Coolheaded","Ball Lightning","Biased Cognition","Writhe","Clumsy"],"relics":["Cracked Core","Golden Idol","Boot","Calling Bell","Juzu Bracelet","Kunai","Ice Cream"],"potions_floor_usage":[],"damage_taken":[{"damage":0,"enemies":"Small Slimes","floor":1,"turns":2},{"damage":0,"enemies":"Cultist","floor":5,"turns":2},{"damage":11,"enemies":"Jaw Worm","floor":7,"turns":2},{"damage":16,"enemies":"Large Slime","floor":8,"turns":3},{"damage":16,"enemies":"Exordium Wildlife","floor":11,"turns":3},{"damage":4,"enemies":"Red Slaver","floor":12,"turns":3},{"damage":0,"enemies":"Lots of Slimes","floor":13,"turns":4},{"damage":9,"enemies":"Exordium Wildlife","floor":14,"turns":4},{"damage":10,"enemies":"Slime Boss","floor":16,"turns":9},{"damage":19,"enemies":"3 Byrds","floor":18,"turns":6},{"damage":0,"enemies":"Spheric Guardian","floor":21,"turns":1}],"seed_played":"3228474507643480958","potions_obtained":[{"floor":1,"key":"SteroidPotion"},{"floor":8,"key":"EssenceOfSteel"},{"floor":12,"key":"Energy Potion"},{"floor":14,"key":"Energy Potion"}],"is_trial":false,"path_per_floor":["M","?","$","?","M","R","M","M","T","R","M","M","M","M","R","B",null,"M","?","?"],"character_chosen":"DEFECT","items_purchased":[],"campfire_rested":1,"item_purchase_floors":[],"current_hp_per_floor":[75,75,75,57,57,57,46,30,30,30,14,10,10,1,23,13,75,56,56,56,56],"gold":348,"neow_bonus":"THREE_CARDS","is_prod":false,"is_daily":false,"chose_seed":false,"campfire_upgraded":2,"win_rate":0,"timestamp":1531748952,"path_taken":["M","?","?","?","M","R","M","M","T","R","M","M","?","M","R","BOSS","M","?","?","M"],"build_version":"2018-07-12","purchased_purges":1,"victory":false,"max_hp_per_floor":[75,75,75,75,75,75,75,75,75,75,75,75,75,75,75,75,75,75,75,72,72],"card_choices":[{"not_picked":["Hello World","Barrage"],"picked":"Streamline","floor":0},{"not_picked":["Skim","Blizzard"],"picked":"Cold Snap","floor":1},{"not_picked":["Rebound","Turbo"],"picked":"Redo","floor":5},{"not_picked":["Cold Snap","Scrape"],"picked":"FTL","floor":7},{"not_picked":["Steam Power","Reinforced Body"],"picked":"Conserve Battery","floor":8},{"not_picked":["Redo","Stack"],"picked":"Leap","floor":11},{"not_picked":["Hyperbeam","Doom and Gloom","Stack"],"picked":"SKIP","floor":12},{"not_picked":["Hologram","Sweeping Beam"],"picked":"Coolheaded","floor":13},{"not_picked":["Sweeping Beam","Streamline"],"picked":"Ball Lightning","floor":14},{"not_picked":["Multi-Cast","Echo Form"],"picked":"Biased Cognition","floor":16},{"not_picked":["Sweeping Beam","Redo","Stack"],"picked":"SKIP","floor":18}],"player_experience":185980,"relics_obtained":[{"floor":9,"key":"Boot"},{"floor":17,"key":"Juzu Bracelet"},{"floor":17,"key":"Kunai"},{"floor":17,"key":"Ice Cream"}],"event_choices":[{"event_name":"Bonfire Elementals","player_choice":"BASIC","floor":2,"damage_taken":0},{"event_name":"Golden Idol","player_choice":"Take Damage","floor":4,"damage_taken":0},{"event_name":"Vampires","player_choice":"Ignored","floor":19,"damage_taken":0},{"event_name":"Back to Basics","player_choice":"Elegance","floor":20,"damage_taken":0}],"boss_relics":[{"not_picked":["Runic Pyramid","Orrery"],"picked":"Calling Bell"}],"items_purged_floors":[3],"is_endless":false,"potions_floor_spawned":[1,8,12,14,16],"killed_by":"Spheric Guardian","ascension_level":0}