{"gold_per_floor":[118,118,43,43,2,35,35,48,48,81,81,81,101,101,101,178,178,154,154,169,169,185,210,210,23,74,34,48,67,67,79,79,79],"floor_reached":33,"playtime":1441,"items_purged":["Strike_B"],"score":566,"play_id":"bc3f6bed-8e81-4b7a-b5d8-84605fe3d3c5","local_time":"20190524234139","is_ascension_mode":true,"campfire_choices":[{"floor":12,"key":"DIG"},{"data":"Fusion","floor":15,"key":"SMITH"},{"floor":24,"key":"REST"},{"floor":32,"key":"REST"}],"neow_cost":"NONE","seed_source_timestamp":142413461367747,"circlet_count":0,"master_deck":["AscendersBane","Strike_B+1","Strike_B","Defend_B+1","Defend_B","Defend_B+1","Defend_B","Zap+1","Dualcast","Static Discharge","Fusion+1","Glacier","Ball Lightning","Rainbow","Defragment+1","Go for the Eyes+1","Compile Driver+1","Steam","Melter","Conserve Battery","Glacier","Decay","BootSequence"],"relics":["Cracked Core","NeowsBlessing","Shovel","War Paint","Meat on the Bone","Kunai","Centennial Puzzle","Oddly Smooth Stone","Runic Dome","Vajra","Anchor"],"potions_floor_usage":[10,10,16,22,31,33],"damage_taken":[{"damage":0,"enemies":"Small Slimes","floor":1,"turns":1},{"damage":0,"enemies":"Gremlin Nob","floor":6,"turns":1},{"damage":0,"enemies":"Jaw Worm","floor":8,"turns":1},{"damage":7,"enemies":"Lagavulin","floor":10,"turns":6},{"damage":0,"enemies":"2 Louse","floor":13,"turns":2},{"damage":23,"enemies":"The Guardian","floor":16,"turns":13},{"damage":7,"enemies":"2 Thieves","floor":18,"turns":4},{"damage":1,"enemies":"Shell Parasite","floor":20,"turns":6},{"damage":4,"enemies":"3 Cultists","floor":22,"turns":6},{"damage":66,"enemies":"Gremlin Leader","floor":23,"turns":7},{"damage":14,"enemies":"Cultist and Chosen","floor":28,"turns":7},{"damage":11,"enemies":"Snecko","floor":29,"turns":5},{"damage":36,"enemies":"3 Cultists","floor":31,"turns":6},{"damage":48,"enemies":"Collector","floor":33,"turns":7}],"seed_played":"6662277627209776749","potions_obtained":[{"floor":6,"key":"Swift Potion"},{"floor":8,"key":"SteroidPotion"},{"floor":10,"key":"Poison Potion"},{"floor":21,"key":"FairyPotion"},{"floor":21,"key":"Energy Potion"},{"floor":23,"key":"Explosive Potion"},{"floor":27,"key":"Fire Potion"}],"is_trial":false,"path_per_floor":["M","?","?","T","$","E","?","M","T","E","?","R","M","?","R","B",null,"M","?","M","?","M","E","R","$","T","?","M","M","?","M","R","B"],"character_chosen":"DEFECT","items_purchased":["Static Discharge","Melter","Conserve Battery"],"campfire_rested":2,"item_purchase_floors":[5,25,25],"current_hp_per_floor":[64,53,53,53,53,53,32,44,44,37,60,60,60,60,60,37,63,56,70,69,69,65,19,40,40,40,40,38,39,39,15,36,0],"gold":79,"neow_bonus":"THREE_ENEMY_KILL","is_prod":false,"is_daily":false,"chose_seed":false,"campfire_upgraded":1,"win_rate":0,"timestamp":1558766499,"path_taken":["M","?","?","?","$","E","?","?","T","E","?","R","M","?","R","BOSS","M","?","M","?","?","E","R","$","T","?","?","M","?","M","R","BOSS"],"build_version":"2019-01-23","purchased_purges":1,"victory":false,"max_hp_per_floor":[71,71,71,71,71,71,71,71,71,71,71,71,71,71,71,71,71,71,71,71,71,71,71,71,71,71,71,71,71,71,71,71,71],"card_choices":[{"not_picked":["Redo","Hologram","Gash"],"picked":"SKIP","floor":1},{"not_picked":["Leap","Skim"],"picked":"Fusion","floor":6},{"not_picked":["Sweeping Beam","Leap","Force Field"],"picked":"SKIP","floor":8},{"not_picked":["Self Repair","Genetic Algorithm"],"picked":"Glacier","floor":10},{"not_picked":["Beam Cell","Conserve Battery"],"picked":"Ball Lightning","floor":13},{"not_picked":["Biased Cognition","Hyperbeam"],"picked":"Rainbow","floor":16},{"not_picked":["Redo","Stack"],"picked":"Defragment+1","floor":18},{"not_picked":["Stack","Hologram"],"picked":"Go for the Eyes+1","floor":20},{"not_picked":["Darkness+1","White Noise"],"picked":"Compile Driver+1","floor":22},{"not_picked":["Barrage","Ball Lightning"],"picked":"Steam","floor":23},{"not_picked":["Cold Snap","Force Field+1","Creative AI"],"picked":"SKIP","floor":28},{"not_picked":["Beam Cell","Redo"],"picked":"Glacier","floor":29},{"not_picked":["Tempest","Steam"],"picked":"BootSequence","floor":31}],"player_experience":739450,"relics_obtained":[{"floor":4,"key":"War Paint"},{"floor":6,"key":"Meat on the Bone"},{"floor":9,"key":"Kunai"},{"floor":10,"key":"Centennial Puzzle"},{"floor":12,"key":"Oddly Smooth Stone"},{"floor":23,"key":"Vajra"},{"floor":26,"key":"Anchor"}],"event_choices":[{"damage_healed":0,"gold_gain":0,"player_choice":"Success","damage_taken":11,"relics_obtained":["Shovel"],"max_hp_gain":0,"max_hp_loss":0,"event_name":"Scrap Ooze","floor":2,"gold_loss":0},{"cards_removed":["Strike_B"],"damage_healed":0,"gold_gain":0,"player_choice":"Card Removal","damage_taken":0,"max_hp_gain":0,"max_hp_loss":0,"event_name":"The Cleric","floor":3,"gold_loss":75},{"damage_healed":0,"gold_gain":0,"player_choice":"Entered Light","damage_taken":21,"max_hp_gain":0,"max_hp_loss":0,"event_name":"Shining Light","floor":7,"gold_loss":0,"cards_upgraded":["Zap","Strike_B"]},{"damage_healed":23,"gold_gain":0,"player_choice":"Banana","damage_taken":0,"max_hp_gain":0,"max_hp_loss":0,"event_name":"Big Fish","floor":11,"gold_loss":0},{"damage_healed":0,"gold_gain":0,"player_choice":"Ignored","damage_taken":0,"max_hp_gain":0,"max_hp_loss":0,"event_name":"Liars Game","floor":14,"gold_loss":0},{"damage_healed":14,"gold_gain":0,"player_choice":"Heal","damage_taken":0,"max_hp_gain":0,"max_hp_loss":0,"event_name":"The Library","floor":19,"gold_loss":0},{"damage_healed":0,"gold_gain":0,"player_choice":"Got Potions","damage_taken":0,"max_hp_gain":0,"max_hp_loss":0,"event_name":"Lab","floor":21,"gold_loss":0},{"damage_healed":0,"gold_gain":0,"player_choice":"Bought 3 Potions","damage_taken":0,"max_hp_gain":0,"max_hp_loss":0,"event_name":"The Woman in Blue","floor":27,"gold_loss":0},{"damage_healed":0,"gold_gain":0,"player_choice":"Smashed Altar","damage_taken":0,"max_hp_gain":0,"max_hp_loss":0,"event_name":"Forgotten Altar","floor":30,"gold_loss":0,"cards_obtained":["Decay"]}],"is_beta":false,"boss_relics":[{"not_picked":["Fusion Hammer","Orrery"],"picked":"Runic Dome"}],"items_purged_floors":[25],"is_endless":false,"potions_floor_spawned":[6,8,10,23,28],"killed_by":"Collector","ascension_level":18}