{"gold_per_floor":[115,14,14,32,46,81,81,114,114,141,141,152,40,54,54,132,132,143,58,8,20,34,67,67,95,119,119,119,119,119,133,133,212,212,229,103,0,13,13,13,13],"floor_reached":41,"playtime":1739,"items_purged":["Strike_R","Defend_R"],"score":807,"play_id":"8752657d-9bb2-45c2-9dde-925c3db09ada","local_time":"20190321171807","is_ascension_mode":true,"campfire_choices":[{"data":"True Grit","floor":7.0,"key":"SMITH"},{"data":"Disarm","floor":15.0,"key":"SMITH"},{"data":"Limit Break","floor":24.0,"key":"SMITH"},{"data":"Bash","floor":27.0,"key":"SMITH"},{"data":"Dual Wield","floor":30.0,"key":"SMITH"},{"data":"Feel No Pain","floor":32.0,"key":"SMITH"},{"data":"Limit Break","floor":40.0,"key":"SMITH"}],"neow_cost":"NONE","seed_source_timestamp":24674573145163,"circlet_count":0,"master_deck":["AscendersBane","Defend_R","Defend_R","Defend_R","Bash+1","Flame Barrier","Spot Weakness","Iron Wave","Shrug It Off","True Grit+1","Uppercut+1","Feel No Pain+1","Burning Pact","Pommel Strike","Inflame","Disarm+1","Limit Break+1","Dual Wield+1","Bite","Bite","Bite","Bite","Bite","Clothesline+1","Limit Break+1","Burning Pact+1","Shrug It Off","Forethought"],"special_seed":0,"relics":["Burning Blood","Anchor","Pantograph","Self Forming Clay","Dodecahedron","Meat on the Bone","Whetstone","Snecko Eye","Bag of Preparation","Paper Frog","Singing Bowl","Strawberry","MutagenicStrength","Sozu","Red Mask"],"potions_floor_usage":[],"damage_taken":[{"damage":2.0,"enemies":"Jaw Worm","floor":1.0,"turns":3.0},{"damage":0.0,"enemies":"2 Louse","floor":4.0,"turns":3.0},{"damage":0.0,"enemies":"Cultist","floor":5.0,"turns":4.0},{"damage":33.0,"enemies":"Lagavulin","floor":6.0,"turns":10.0},{"damage":27.0,"enemies":"Gremlin Nob","floor":8.0,"turns":6.0},{"damage":9.0,"enemies":"3 Sentries","floor":10.0,"turns":11.0},{"damage":4.0,"enemies":"Blue Slaver","floor":12.0,"turns":4.0},{"damage":2.0,"enemies":"3 Louse","floor":14.0,"turns":3.0},{"damage":11.0,"enemies":"Hexaghost","floor":16.0,"turns":10.0},{"damage":20.0,"enemies":"Spheric Guardian","floor":18.0,"turns":6.0},{"damage":4.0,"enemies":"Shell Parasite","floor":21.0,"turns":4.0},{"damage":5.0,"enemies":"Snake Plant","floor":22.0,"turns":4.0},{"damage":36.0,"enemies":"Slavers","floor":23.0,"turns":5.0},{"damage":4.0,"enemies":"Book of Stabbing","floor":25.0,"turns":5.0},{"damage":21.0,"enemies":"Shelled Parasite and Fungi","floor":31.0,"turns":7.0},{"damage":29.0,"enemies":"Collector","floor":33.0,"turns":5.0},{"damage":14.0,"enemies":"3 Shapes","floor":35.0,"turns":6.0},{"damage":7.0,"enemies":"3 Darklings","floor":38.0,"turns":5.0},{"damage":64,"enemies":"Reptomancer","floor":41,"turns":5}],"seed_played":"6612732498315251038","potions_obtained":[{"floor":1.0,"key":"BloodPotion"},{"floor":5.0,"key":"Fire Potion"},{"floor":8.0,"key":"LiquidBronze"},{"floor":14.0,"key":"Block Potion"},{"floor":21.0,"key":"Dexterity Potion"},{"floor":22.0,"key":"EntropicBrew"}],"is_trial":false,"path_per_floor":["M","$","?","M","M","E","R","E","T","E","T","M","$","M","R","B",null,"M","?","?","M","M","E","R","E","T","R","?","?","R","M","R","B",null,"M","$","?","M","?","R","E"],"character_chosen":"IRONCLAD","items_purchased":["Spot Weakness","Iron Wave","Inflame","Shrug It Off"],"campfire_rested":0,"item_purchase_floors":[2,2,13,36],"current_hp_per_floor":[72,72,72,75,75,48,48,27,27,31,31,45,45,49,49,69,74,60,60,60,62,63,45,45,49,56,56,56,56,56,45,45,43,54,52,52,52,60,54,54,0],"gold":13,"neow_bonus":"RANDOM_COMMON_RELIC","is_prod":false,"is_daily":false,"chose_seed":false,"campfire_upgraded":7,"win_rate":0,"timestamp":1553163487,"path_taken":["M","$","?","M","M","E","R","E","T","E","?","M","$","M","R","BOSS","M","?","?","?","M","E","R","E","T","R","?","?","R","M","R","BOSS","M","$","?","M","?","R","E"],"build_version":"2019-01-23","purchased_purges":2,"victory":false,"max_hp_per_floor":[75,75,75,75,75,75,75,75,75,75,75,75,75,75,75,75,75,75,75,75,75,75,75,75,77,84,84,58,58,58,58,58,58,58,58,58,58,60,64,64,64],"card_choices":[{"not_picked":["Armaments","Shrug It Off"],"picked":"Flame Barrier","floor":1.0},{"not_picked":["Sword Boomerang","True Grit"],"picked":"Shrug It Off","floor":4.0},{"not_picked":["Havoc","Wild Strike"],"picked":"True Grit","floor":5.0},{"not_picked":["Impervious","Heavy Blade"],"picked":"Uppercut","floor":6.0},{"not_picked":["Clothesline","Heavy Blade"],"picked":"Feel No Pain","floor":8.0},{"not_picked":["Blood for Blood","Clothesline"],"picked":"Burning Pact","floor":10.0},{"not_picked":["Thunderclap","Dropkick"],"picked":"Pommel Strike","floor":12.0},{"not_picked":["Sword Boomerang","Shockwave"],"picked":"Disarm","floor":14.0},{"not_picked":["Exhume","Barricade"],"picked":"Limit Break","floor":16.0},{"not_picked":["Twin Strike","Blood for Blood","Intimidate"],"picked":"SKIP","floor":18.0},{"not_picked":["Clash","Twin Strike"],"picked":"Dual Wield","floor":21.0},{"not_picked":["Searing Blow","Havoc","Anger+1"],"picked":"SKIP","floor":22.0},{"not_picked":["Sword Boomerang","Hemokinesis","Spot Weakness"],"picked":"SKIP","floor":23.0},{"not_picked":["Rage","Sword Boomerang","Thunderclap"],"picked":"Singing Bowl","floor":25.0},{"not_picked":["Sword Boomerang+1","Flex"],"picked":"Clothesline+1","floor":31.0},{"not_picked":["Feed","Double Tap"],"picked":"Limit Break","floor":33.0},{"not_picked":["Searing Blow","Infernal Blade"],"picked":"Burning Pact+1","floor":35.0},{"not_picked":["Pommel Strike","Sever Soul+1","Rupture+1"],"picked":"Singing Bowl","floor":38.0},{"not_picked":["Trip","Purity","Deep Breath"],"picked":"Singing Bowl","floor":39.0},{"not_picked":["Enlightenment","Magnetism"],"picked":"Forethought","floor":39.0},{"not_picked":["Madness","Discovery","Good Instincts"],"picked":"Singing Bowl","floor":39.0}],"player_experience":408166,"relics_obtained":[{"floor":6.0,"key":"Pantograph"},{"floor":8.0,"key":"Self Forming Clay"},{"floor":9.0,"key":"Dodecahedron"},{"floor":10.0,"key":"Meat on the Bone"},{"floor":11.0,"key":"Whetstone"},{"floor":23.0,"key":"Paper Frog"},{"floor":25.0,"key":"Singing Bowl"},{"floor":26.0,"key":"Strawberry"}],"event_choices":[{"damage_healed":0.0,"max_hp_gain":0.0,"max_hp_loss":0.0,"gold_gain":0.0,"event_name":"The Cleric","player_choice":"Leave","floor":3.0,"gold_loss":0.0,"damage_taken":0.0},{"damage_healed":0.0,"max_hp_gain":0.0,"max_hp_loss":0.0,"gold_gain":0.0,"event_name":"Addict","player_choice":"Obtained Relic","floor":19.0,"gold_loss":85.0,"damage_taken":0.0,"relics_obtained":["Bag of Preparation"]},{"damage_healed":0.0,"max_hp_gain":0.0,"max_hp_loss":0.0,"gold_gain":0.0,"event_name":"The Joust","player_choice":"Bet on Murderer","floor":20.0,"gold_loss":50.0,"damage_taken":0.0},{"damage_healed":0.0,"max_hp_gain":0.0,"max_hp_loss":26.0,"gold_gain":0.0,"event_name":"Vampires","player_choice":"Became a vampire","floor":28.0,"gold_loss":0.0,"damage_taken":0.0,"cards_obtained":["Bite","Bite","Bite","Bite","Bite"]},{"damage_healed":0.0,"max_hp_gain":0.0,"max_hp_loss":0.0,"gold_gain":0.0,"event_name":"Drug Dealer","player_choice":"Inject Mutagens","floor":29.0,"gold_loss":0.0,"damage_taken":0.0,"relics_obtained":["MutagenicStrength"]},{"damage_healed":0.0,"max_hp_gain":0.0,"max_hp_loss":0.0,"gold_gain":0.0,"event_name":"Tomb of Lord Red Mask","player_choice":"Paid","floor":37.0,"gold_loss":103.0,"damage_taken":0.0,"relics_obtained":["Red Mask"]},{"damage_healed":0.0,"max_hp_gain":0.0,"max_hp_loss":0.0,"gold_gain":0.0,"event_name":"SensoryStone","player_choice":"Memory 3","floor":39.0,"gold_loss":0.0,"damage_taken":10.0}],"is_beta":false,"boss_relics":[{"not_picked":["Runic Pyramid","Empty Cage"],"picked":"Snecko Eye"},{"not_picked":["Philosopher\u0027s Stone","Busted Crown"],"picked":"Sozu"}],"items_purged_floors":[13,36],"is_endless":false,"potions_floor_spawned":[1,5,8,14,21,22],"killed_by":"Reptomancer","ascension_level":15}