{"gold_per_floor":[113,63,63,63,63,90,12,41,41,41,51,65,81,95,95,95],"floor_reached":16,"playtime":666,"items_purged":[],"score":160,"play_id":"a4d38794-1c66-4195-9cec-49be389a80b1","local_time":"20190126191052","is_ascension_mode":false,"campfire_choices":[{"floor":10,"key":"RECALL"},{"data":"Leg Sweep","floor":15,"key":"SMITH"}],"neow_cost":"NONE","seed_source_timestamp":114159832955073,"circlet_count":0,"master_deck":["Defend_G","Defend_G","Defend_G","Defend_G+1","Defend_G","Strike_G","Strike_G","Strike_G","Strike_G","Survivor+1","Neutralize","Blade Dance","Slice","Leg Sweep+1","Bane","Cloak And Dagger","Tactician","Blur","Cloak And Dagger"],"relics":["Ring of the Snake","NeowsBlessing","Snake Skull","Bag of Preparation","Ginger"],"potions_floor_usage":[16,16,16],"damage_taken":[{"damage":0,"enemies":"Small Slimes","floor":1,"turns":1},{"damage":0,"enemies":"3 Sentries","floor":6,"turns":1},{"damage":0,"enemies":"Lagavulin","floor":8,"turns":1},{"damage":1,"enemies":"2 Louse","floor":11,"turns":3},{"damage":0,"enemies":"Jaw Worm","floor":12,"turns":4},{"damage":2,"enemies":"Looter","floor":13,"turns":4},{"damage":10,"enemies":"Large Slime","floor":14,"turns":9},{"damage":37,"enemies":"Hexaghost","floor":16,"turns":16}],"seed_played":"-6643767433720403534","potions_obtained":[{"floor":6,"key":"FearPotion"},{"floor":8,"key":"Ancient Potion"},{"floor":11,"key":"Dexterity Potion"},{"floor":12,"key":"PowerPotion"}],"is_trial":false,"path_per_floor":["M","?","?","?","?","E","$","E","T","R","M","M","M","M","R","B"],"character_chosen":"THE_SILENT","items_purchased":["Leg Sweep"],"campfire_rested":0,"item_purchase_floors":[7],"current_hp_per_floor":[70,70,70,63,49,49,49,49,49,49,48,48,46,36,36,0],"gold":95,"neow_bonus":"THREE_ENEMY_KILL","is_prod":false,"is_daily":false,"chose_seed":false,"campfire_upgraded":1,"win_rate":0,"timestamp":1548526252,"path_taken":["M","?","?","?","?","E","$","E","T","R","?","M","M","M","R","BOSS"],"build_version":"2019-01-23","purchased_purges":0,"victory":false,"max_hp_per_floor":[70,70,70,70,70,70,70,70,70,70,70,70,70,70,70,70],"card_choices":[{"not_picked":["Acrobatics","Outmaneuver"],"picked":"Blade Dance","floor":1},{"not_picked":["Prepared","PiercingWail"],"picked":"Slice","floor":6},{"not_picked":["Acrobatics","Wraith Form v2"],"picked":"Bane","floor":8},{"not_picked":["Sucker Punch","Masterful Stab"],"picked":"Cloak And Dagger","floor":11},{"not_picked":["Acrobatics","Dagger Spray"],"picked":"Tactician","floor":12},{"not_picked":["Dagger Spray","Masterful Stab"],"picked":"Blur","floor":13},{"not_picked":["Concentrate","Unload"],"picked":"Cloak And Dagger","floor":14}],"player_experience":196799,"relics_obtained":[{"floor":6,"key":"Bag of Preparation"},{"floor":8,"key":"Ginger"}],"event_choices":[{"cards_removed":["Strike_G"],"damage_healed":0,"gold_gain":0,"player_choice":"Card Removal","damage_taken":0,"max_hp_gain":0,"max_hp_loss":0,"event_name":"The Cleric","floor":2,"gold_loss":50},{"damage_healed":0,"gold_gain":0,"player_choice":"Box","damage_taken":0,"relics_obtained":["Snake Skull"],"max_hp_gain":0,"max_hp_loss":0,"event_name":"Big Fish","floor":3,"gold_loss":0,"cards_obtained":["Regret"]},{"cards_removed":["Regret"],"damage_healed":0,"gold_gain":0,"player_choice":"Card Removal","damage_taken":7,"max_hp_gain":0,"max_hp_loss":0,"event_name":"Golden Wing","floor":4,"gold_loss":0},{"damage_healed":0,"gold_gain":0,"player_choice":"Entered Light","damage_taken":14,"max_hp_gain":0,"max_hp_loss":0,"event_name":"Shining Light","floor":5,"gold_loss":0,"cards_upgraded":["Survivor","Defend_G"]}],"is_beta":false,"boss_relics":[],"items_purged_floors":[],"is_endless":false,"potions_floor_spawned":[6,8,11,12],"killed_by":"Hexaghost","ascension_level":0}