{"gold_per_floor":[117,48,65,65,65,126,126,126,152,152,171,187,204,204,204,306,306,326,343,318,88,187,187,198,209,209,209,222,65,65,83,83,181,181,200,217,217,0,0,19,19,46,46,62,62,81,156,156,156,156,156,156,76,101,101],"floor_reached":55,"playtime":1876,"items_purged":["Strike_B","Self Repair"],"score":642,"play_id":"3a3d1173-0019-49b4-b8bb-fd476fcecc29","local_time":"20190522223551","is_ascension_mode":false,"campfire_choices":[{"data":"Consume","floor":7,"key":"SMITH"},{"data":"Capacitor","floor":10,"key":"SMITH"},{"data":"Zap","floor":15,"key":"SMITH"},{"data":"Dualcast","floor":23,"key":"SMITH"},{"data":"Redo","floor":32,"key":"SMITH"},{"data":"Biased Cognition","floor":41,"key":"SMITH"},{"data":"1","floor":45,"key":"LIFT"},{"floor":49,"key":"RECALL"},{"data":"Discovery","floor":52,"key":"SMITH"}],"neow_cost":"NONE","seed_source_timestamp":367047983321166,"circlet_count":0,"master_deck":["Strike_B","Defend_B","Defend_B+1","Zap+1","Dualcast+1","Ball Lightning","Capacitor+1","Cold Snap","Consume+1","Conserve Battery","Undo","Biased Cognition+1","Gash+1","Coolheaded+1","Gash","Redo+1","Self Repair","Loop","Reboot","Storm","Chill+1","Defragment+1","Purity","PanicButton","Discovery+1","Redo+1"],"relics":["Cracked Core","NeowsBlessing","Tiny Chest","Boot","Runic Pyramid","DataDisk","Ginger","War Paint","Girya","Calling Bell","Art of War","The Courier","Dead Branch","OrangePellets","Shuriken","Question Card","Orichalcum"],"potions_floor_usage":[25,28,44,50,50,50,55],"damage_taken":[{"damage":0,"enemies":"Small Slimes","floor":1,"turns":1},{"damage":0,"enemies":"2 Louse","floor":3,"turns":1},{"damage":0,"enemies":"Lagavulin","floor":6,"turns":1},{"damage":1,"enemies":"Cultist","floor":11,"turns":4},{"damage":0,"enemies":"2 Fungi Beasts","floor":12,"turns":2},{"damage":16,"enemies":"Lots of Slimes","floor":13,"turns":4},{"damage":26,"enemies":"The Guardian","floor":16,"turns":11},{"damage":13,"enemies":"Spheric Guardian","floor":18,"turns":5},{"damage":7,"enemies":"Shell Parasite","floor":19,"turns":7},{"damage":7,"enemies":"Cultist and Chosen","floor":24,"turns":7},{"damage":8,"enemies":"Shelled Parasite and Fungi","floor":25,"turns":6},{"damage":5,"enemies":"3 Cultists","floor":28,"turns":6},{"damage":6,"enemies":"Snake Plant","floor":31,"turns":5},{"damage":35,"enemies":"Collector","floor":33,"turns":12},{"damage":3,"enemies":"3 Shapes","floor":35,"turns":5},{"damage":58,"enemies":"3 Darklings","floor":36,"turns":6},{"damage":0,"enemies":"Writhing Mass","floor":40,"turns":4},{"damage":0,"enemies":"Transient","floor":44,"turns":5},{"damage":0,"enemies":"Maw","floor":46,"turns":7},{"damage":20,"enemies":"Awakened One","floor":50,"turns":12},{"damage":38,"enemies":"Shield and Spear","floor":54,"turns":7},{"damage":49,"enemies":"The Heart","floor":55,"turns":9}],"seed_played":"-7934420316404413211","potions_obtained":[{"floor":3,"key":"FearPotion"},{"floor":12,"key":"SteroidPotion"},{"floor":13,"key":"Block Potion"},{"floor":24,"key":"Energy Potion"},{"floor":25,"key":"EssenceOfSteel"},{"floor":28,"key":"Energy Potion"},{"floor":44,"key":"Poison Potion"},{"floor":54,"key":"GamblersBrew"}],"is_trial":false,"path_per_floor":["M","$","M","$","?","E","R","?","T","R","M","M","M","?","R","B",null,"M","M","$","$","?","R","M","M","T","?","M","$","T","M","R","B",null,"M","M","?","$","?","M","R","T","T","M","R","M","T","?","R","B",null,"R","$","E","B"],"character_chosen":"DEFECT","items_purchased":["Capacitor","Coolheaded","DataDisk","War Paint","OrangePellets","Storm"],"campfire_rested":0,"item_purchase_floors":[2,20,21,29,38,38],"current_hp_per_floor":[75,75,75,75,80,80,80,80,80,80,79,79,63,63,63,37,80,67,60,60,60,60,60,53,45,45,45,54,54,54,62,62,41,80,77,33,33,33,33,47,47,47,47,61,61,75,75,65,65,45,80,80,80,49,0],"gold":101,"neow_bonus":"THREE_ENEMY_KILL","is_prod":false,"is_daily":false,"chose_seed":false,"campfire_upgraded":7,"win_rate":0,"timestamp":1558532151,"path_taken":["M","$","M","$","?","E","R","?","T","R","M","?","M","?","R","BOSS","M","M","?","$","?","R","M","M","T","?","M","$","?","?","R","BOSS","M","M","?","$","?","M","R","?","T","M","R","M","?","?","R","BOSS","R","$","E","BOSS"],"build_version":"2019-01-23","purchased_purges":2,"victory":false,"max_hp_per_floor":[75,75,75,75,80,80,80,80,80,80,80,80,80,80,80,80,80,80,80,80,80,80,80,80,80,80,80,80,80,80,80,80,80,80,80,80,80,80,80,80,80,80,80,80,80,80,80,80,80,80,80,80,80,80,80],"card_choices":[{"not_picked":["Chill","Blizzard"],"picked":"Ball Lightning","floor":1},{"not_picked":["Sweeping Beam","Scrape"],"picked":"Cold Snap","floor":3},{"not_picked":["Ball Lightning","Genetic Algorithm"],"picked":"Consume","floor":6},{"not_picked":["Sweeping Beam","Hologram","Static Discharge"],"picked":"SKIP","floor":11},{"not_picked":["Storm","Auto Shields"],"picked":"Conserve Battery","floor":12},{"not_picked":["Conserve Battery","Turbo"],"picked":"Undo","floor":13},{"not_picked":["Buffer","All For One"],"picked":"Biased Cognition","floor":16},{"not_picked":["Go for the Eyes+1","BootSequence"],"picked":"Gash+1","floor":18},{"not_picked":["Ball Lightning","Doom and Gloom","Skim"],"picked":"SKIP","floor":19},{"not_picked":["FTL","Leap"],"picked":"Gash","floor":24},{"not_picked":["Leap","Ball Lightning"],"picked":"Self Repair","floor":25},{"not_picked":["Chill","Conserve Battery"],"picked":"Loop","floor":28},{"not_picked":["Streamline","Steam","Turbo"],"picked":"SKIP","floor":31},{"not_picked":["Rainbow","Hyperbeam"],"picked":"Reboot","floor":33},{"not_picked":["Heatsinks","Barrage+1","Auto Shields"],"picked":"SKIP","floor":35},{"not_picked":["Reinforced Body+1","Rebound","Hologram+1"],"picked":"SKIP","floor":36},{"not_picked":["Blizzard","Stack"],"picked":"Chill+1","floor":40},{"not_picked":["Cold Snap+1","Coolheaded"],"picked":"Defragment+1","floor":44},{"not_picked":["Self Repair","Scrape+1","Cold Snap"],"picked":"SKIP","floor":46},{"not_picked":["Impatience","Mayhem","Forethought"],"picked":"Purity","floor":48},{"not_picked":["The Bomb","Finesse","Swift Strike"],"picked":"PanicButton","floor":48},{"not_picked":["Sadistic Nature","Chrysalis","Master of Strategy"],"picked":"Discovery","floor":48},{"not_picked":["Barrage","Heatsinks","Conserve Battery"],"picked":"Redo+1","floor":54}],"player_experience":451996,"relics_obtained":[{"floor":6,"key":"Tiny Chest"},{"floor":9,"key":"Boot"},{"floor":26,"key":"Ginger"},{"floor":30,"key":"Girya"},{"floor":34,"key":"Art of War"},{"floor":34,"key":"The Courier"},{"floor":34,"key":"Dead Branch"},{"floor":43,"key":"Shuriken"},{"floor":47,"key":"Question Card"},{"floor":54,"key":"Orichalcum"}],"event_choices":[{"damage_healed":0,"gold_gain":0,"player_choice":"Donut","damage_taken":0,"max_hp_gain":5,"max_hp_loss":0,"event_name":"Big Fish","floor":5,"gold_loss":0},{"cards_removed":["Defend_B"],"damage_healed":0,"gold_gain":0,"player_choice":"Offered Basic","damage_taken":0,"max_hp_gain":0,"max_hp_loss":0,"event_name":"Bonfire Elementals","floor":8,"gold_loss":0},{"damage_healed":0,"gold_gain":0,"player_choice":"Ignored","damage_taken":0,"max_hp_gain":0,"max_hp_loss":0,"event_name":"NoteForYourself","floor":14,"gold_loss":0},{"damage_healed":0,"gold_gain":99,"player_choice":"Stole From Cult","damage_taken":0,"max_hp_gain":0,"max_hp_loss":0,"event_name":"Nest","floor":22,"gold_loss":0},{"damage_healed":0,"gold_gain":0,"cards_transformed":["Defend_B","Strike_B"],"player_choice":"Became Test Subject","damage_taken":0,"max_hp_gain":0,"max_hp_loss":0,"event_name":"Drug Dealer","floor":27,"gold_loss":0,"cards_obtained":["Redo","Self Repair"]},{"damage_healed":0,"gold_gain":0,"player_choice":"Ignored","damage_taken":0,"max_hp_gain":0,"max_hp_loss":0,"event_name":"Tomb of Lord Red Mask","floor":37,"gold_loss":0},{"cards_removed":["Strike_B"],"damage_healed":0,"gold_gain":0,"player_choice":"Removed Attack","damage_taken":0,"max_hp_gain":0,"max_hp_loss":0,"event_name":"Falling","floor":39,"gold_loss":0},{"damage_healed":0,"gold_gain":0,"player_choice":"Memory 3","damage_taken":10,"max_hp_gain":0,"max_hp_loss":0,"event_name":"SensoryStone","floor":48,"gold_loss":0}],"is_beta":false,"boss_relics":[{"not_picked":["Snecko Eye","Ectoplasm"],"picked":"Runic Pyramid"},{"not_picked":["energizedSpire:OgreHead","Velvet Choker"],"picked":"Calling Bell"}],"items_purged_floors":[21,53],"is_endless":false,"potions_floor_spawned":[3,12,13,16,18,24,25,28,36,44,54],"killed_by":"The Heart","ascension_level":0}