{"gold_per_floor":[113,124,205,224,224,224,244,270,317,37,52,71,106,106,106,204,204,216,229,229,154,165,165,165],"floor_reached":24,"playtime":1555,"items_purged":["Strike_B"],"score":453,"play_id":"a597f4da-2671-4a2c-9756-4f2d2ee672a5","local_time":"20190520172357","is_ascension_mode":true,"campfire_choices":[{"data":"Doom and Gloom","floor":6,"key":"SMITH"},{"floor":15,"key":"REST"},{"data":"Defragment","floor":23,"key":"SMITH"}],"neow_cost":"NONE","seed_source_timestamp":374144433579387,"circlet_count":0,"master_deck":["AscendersBane","Strike_B+1","Strike_B","Defend_B","Defend_B","Defend_B","Defend_B","Zap","Dualcast","Go for the Eyes+1","Darkness","Coolheaded","Rainbow","Doom and Gloom+1","Compile Driver","Steam","Defragment+1","Glacier","Sweeping Beam+1","Conserve Battery","Reinforced Body","Biased Cognition","Electrodynamics","Storm","Self Repair","Coolheaded"],"relics":["Cracked Core","Bottled Lightning","Molten Egg 2","Pen Nib","Whetstone","Black Star"],"potions_floor_usage":[13,13,13],"damage_taken":[{"damage":0,"enemies":"Cultist","floor":1,"turns":3},{"damage":10,"enemies":"Small Slimes","floor":2,"turns":3},{"damage":9,"enemies":"Jaw Worm","floor":4,"turns":3},{"damage":0,"enemies":"3 Louse","floor":7,"turns":2},{"damage":23,"enemies":"Lagavulin","floor":8,"turns":6},{"damage":1,"enemies":"Blue Slaver","floor":11,"turns":3},{"damage":17,"enemies":"Exordium Thugs","floor":12,"turns":4},{"damage":0,"enemies":"Gremlin Nob","floor":13,"turns":3},{"damage":0,"enemies":"Slime Boss","floor":16,"turns":5},{"damage":1,"enemies":"Shell Parasite","floor":18,"turns":7},{"damage":7,"enemies":"3 Byrds","floor":19,"turns":4},{"damage":25,"enemies":"Shelled Parasite and Fungi","floor":22,"turns":6},{"damage":53,"enemies":"Slavers","floor":24,"turns":2}],"seed_played":"-5292595773309340763","potions_obtained":[{"floor":2,"key":"FairyPotion"},{"floor":4,"key":"FearPotion"},{"floor":7,"key":"Strength Potion"},{"floor":8,"key":"EntropicBrew"},{"floor":12,"key":"FocusPotion"},{"floor":18,"key":"Poison Potion"}],"is_trial":false,"path_per_floor":["M","M","T","M","?","R","M","E","T","$","M","M","E","?","R","B",null,"M","M","?","?","M","R","E"],"character_chosen":"DEFECT","items_purchased":["Defragment","Glacier","Sweeping Beam+1","Conserve Battery"],"campfire_rested":1,"item_purchase_floors":[10,10,10,10],"current_hp_per_floor":[75,65,65,56,56,56,56,33,33,33,32,15,15,15,39,39,71,70,63,63,63,45,45,0],"gold":165,"neow_bonus":"TEN_PERCENT_HP_BONUS","is_prod":false,"is_daily":false,"chose_seed":false,"campfire_upgraded":2,"win_rate":0,"timestamp":1558387437,"path_taken":["M","M","?","M","?","R","M","E","T","$","?","M","E","?","R","BOSS","M","M","?","?","M","R","E"],"build_version":"2019-01-23","purchased_purges":1,"victory":false,"max_hp_per_floor":[82,82,82,82,82,82,82,82,82,82,82,82,82,82,82,82,82,82,82,82,82,82,82,82],"card_choices":[{"not_picked":["Conserve Battery","Hologram"],"picked":"Go for the Eyes","floor":1},{"not_picked":["BootSequence","Steam Power"],"picked":"Darkness","floor":2},{"not_picked":["Cold Snap","Streamline"],"picked":"Coolheaded","floor":4},{"not_picked":["Conserve Battery","Hello World"],"picked":"Compile Driver","floor":7},{"not_picked":["Gash","Lockon"],"picked":"Steam","floor":8},{"not_picked":["Force Field","Turbo","Cold Snap+1"],"picked":"SKIP","floor":11},{"not_picked":["Leap","Go for the Eyes+1"],"picked":"Reinforced Body","floor":12},{"not_picked":["White Noise","Compile Driver+1"],"picked":"Biased Cognition","floor":13},{"not_picked":["Biased Cognition","Amplify"],"picked":"Electrodynamics","floor":16},{"not_picked":["Steam+1","Gash+1"],"picked":"Storm","floor":18},{"not_picked":["Sweeping Beam+1","Streamline+1"],"picked":"Self Repair","floor":19},{"not_picked":["Force Field","Cold Snap+1"],"picked":"Coolheaded","floor":22}],"player_experience":378623,"relics_obtained":[{"floor":3,"key":"Bottled Lightning"},{"floor":8,"key":"Molten Egg 2"},{"floor":9,"key":"Pen Nib"},{"floor":13,"key":"Whetstone"}],"event_choices":[{"damage_healed":0,"gold_gain":0,"player_choice":"2 cards matched","damage_taken":0,"max_hp_gain":0,"max_hp_loss":0,"event_name":"Match and Keep!","floor":5,"gold_loss":0,"cards_obtained":["Rainbow","Doom and Gloom"]},{"damage_healed":0,"gold_gain":0,"player_choice":"Fled","damage_taken":0,"max_hp_gain":0,"max_hp_loss":0,"event_name":"Scrap Ooze","floor":14,"gold_loss":0},{"damage_healed":0,"gold_gain":0,"player_choice":"Ignored","damage_taken":0,"max_hp_gain":0,"max_hp_loss":0,"event_name":"Vampires","floor":20,"gold_loss":0},{"cards_removed":["Strike_B"],"damage_healed":0,"gold_gain":0,"player_choice":"Gave Gold","damage_taken":0,"max_hp_gain":0,"max_hp_loss":0,"event_name":"Beggar","floor":21,"gold_loss":75}],"is_beta":false,"boss_relics":[{"not_picked":["Ectoplasm","Eternal Feather"],"picked":"Black Star"}],"items_purged_floors":[10],"is_endless":false,"potions_floor_spawned":[2,4,7,8,12,18,19],"killed_by":"Slavers","ascension_level":12}