{"gold_per_floor":[113,288,160,180,180,207,207,242,242,253,253,253,253,272,272,373,373,384,401,418,418,418,418,432,442,467,481,481],"floor_reached":28,"playtime":2421,"items_purged":["Doubt"],"score":265,"play_id":"f8bec195-6f2a-4910-83c4-6191b954d7b5","local_time":"20190203024859","is_ascension_mode":true,"campfire_choices":[{"floor":7,"key":"REST"},{"floor":12,"key":"REST"},{"data":"Armaments","floor":15,"key":"SMITH"},{"floor":23,"key":"REST"}],"neow_cost":"NONE","seed_source_timestamp":2034133963122844,"circlet_count":0,"master_deck":["Strike_R+1","Strike_R+1","Strike_R+1","Strike_R+1","Defend_R+1","Defend_R+1","Defend_R+1","Defend_R+1","Bash+1","Shrug It Off","Flex","Feel No Pain+1","Armaments+1","Infernal Blade","Combust","Juggernaut","Warcry+1","Shrug It Off","Juggernaut"],"relics":["Burning Blood","Bottled Tornado","Bronze Scales","The Courier","Lizard Tail","Happy Flower"],"potions_floor_usage":[6,16,19,20,24,24,25],"damage_taken":[{"damage":8,"enemies":"Jaw Worm","floor":1,"turns":4},{"damage":1,"enemies":"2 Louse","floor":4,"turns":2},{"damage":33,"enemies":"Lagavulin","floor":6,"turns":7},{"damage":42,"enemies":"3 Sentries","floor":8,"turns":16},{"damage":9,"enemies":"Small Slimes","floor":10,"turns":3},{"damage":8,"enemies":"Looter","floor":14,"turns":3},{"damage":42,"enemies":"Slime Boss","floor":16,"turns":9},{"damage":19,"enemies":"3 Byrds","floor":18,"turns":4},{"damage":29,"enemies":"Shell Parasite","floor":19,"turns":5},{"damage":97,"enemies":"Centurion and Healer","floor":20,"turns":16},{"damage":33,"enemies":"Shelled Parasite and Fungi","floor":24,"turns":6},{"damage":26,"enemies":"Snake Plant","floor":25,"turns":6},{"damage":8,"enemies":"Snecko","floor":27,"turns":5},{"damage":21,"enemies":"3 Cultists","floor":28,"turns":5}],"seed_played":"-8337612094256476566","potions_obtained":[{"floor":1,"key":"PowerPotion"},{"floor":8,"key":"Weak Potion"},{"floor":14,"key":"GamblersBrew"},{"floor":16,"key":"Poison Potion"},{"floor":18,"key":"BloodPotion"},{"floor":20,"key":"SkillPotion"},{"floor":22,"key":"BloodPotion"},{"floor":22,"key":"Regen Potion"}],"is_trial":false,"path_per_floor":["M","?","$","M","?","E","R","E","T","M","?","R","?","M","R","B",null,"M","M","M","?","?","R","M","M","T","M","M"],"character_chosen":"IRONCLAD","items_purchased":["Flex"],"campfire_rested":3,"item_purchase_floors":[3],"current_hp_per_floor":[78,78,78,80,64,37,61,25,25,22,27,52,52,50,50,14,85,72,49,22,22,22,47,43,23,23,21,0],"gold":481,"neow_bonus":"UPGRADE_CARD","is_prod":false,"is_daily":false,"chose_seed":false,"campfire_upgraded":1,"win_rate":0,"timestamp":1549180139,"path_taken":["M","?","$","M","?","E","R","E","T","M","?","R","?","?","R","BOSS","M","M","M","?","?","R","M","M","T","?","M"],"build_version":"2019-01-23","purchased_purges":1,"victory":false,"max_hp_per_floor":[80,80,80,80,80,80,80,80,80,80,85,85,85,85,85,85,85,85,85,85,85,85,85,85,85,85,85,85],"card_choices":[{"not_picked":["Carnage","Warcry"],"picked":"Shrug It Off","floor":1},{"not_picked":["Metallicize","Body Slam"],"picked":"Feel No Pain","floor":4},{"not_picked":["Headbutt","Thunderclap"],"picked":"Armaments","floor":6},{"not_picked":["Havoc","Perfected Strike"],"picked":"Infernal Blade","floor":8},{"not_picked":["Flex","Iron Wave","Ghostly Armor"],"picked":"SKIP","floor":10},{"not_picked":["Rampage","Twin Strike","Heavy Blade"],"picked":"SKIP","floor":14},{"not_picked":["Brutality","Limit Break"],"picked":"Juggernaut","floor":16},{"not_picked":["Power Through","Heavy Blade","Fire Breathing"],"picked":"SKIP","floor":18},{"not_picked":["Battle Trance","Anger"],"picked":"Warcry+1","floor":19},{"not_picked":["Wild Strike","Flex+1"],"picked":"Shrug It Off","floor":20},{"not_picked":["Rage","Warcry+1"],"picked":"Juggernaut","floor":24},{"not_picked":["Blood for Blood","Dropkick+1","Uppercut"],"picked":"SKIP","floor":25},{"not_picked":["Dropkick","Iron Wave","Clothesline"],"picked":"SKIP","floor":27}],"player_experience":138864,"relics_obtained":[{"floor":6,"key":"Bottled Tornado"},{"floor":8,"key":"Bronze Scales"},{"floor":9,"key":"The Courier"},{"floor":26,"key":"Happy Flower"}],"event_choices":[{"damage_healed":0,"gold_gain":175,"player_choice":"AGREE","damage_taken":0,"max_hp_gain":0,"max_hp_loss":0,"event_name":"Liars Game","floor":2,"gold_loss":0,"cards_obtained":["Doubt"]},{"damage_healed":0,"gold_gain":0,"player_choice":"Entered Light","damage_taken":16,"max_hp_gain":0,"max_hp_loss":0,"event_name":"Shining Light","floor":5,"gold_loss":0,"cards_upgraded":["Feel No Pain","Defend_R"]},{"damage_healed":0,"gold_gain":0,"player_choice":"Donut","damage_taken":0,"max_hp_gain":5,"max_hp_loss":0,"event_name":"Big Fish","floor":11,"gold_loss":0},{"damage_healed":0,"gold_gain":0,"cards_transformed":["Strike_R"],"player_choice":"Transformed","damage_taken":0,"max_hp_gain":0,"max_hp_loss":0,"event_name":"Transmorgrifier","floor":13,"gold_loss":0,"cards_obtained":["Combust"]},{"damage_healed":0,"gold_gain":0,"player_choice":"Simplicity","damage_taken":0,"max_hp_gain":0,"max_hp_loss":0,"event_name":"Back to Basics","floor":21,"gold_loss":0,"cards_upgraded":["Strike_R","Strike_R","Strike_R","Strike_R","Defend_R","Defend_R","Defend_R"]},{"damage_healed":0,"gold_gain":0,"player_choice":"Got Potions","damage_taken":0,"max_hp_gain":0,"max_hp_loss":0,"event_name":"Lab","floor":22,"gold_loss":0}],"is_beta":false,"boss_relics":[{"not_picked":["Runic Dome","Snecko Eye"],"picked":"Lizard Tail"}],"items_purged_floors":[3],"is_endless":false,"potions_floor_spawned":[1,8,14,16,18,20],"killed_by":"3 Cultists","ascension_level":3}