{"gold_per_floor":[113,113,133,152,165,165,175,19,43,55,55,25,25,25,25,102,102,113,38,38],"floor_reached":20,"playtime":1432,"items_purged":["Strike_B"],"score":279,"play_id":"8cb08c65-576c-4c9d-995d-bff276579b54","local_time":"20190522142722","is_ascension_mode":true,"campfire_choices":[{"data":"White Noise","floor":6,"key":"SMITH"},{"data":"Coolheaded","floor":11,"key":"SMITH"},{"data":"Self Repair","floor":13,"key":"SMITH"},{"data":"Zap","floor":15,"key":"SMITH"}],"neow_cost":"NONE","seed_source_timestamp":81462091696761,"circlet_count":0,"master_deck":["AscendersBane","Strike_B","Strike_B","Defend_B","Defend_B","Defend_B","Defend_B","Zap+1","Dualcast","White Noise+1","Sweeping Beam","Steam","Leap","Self Repair+1","Steam","Coolheaded+1","Echo Form","Defragment"],"relics":["Coffee Dripper","Happy Flower","Lantern","Inserter"],"potions_floor_usage":[16],"damage_taken":[{"damage":1,"enemies":"2 Louse","floor":1,"turns":4},{"damage":5,"enemies":"Cultist","floor":3,"turns":4},{"damage":7,"enemies":"Jaw Worm","floor":4,"turns":3},{"damage":14,"enemies":"Red Slaver","floor":5,"turns":3},{"damage":3,"enemies":"Blue Slaver","floor":7,"turns":4},{"damage":5,"enemies":"Large Slime","floor":10,"turns":5},{"damage":0,"enemies":"Looter","floor":12,"turns":4},{"damage":31,"enemies":"Slime Boss","floor":16,"turns":17},{"damage":43,"enemies":"Chosen","floor":18,"turns":9},{"damage":9,"enemies":"2 Thieves","floor":19,"turns":5},{"damage":18,"enemies":"Sentry and Sphere","floor":20,"turns":3}],"seed_played":"-7869970396994067197","potions_obtained":[{"floor":1,"key":"Ancient Potion"},{"floor":10,"key":"Strength Potion"}],"is_trial":false,"path_per_floor":["M","?","M","M","M","R","M","$","T","M","R","M","R","T","R","B",null,"M","M","M"],"character_chosen":"DEFECT","items_purchased":["Self Repair","Steam"],"campfire_rested":0,"item_purchase_floors":[8,8],"current_hp_per_floor":[63,63,58,51,37,37,34,34,34,36,36,43,43,43,43,22,59,26,17,0],"gold":38,"neow_bonus":"BOSS_RELIC","is_prod":false,"is_daily":false,"chose_seed":false,"campfire_upgraded":4,"win_rate":0,"timestamp":1558560442,"path_taken":["M","?","M","M","M","R","M","$","T","M","R","?","R","?","R","BOSS","M","M","M"],"build_version":"2019-01-23","purchased_purges":1,"victory":false,"max_hp_per_floor":[71,71,71,71,71,71,71,71,71,71,71,71,71,71,71,71,71,71,71,71],"card_choices":[{"not_picked":["Skim","FTL"],"picked":"White Noise","floor":1},{"not_picked":["Storm","Loop"],"picked":"Sweeping Beam","floor":3},{"not_picked":["Tempest","Beam Cell"],"picked":"Steam","floor":4},{"not_picked":["Sweeping Beam","Stack","Gash"],"picked":"SKIP","floor":5},{"not_picked":["Recycle","Barrage"],"picked":"Leap","floor":7},{"not_picked":["Coolheaded","Rebound","Static Discharge"],"picked":"SKIP","floor":10},{"not_picked":["Rebound","Static Discharge"],"picked":"Coolheaded","floor":10},{"not_picked":["Stack","Storm","Capacitor"],"picked":"SKIP","floor":12},{"not_picked":["Hyperbeam","Thunder Strike"],"picked":"Echo Form","floor":16},{"not_picked":["Gash","Beam Cell"],"picked":"Defragment","floor":18},{"not_picked":["Compile Driver","Redo","Fusion"],"picked":"SKIP","floor":19}],"player_experience":682865,"relics_obtained":[{"floor":9,"key":"Happy Flower"},{"floor":14,"key":"Lantern"}],"event_choices":[{"cards_removed":["Strike_B"],"damage_healed":0,"gold_gain":0,"player_choice":"Purged","damage_taken":0,"max_hp_gain":0,"max_hp_loss":0,"event_name":"Purifier","floor":2,"gold_loss":0}],"is_beta":false,"boss_relics":[{"not_picked":["Busted Crown","Empty Cage"],"picked":"Inserter"}],"items_purged_floors":[8],"is_endless":false,"potions_floor_spawned":[1,10],"killed_by":"Sentry and Sphere","ascension_level":14}