{"gold_per_floor":[18,30,30,30,44,44,61,61,88,113,131,144,144,172,172,251,251,266,266,33,33,47,47,60,60,60,75,90,90,90],"floor_reached":30,"playtime":2038,"items_purged":["Chaos"],"score":580,"play_id":"5b8929c4-cb45-4232-99ed-70a7de5c4341","local_time":"20190527090509","is_ascension_mode":true,"campfire_choices":[{"data":"Zap","floor":6,"key":"SMITH"},{"floor":8,"key":"REST"},{"floor":15,"key":"REST"},{"data":"Fusion","floor":23,"key":"SMITH"}],"neow_cost":"NO_GOLD","seed_source_timestamp":213588403186396,"circlet_count":0,"master_deck":["AscendersBane","Zap+1","Dualcast","Electrodynamics","Conserve Battery","Ball Lightning","Undo","Steam","Ball Lightning","Ball Lightning","BootSequence","Coolheaded","Undo","Machine Learning","Seek","Recycle","Glacier","Sweeping Beam","Lockon","Fusion+1","Hologram","Bite","Bite","Bite","Bite","Bite"],"relics":["Cracked Core","Dream Catcher","Omamori","Juzu Bracelet","Pandora\u0027s Box","Nilry\u0027s Codex","Bottled Flame"],"potions_floor_usage":[16,27],"damage_taken":[{"damage":14,"enemies":"Jaw Worm","floor":1,"turns":3},{"damage":6,"enemies":"Cultist","floor":2,"turns":3},{"damage":1,"enemies":"2 Louse","floor":5,"turns":2},{"damage":3,"enemies":"Large Slime","floor":7,"turns":4},{"damage":9,"enemies":"3 Sentries","floor":10,"turns":3},{"damage":0,"enemies":"2 Fungi Beasts","floor":11,"turns":3},{"damage":0,"enemies":"3 Louse","floor":12,"turns":1},{"damage":37,"enemies":"Gremlin Nob","floor":14,"turns":4},{"damage":0,"enemies":"The Guardian","floor":16,"turns":11},{"damage":1,"enemies":"2 Thieves","floor":18,"turns":4},{"damage":9,"enemies":"Colosseum Slavers","floor":21,"turns":3},{"damage":5,"enemies":"Chosen","floor":22,"turns":4},{"damage":23,"enemies":"Centurion and Healer","floor":24,"turns":6},{"damage":3,"enemies":"Chosen and Byrds","floor":27,"turns":7},{"damage":0,"enemies":"Sentry and Sphere","floor":28,"turns":4},{"damage":26,"enemies":"Slavers","floor":30,"turns":3}],"seed_played":"-6278651214747733061","potions_obtained":[{"floor":7,"key":"Dexterity Potion"},{"floor":10,"key":"Dexterity Potion"},{"floor":11,"key":"Ancient Potion"},{"floor":16,"key":"Explosive Potion"},{"floor":28,"key":"Fire Potion"}],"is_trial":false,"path_per_floor":["M","M","?","?","M","R","M","R","T","E","M","M","?","E","R","B",null,"M","?","$","?","M","R","M","?","T","M","M","?","E"],"character_chosen":"DEFECT","items_purchased":["Blood Vial"],"campfire_rested":2,"item_purchase_floors":[20],"current_hp_per_floor":[50,44,37,37,36,36,33,54,54,45,45,45,45,8,29,29,61,60,39,39,32,29,29,8,22,22,21,23,23,0],"gold":90,"neow_bonus":"THREE_RARE_CARDS","is_prod":false,"is_daily":false,"chose_seed":false,"campfire_upgraded":2,"win_rate":0,"timestamp":1558973109,"path_taken":["M","M","?","?","?","R","M","R","T","E","M","M","?","E","R","BOSS","M","?","$","?","M","R","M","?","T","M","M","?","E"],"build_version":"2019-01-23","purchased_purges":1,"victory":false,"max_hp_per_floor":[71,71,71,71,71,71,71,71,71,71,71,71,71,71,71,71,71,71,71,71,71,71,71,71,71,71,71,71,71,71],"card_choices":[{"not_picked":["Core Surge","Machine Learning"],"picked":"Electrodynamics","floor":0},{"not_picked":["Beam Cell","Consume"],"picked":"Conserve Battery","floor":1},{"not_picked":["Coolheaded","Cold Snap"],"picked":"Ball Lightning","floor":2},{"not_picked":["Stack","Conserve Battery"],"picked":"Undo","floor":5},{"not_picked":["Redo","Barrage"],"picked":"Steam","floor":7},{"not_picked":["Leap","Go for the Eyes"],"picked":"Ball Lightning","floor":10},{"not_picked":["Streamline","Cold Snap"],"picked":"Ball Lightning","floor":11},{"not_picked":["Static Discharge","Stack"],"picked":"BootSequence","floor":12},{"not_picked":["Scrape","Chaos"],"picked":"Undo","floor":14},{"not_picked":["Steam","Turbo"],"picked":"Machine Learning","floor":15},{"not_picked":["Meteor Strike","Creative AI"],"picked":"Seek","floor":16},{"not_picked":["Gash","Coolheaded"],"picked":"Fusion","floor":18},{"not_picked":["FTL","Aggregate","Turbo"],"picked":"SKIP","floor":22},{"not_picked":["Cold Snap","Barrage"],"picked":"Hologram","floor":24},{"not_picked":["Aggregate","Streamline+1","Reprogram"],"picked":"SKIP","floor":27},{"not_picked":["Ball Lightning","Recycle","Cold Snap"],"picked":"SKIP","floor":28}],"player_experience":754341,"relics_obtained":[{"floor":9,"key":"Dream Catcher"},{"floor":10,"key":"Omamori"},{"floor":14,"key":"Juzu Bracelet"},{"floor":19,"key":"Nilry\u0027s Codex"},{"floor":26,"key":"Bottled Flame"}],"event_choices":[{"cards_removed":["Strike_B"],"damage_healed":0,"gold_gain":0,"player_choice":"Card Removal","damage_taken":7,"max_hp_gain":0,"max_hp_loss":0,"event_name":"Golden Wing","floor":3,"gold_loss":0},{"cards_removed":["Strike_B"],"damage_healed":0,"gold_gain":0,"player_choice":"Offered Basic","damage_taken":0,"max_hp_gain":0,"max_hp_loss":0,"event_name":"Bonfire Elementals","floor":4,"gold_loss":0},{"damage_healed":0,"gold_gain":0,"cards_transformed":["Strike_B"],"player_choice":"Change","damage_taken":0,"max_hp_gain":0,"max_hp_loss":0,"event_name":"Living Wall","floor":13,"gold_loss":0,"cards_obtained":["Coolheaded"]},{"damage_healed":0,"gold_gain":0,"player_choice":"Obtained Book","damage_taken":21,"max_hp_gain":0,"max_hp_loss":0,"event_name":"Cursed Tome","floor":19,"gold_loss":0},{"damage_healed":0,"gold_gain":0,"player_choice":"Fight","damage_taken":0,"max_hp_gain":0,"max_hp_loss":0,"event_name":"Colosseum","floor":21,"gold_loss":0},{"damage_healed":0,"gold_gain":0,"player_choice":"Fled From Nobs","damage_taken":0,"max_hp_gain":0,"max_hp_loss":0,"event_name":"Colosseum","floor":21,"gold_loss":0},{"damage_healed":14,"gold_gain":0,"player_choice":"Heal","damage_taken":0,"max_hp_gain":0,"max_hp_loss":0,"event_name":"The Library","floor":25,"gold_loss":0},{"damage_healed":0,"gold_gain":0,"player_choice":"Became a vampire (Vial)","damage_taken":0,"max_hp_gain":0,"max_hp_loss":0,"event_name":"Vampires","floor":29,"relics_lost":["Blood Vial"],"gold_loss":0,"cards_obtained":["Bite","Bite","Bite","Bite","Bite"]}],"is_beta":false,"boss_relics":[{"not_picked":["Tiny House","Sozu"],"picked":"Pandora\u0027s Box"}],"items_purged_floors":[20],"is_endless":false,"potions_floor_spawned":[7,10,11,12,16,18,28],"killed_by":"Slavers","ascension_level":18}