{"gold_per_floor":[114,144,219,238,71,71,90,90,137,166,166,166,176,202,202,304,304,318,27,43,59,76,101,101,101,101,113,113,113,129,148,148,251,251,263,263,263,276,295,295,321,334,334,347,362,362,29,58,58,58],"floor_reached":50,"playtime":2059,"items_purged":["Regret"],"score":624,"play_id":"035698e5-c274-42d2-b117-9bbc898fea0d","local_time":"20180704175610","is_ascension_mode":false,"campfire_choices":[{"data":"Dramatic Entrance","floor":6,"key":"SMITH"},{"floor":12,"key":"REST"},{"floor":15,"key":"REST"},{"data":"Storm","floor":24,"key":"SMITH"},{"data":"Storm","floor":32,"key":"SMITH"},{"data":"Sunder","floor":40,"key":"SMITH"},{"floor":49,"key":"REST"}],"neow_cost":"NONE","seed_source_timestamp":196359813496315,"circlet_count":0,"master_deck":["Strike_B+1","Defend_B+1","Defend_B+1","Defend_B+1","Zap","Dualcast","Reboot","BootSequence+1","Sweeping Beam+1","Dramatic Entrance+1","Storm+1","Go for the Eyes","Beam Cell+1","Leap","Fission","Electrodynamics+1","Barrage+1","Buffer+1","Conserve Battery+1","Sunder+1","Hello World","Amplify","Gash+1","Gash","Self Repair","Seek","Storm+1","Core Surge","Hologram+1","Machine Learning","Ball Lightning+1","Gash","Tempest","Apotheosis","Capacitor+1","Gash+1"],"relics":["Cracked Core","Tiny Chest","War Paint","Ice Cream","Dream Catcher","Astrolabe","Whetstone","Shuriken","Mango","Gremlin Horn","Black Star","Boot","Vajra","Singing Bowl","Potion Belt","Happy Flower","Blood Vial","Bag of Preparation"],"potions_floor_usage":[10,22,30,33,33,39,41,41,42,48,48,50],"damage_taken":[{"damage":0,"enemies":"Small Slimes","floor":1,"turns":3},{"damage":2,"enemies":"2 Louse","floor":4,"turns":3},{"damage":0,"enemies":"Cultist","floor":7,"turns":2},{"damage":38,"enemies":"Gremlin Nob","floor":10,"turns":5},{"damage":0,"enemies":"Looter","floor":13,"turns":2},{"damage":38,"enemies":"Slime Boss","floor":16,"turns":11},{"damage":0,"enemies":"Spheric Guardian","floor":18,"turns":4},{"damage":0,"enemies":"Chosen","floor":20,"turns":4},{"damage":1,"enemies":"Sentry and Sphere","floor":21,"turns":5},{"damage":0,"enemies":"Chosen and Byrds","floor":22,"turns":5},{"damage":0,"enemies":"Gremlin Leader","floor":23,"turns":9},{"damage":0,"enemies":"Snake Plant","floor":27,"turns":3},{"damage":12,"enemies":"3 Cultists","floor":30,"turns":4},{"damage":0,"enemies":"Sentry and Sphere","floor":31,"turns":3},{"damage":18,"enemies":"Collector","floor":33,"turns":9},{"damage":0,"enemies":"3 Darklings","floor":35,"turns":3},{"damage":0,"enemies":"Orb Walker","floor":38,"turns":2},{"damage":0,"enemies":"Maw","floor":39,"turns":7},{"damage":73,"enemies":"Nemesis","floor":41,"turns":9},{"damage":1,"enemies":"Sphere and 2 Shapes","floor":42,"turns":3},{"damage":10,"enemies":"4 Shapes","floor":44,"turns":3},{"damage":0,"enemies":"Maw","floor":45,"turns":7},{"damage":6,"enemies":"Giant Head","floor":48,"turns":7},{"damage":78,"enemies":"Awakened One","floor":50,"turns":5}],"seed_played":"-4343524714708590011","potions_obtained":[{"floor":1,"key":"SmokeBomb"},{"floor":4,"key":"Energy Potion"},{"floor":16,"key":"Fire Potion"},{"floor":22,"key":"Dexterity Potion"},{"floor":27,"key":"PowerPotion"},{"floor":31,"key":"Block Potion"},{"floor":33,"key":"Energy Potion"},{"floor":37,"key":"Fire Potion"},{"floor":37,"key":"EssenceOfSteel"},{"floor":37,"key":"LiquidBronze"},{"floor":38,"key":"Weak Potion"},{"floor":39,"key":"Strength Potion"},{"floor":41,"key":"Explosive Potion"},{"floor":45,"key":"SkillPotion"},{"floor":48,"key":"SpeedPotion"}],"is_trial":false,"path_per_floor":["M","?","?","M","$","R","M","?","T","E","?","R","M","T","R","B",null,"M","$","M","M","M","E","R","?","T","M","?","T","M","M","R","B",null,"M","T","?","M","M","R","E","M","T","M","M","?","$","E","R"],"character_chosen":"DEFECT","items_purchased":["Dramatic Entrance","Sunder","Hello World","Whetstone","Apotheosis","Happy Flower"],"campfire_rested":3,"item_purchase_floors":[5,19,19,19,47,47],"current_hp_per_floor":[75,75,64,62,62,62,62,47,47,9,9,31,31,31,53,15,75,75,75,75,74,74,74,74,74,88,88,88,88,76,76,76,65,89,89,89,89,89,89,89,23,22,22,21,28,28,28,42,69,0],"gold":58,"neow_bonus":"ONE_RANDOM_RARE_CARD","is_prod":false,"is_daily":false,"chose_seed":false,"campfire_upgraded":4,"win_rate":0,"timestamp":1530719770,"path_taken":["M","?","?","?","$","R","M","?","T","E","?","R","M","?","R","BOSS","M","$","M","M","M","E","R","?","T","M","?","?","M","M","R","BOSS","M","?","?","?","?","R","E","M","T","M","M","?","$","E","R","BOSS"],"build_version":"2018-06-28","purchased_purges":1,"victory":false,"max_hp_per_floor":[75,75,75,75,75,75,75,75,75,75,75,75,75,75,75,75,75,75,75,75,75,75,75,75,75,89,89,89,89,89,89,89,89,89,89,89,89,89,89,89,89,89,89,91,91,91,91,91,91,91],"card_choices":[{"not_picked":["Doom and Gloom","Steam Power"],"picked":"BootSequence","floor":1},{"not_picked":["Aggregate","Blizzard"],"picked":"Sweeping Beam","floor":4},{"not_picked":["Conserve Battery","Steam"],"picked":"Storm","floor":7},{"not_picked":["Steam","Leap"],"picked":"Go for the Eyes","floor":10},{"not_picked":["Barrage","Rebound"],"picked":"Beam Cell","floor":13},{"not_picked":["Rebound","Stack"],"picked":"Leap","floor":15},{"not_picked":["Meteor Strike","Biased Cognition"],"picked":"Fission","floor":16},{"not_picked":["Barrage","Cold Snap"],"picked":"Conserve Battery+1","floor":18},{"not_picked":["Glacier","Steam","Compile Driver"],"picked":"SKIP","floor":20},{"not_picked":["Hello World","Chaos+1"],"picked":"Amplify","floor":21},{"not_picked":["Compile Driver","Beam Cell"],"picked":"Gash+1","floor":22},{"not_picked":["Steam","Skim"],"picked":"Gash","floor":23},{"not_picked":["Turbo+1","Blizzard"],"picked":"Self Repair","floor":27},{"not_picked":["Ball Lightning","Sweeping Beam"],"picked":"Seek","floor":30},{"not_picked":["Redo","Sweeping Beam+1"],"picked":"Storm","floor":31},{"not_picked":["Reboot","Rainbow"],"picked":"Core Surge","floor":33},{"not_picked":["Skim","Coolheaded","Beam Cell"],"picked":"SKIP","floor":35},{"not_picked":["Rebound+1","Cold Snap"],"picked":"Hologram+1","floor":38},{"not_picked":["Chaos+1","Hologram+1"],"picked":"Darkness+1","floor":39},{"not_picked":["Doom and Gloom+1","Coolheaded+1"],"picked":"Machine Learning","floor":41},{"not_picked":["Turbo+1","Gash"],"picked":"Ball Lightning+1","floor":42},{"not_picked":["Compile Driver","Redo","Turbo"],"picked":"Singing Bowl","floor":44},{"not_picked":["Cold Snap+1","Multi-Cast"],"picked":"Gash","floor":45},{"not_picked":["Chill","Steam+1"],"picked":"Capacitor+1","floor":48},{"not_picked":["Conserve Battery","Reprogram+1"],"picked":"Gash+1","floor":49}],"player_experience":68691,"relics_obtained":[{"floor":9,"key":"War Paint"},{"floor":10,"key":"Ice Cream"},{"floor":14,"key":"Dream Catcher"},{"floor":23,"key":"Shuriken"},{"floor":26,"key":"Mango"},{"floor":29,"key":"Gremlin Horn"},{"floor":36,"key":"Boot"},{"floor":41,"key":"Vajra"},{"floor":41,"key":"Singing Bowl"},{"floor":43,"key":"Potion Belt"},{"floor":48,"key":"Blood Vial"},{"floor":48,"key":"Bag of Preparation"}],"event_choices":[{"event_name":"Big Fish","player_choice":"Box","floor":2,"damage_taken":0},{"event_name":"World of Goop","player_choice":"Gather Gold","floor":3,"damage_taken":0},{"event_name":"Shining Light","player_choice":"Entered Light","floor":8,"damage_taken":0},{"event_name":"Living Wall","player_choice":"Forget","floor":11,"damage_taken":0},{"event_name":"Back to Basics","player_choice":"Simplicity","floor":25,"damage_taken":0},{"event_name":"Drug Dealer","player_choice":"Ignored","floor":28,"damage_taken":0},{"event_name":"The Lab","player_choice":"Got Potions","floor":37,"damage_taken":0},{"event_name":"Transmorgrifier","player_choice":"Transform","floor":46,"damage_taken":0}],"boss_relics":[{"not_picked":["Tiny House","Coffee Dripper"],"picked":"Astrolabe"},{"not_picked":["Philosopher\u0027s Stone","Calling Bell"],"picked":"Black Star"}],"items_purged_floors":[5],"is_endless":false,"potions_floor_spawned":[1,4,16,22,27,31,33,38,39,41,45,48],"killed_by":"Awakened One","ascension_level":0}