{"gold_per_floor":[118,118,133,146,36,70,70,70,120,120,137,13,31,31,31,31],"floor_reached":16,"playtime":768,"items_purged":["Defend_B","Defend_B"],"score":155,"play_id":"9af76047-7967-4337-b3cd-ba7161692274","local_time":"20190507102354","is_ascension_mode":true,"campfire_choices":[{"floor":7,"key":"REST"},{"floor":15,"key":"REST"}],"neow_cost":"NONE","seed_source_timestamp":277204643274797,"circlet_count":0,"master_deck":["Strike_B","Strike_B","Strike_B","Zap","Dualcast","White Noise","Sunder","Leap","Leap","Capacitor","BootSequence","Leap","Leap","White Noise"],"relics":["Cracked Core","Pen Nib","Happy Flower"],"potions_floor_usage":[6,16],"damage_taken":[{"damage":9,"enemies":"Jaw Worm","floor":1,"turns":3},{"damage":1,"enemies":"Cultist","floor":3,"turns":3},{"damage":0,"enemies":"Small Slimes","floor":4,"turns":3},{"damage":28,"enemies":"3 Sentries","floor":6,"turns":8},{"damage":12,"enemies":"Exordium Thugs","floor":11,"turns":4},{"damage":0,"enemies":"3 Louse","floor":13,"turns":3},{"damage":55,"enemies":"Slime Boss","floor":16,"turns":9}],"seed_played":"9042346142653093163","potions_obtained":[{"floor":1,"key":"EssenceOfSteel"},{"floor":4,"key":"Swift Potion"}],"is_trial":false,"path_per_floor":["M","?","M","M","$","E","R","?","T","?","M","$","M","?","R","B"],"character_chosen":"DEFECT","items_purchased":["Capacitor","Leap"],"campfire_rested":2,"item_purchase_floors":[5,12],"current_hp_per_floor":[59,59,58,58,58,30,52,52,52,52,40,40,40,33,55,0],"gold":31,"neow_bonus":"THREE_CARDS","is_prod":false,"is_daily":false,"chose_seed":false,"campfire_upgraded":0,"win_rate":0,"timestamp":1557249834,"path_taken":["M","?","?","M","$","E","R","?","T","?","?","$","M","?","R","BOSS"],"build_version":"2019-01-23","purchased_purges":2,"victory":false,"max_hp_per_floor":[75,75,75,75,75,75,75,75,75,75,75,75,75,75,75,75],"card_choices":[{"not_picked":["Steam","Chill"],"picked":"White Noise","floor":0},{"not_picked":["Gash","Streamline"],"picked":"Sunder","floor":1},{"not_picked":["Beam Cell","Hologram"],"picked":"Leap","floor":3},{"not_picked":["Beam Cell","Cold Snap"],"picked":"Leap","floor":4},{"not_picked":["Tempest","Redo"],"picked":"BootSequence","floor":6},{"not_picked":["Stack","All For One"],"picked":"Leap","floor":11},{"not_picked":["Double Energy","Redo"],"picked":"White Noise","floor":13}],"player_experience":294501,"relics_obtained":[{"floor":6,"key":"Pen Nib"},{"floor":9,"key":"Happy Flower"}],"event_choices":[{"cards_removed":["Strike_B"],"damage_healed":0,"gold_gain":0,"player_choice":"Purged","damage_taken":0,"max_hp_gain":0,"max_hp_loss":0,"event_name":"Purifier","floor":2,"gold_loss":0},{"damage_healed":0,"gold_gain":0,"player_choice":"Ignored","damage_taken":0,"max_hp_gain":0,"max_hp_loss":0,"event_name":"Shining Light","floor":8,"gold_loss":0},{"cards_removed":["Defend_B"],"damage_healed":0,"gold_gain":0,"player_choice":"Offered Basic","damage_taken":0,"max_hp_gain":0,"max_hp_loss":0,"event_name":"Bonfire Elementals","floor":10,"gold_loss":0},{"cards_removed":["Defend_B"],"damage_healed":0,"gold_gain":0,"player_choice":"Card Removal","damage_taken":7,"max_hp_gain":0,"max_hp_loss":0,"event_name":"Golden Wing","floor":14,"gold_loss":0}],"is_beta":false,"boss_relics":[],"items_purged_floors":[5,12],"is_endless":false,"potions_floor_spawned":[1,4],"killed_by":"Slime Boss","ascension_level":6}