{"gold_per_floor":[15,25,35,35,35,63,63,74,98,98,98,98,98,108,108,206,206,222,206,1,1,16,16,16,16,16,16],"floor_reached":27,"playtime":1037,"items_purged":[],"score":264,"play_id":"3d4f4038-3a37-4ae5-b03b-41eb88690e03","local_time":"20190505121440","is_ascension_mode":true,"campfire_choices":[{"data":"Double Energy","floor":7,"key":"SMITH"},{"floor":11,"key":"REST"},{"data":"Blizzard","floor":13,"key":"SMITH"},{"data":"Dualcast","floor":15,"key":"SMITH"},{"floor":23,"key":"REST"}],"neow_cost":"NO_GOLD","seed_source_timestamp":243594090310547,"circlet_count":0,"master_deck":["Defend_B","Defend_B","Defend_B","Defend_B","Zap+1","Dualcast+1","Double Energy+1","Blizzard+1","Ball Lightning","Leap","Ball Lightning","Conserve Battery","Buffer","Cold Snap","Blizzard","Conserve Battery","Buffer"],"relics":["Cracked Core","Blood Vial","Juzu Bracelet","Nuclear Battery","Lee\u0027s Waffle","Singing Bowl"],"potions_floor_usage":[6,6],"damage_taken":[{"damage":8,"enemies":"Small Slimes","floor":1,"turns":3},{"damage":2,"enemies":"Jaw Worm","floor":2,"turns":3},{"damage":0,"enemies":"Cultist","floor":3,"turns":3},{"damage":10,"enemies":"Lagavulin","floor":6,"turns":5},{"damage":6,"enemies":"3 Louse","floor":8,"turns":4},{"damage":6,"enemies":"2 Fungi Beasts","floor":14,"turns":3},{"damage":37,"enemies":"Hexaghost","floor":16,"turns":11},{"damage":25,"enemies":"Spheric Guardian","floor":18,"turns":5},{"damage":17,"enemies":"2 Thieves","floor":19,"turns":4},{"damage":43,"enemies":"Centurion and Healer","floor":22,"turns":8},{"damage":70,"enemies":"3 Cultists","floor":27,"turns":5}],"seed_played":"-8871442124542152333","potions_obtained":[{"floor":2,"key":"Poison Potion"},{"floor":3,"key":"Strength Potion"},{"floor":19,"key":"SpeedPotion"},{"floor":22,"key":"GamblersBrew"}],"is_trial":false,"path_per_floor":["M","M","M","?","?","E","R","M","T","?","R","?","R","M","R","B",null,"M","M","$","?","M","R","?","?","T","M"],"character_chosen":"DEFECT","items_purchased":["Lee\u0027s Waffle"],"campfire_rested":2,"item_purchase_floors":[20],"current_hp_per_floor":[67,65,65,65,65,55,55,51,51,51,73,73,73,69,69,34,65,42,27,82,82,39,63,63,63,63,0],"gold":16,"neow_bonus":"TRANSFORM_TWO_CARDS","is_prod":false,"is_daily":false,"chose_seed":false,"campfire_upgraded":3,"win_rate":0,"timestamp":1557083680,"path_taken":["M","M","M","?","?","E","R","?","T","?","R","?","R","M","R","BOSS","M","M","$","?","M","R","?","?","T","M"],"build_version":"2019-01-23","purchased_purges":0,"victory":false,"max_hp_per_floor":[75,75,75,75,75,75,75,75,75,75,75,75,75,75,75,75,75,75,75,82,82,82,82,82,82,82,82],"card_choices":[{"not_picked":["Gash","Compile Driver"],"picked":"Blizzard","floor":1},{"not_picked":["Stack","Turbo"],"picked":"Ball Lightning","floor":2},{"not_picked":["Capacitor","Compile Driver"],"picked":"Leap","floor":3},{"not_picked":["Auto Shields","Redo"],"picked":"Ball Lightning","floor":6},{"not_picked":["Chaos","Aggregate","Undo"],"picked":"SKIP","floor":8},{"not_picked":["Sweeping Beam","Hologram"],"picked":"Conserve Battery","floor":14},{"not_picked":["Reboot","Machine Learning"],"picked":"Buffer","floor":16},{"not_picked":["Barrage","Leap"],"picked":"Cold Snap","floor":18},{"not_picked":["Leap","Glacier"],"picked":"Blizzard","floor":19},{"not_picked":["Compile Driver","Genetic Algorithm+1"],"picked":"Conserve Battery","floor":22}],"player_experience":269675,"relics_obtained":[{"floor":6,"key":"Blood Vial"},{"floor":9,"key":"Juzu Bracelet"},{"floor":26,"key":"Singing Bowl"}],"event_choices":[{"damage_healed":0,"gold_gain":0,"player_choice":"Ignored","damage_taken":0,"max_hp_gain":0,"max_hp_loss":0,"event_name":"Liars Game","floor":4,"gold_loss":0},{"cards_removed":["Aggregate"],"damage_healed":0,"gold_gain":0,"player_choice":"Purged","damage_taken":0,"max_hp_gain":0,"max_hp_loss":0,"event_name":"Purifier","floor":5,"gold_loss":0},{"damage_healed":0,"gold_gain":0,"player_choice":"Ignored","damage_taken":0,"max_hp_gain":0,"max_hp_loss":0,"event_name":"Golden Idol","floor":10,"gold_loss":0},{"damage_healed":0,"gold_gain":0,"player_choice":"Grow","damage_taken":0,"max_hp_gain":0,"max_hp_loss":0,"event_name":"Living Wall","floor":12,"gold_loss":0,"cards_upgraded":["Zap"]},{"cards_removed":["Strike_B"],"damage_healed":0,"gold_gain":0,"player_choice":"Purged","damage_taken":0,"max_hp_gain":0,"max_hp_loss":0,"event_name":"Purifier","floor":21,"gold_loss":0},{"cards_removed":["Strike_B"],"damage_healed":0,"gold_gain":0,"player_choice":"Elegance","damage_taken":0,"max_hp_gain":0,"max_hp_loss":0,"event_name":"Back to Basics","floor":24,"gold_loss":0},{"damage_healed":0,"gold_gain":0,"player_choice":"Copied","damage_taken":0,"max_hp_gain":0,"max_hp_loss":0,"event_name":"Duplicator","floor":25,"gold_loss":0,"cards_obtained":["Buffer"]}],"is_beta":false,"boss_relics":[{"not_picked":["Sozu","Busted Crown"],"picked":"Nuclear Battery"}],"items_purged_floors":[],"is_endless":false,"potions_floor_spawned":[2,3,19,22],"killed_by":"3 Cultists","ascension_level":5}