{"gold_per_floor":[118,118,118,118,132,132,159,159,183,183,202,202,212,238,238,341,341,341,341,341,341,29,29,29,29,29,29,29,29,29,29,29,29,29,29,29,29,29,29,29,29,29,29,4,4,4,4,4,4,4],"floor_reached":51,"playtime":4409,"items_purged":[],"score":995,"play_id":"0cec1a7b-5599-4f07-b6a2-a80022eb8745","local_time":"20190320231130","is_ascension_mode":true,"campfire_choices":[{"data":"Neutralize","floor":6,"key":"SMITH"},{"floor":8,"key":"REST"},{"data":"Skewer","floor":10,"key":"SMITH"},{"data":"1","floor":12,"key":"LIFT"},{"floor":15,"key":"REST"},{"floor":23,"key":"REST"},{"data":"Storm of Steel","floor":25,"key":"SMITH"},{"data":"2","floor":28,"key":"LIFT"},{"data":"3","floor":30,"key":"LIFT"},{"data":"Tools of the Trade","floor":32,"key":"SMITH"},{"data":"Magnetism","floor":40,"key":"SMITH"},{"data":"Tactician","floor":42,"key":"SMITH"},{"data":"Secret Technique","floor":49,"key":"SMITH"}],"neow_cost":"NONE","seed_source_timestamp":2003773984503850,"circlet_count":0,"master_deck":["Defend_G","Defend_G","Defend_G","Defend_G","Survivor","Neutralize+1","Tools of the Trade+1","Well Laid Plans","Caltrops","Skewer+1","Dagger Throw","Tactician+1","Die Die Die","Storm of Steel+1","Deadly Poison+1","Crippling Poison+1","Bite","Bite","Bite","Bite","PiercingWail","Underhanded Strike+1","Tactician+1","Quick Slash+1","Adrenaline","Backflip+1","Deadly Poison+1","Catalyst+1","Acrobatics+1","Magnetism+1","Secret Technique+1","Cloak And Dagger","Writhe","Adrenaline","Dodge and Roll+1"],"relics":["Ring of the Snake","Bag of Preparation","Girya","PreservedInsect","Blood Vial","Ectoplasm","Red Mask","Snake Skull","Oddly Smooth Stone","Pen Nib","Tough Bandages","Coffee Dripper","Thread and Needle","Du-Vu Doll","Centennial Puzzle","Bottled Tornado","Orichalcum"],"potions_floor_usage":[7,7,16,24,33,33,36,50,50],"damage_taken":[{"damage":2,"enemies":"Small Slimes","floor":1,"turns":4},{"damage":0,"enemies":"Jaw Worm","floor":5,"turns":5},{"damage":27,"enemies":"Lagavulin","floor":7,"turns":9},{"damage":0,"enemies":"2 Louse","floor":11,"turns":2},{"damage":0,"enemies":"Looter","floor":13,"turns":2},{"damage":12,"enemies":"Gremlin Nob","floor":14,"turns":3},{"damage":51,"enemies":"Slime Boss","floor":16,"turns":11},{"damage":15,"enemies":"Shell Parasite","floor":18,"turns":4},{"damage":44,"enemies":"Masked Bandits","floor":19,"turns":5},{"damage":1,"enemies":"Spheric Guardian","floor":21,"turns":3},{"damage":0,"enemies":"Cultist and Chosen","floor":24,"turns":4},{"damage":17,"enemies":"Centurion and Healer","floor":27,"turns":4},{"damage":0,"enemies":"Gremlin Leader","floor":29,"turns":2},{"damage":28,"enemies":"Automaton","floor":33,"turns":8},{"damage":0,"enemies":"Orb Walker","floor":35,"turns":1},{"damage":7,"enemies":"Mind Bloom Boss Battle","floor":36,"turns":4},{"damage":11,"enemies":"3 Shapes","floor":37,"turns":2},{"damage":8,"enemies":"2 Orb Walkers","floor":38,"turns":3},{"damage":17,"enemies":"Nemesis","floor":41,"turns":3},{"damage":0,"enemies":"Giant Head","floor":47,"turns":4},{"damage":0,"enemies":"3 Darklings","floor":48,"turns":3},{"damage":26,"enemies":"Donu and Deca","floor":50,"turns":5}],"seed_played":"-8403487338834227358","potions_obtained":[{"floor":1,"key":"Energy Potion"},{"floor":5,"key":"Energy Potion"},{"floor":11,"key":"FearPotion"},{"floor":16,"key":"GamblersBrew"},{"floor":19,"key":"Explosive Potion"},{"floor":29,"key":"Dexterity Potion"},{"floor":33,"key":"Explosive Potion"},{"floor":35,"key":"SkillPotion"},{"floor":38,"key":"GamblersBrew"},{"floor":41,"key":"Dexterity Potion"},{"floor":47,"key":"Poison Potion"}],"is_trial":false,"path_per_floor":["M","?","?","?","M","R","E","R","T","R","M","R","M","E","R","B",null,"M","?","?","M","$","R","M","R","T","M","R","E","R","?","R","B",null,"M","?","M","?","?","R","E","R","T","$","?","?","E","M","R","B",null],"character_chosen":"THE_SILENT","items_purchased":["Snake Skull","Oddly Smooth Stone","Cloak And Dagger"],"campfire_rested":3,"item_purchase_floors":[22,22,44],"current_hp_per_floor":[61,66,66,48,48,48,21,43,43,43,43,43,43,31,53,4,57,44,2,2,13,13,28,38,38,38,33,33,37,37,37,37,19,44,52,49,44,44,39,39,32,32,32,32,32,45,52,52,52,36],"gold":4,"neow_bonus":"ONE_RANDOM_RARE_CARD","is_prod":false,"is_daily":false,"chose_seed":false,"campfire_upgraded":7,"win_rate":0,"timestamp":1553137890,"path_taken":["M","?","?","?","M","R","E","R","T","R","M","R","M","E","R","BOSS","M","?","?","M","$","R","?","R","T","M","R","E","R","?","R","BOSS","M","?","M","?","?","R","E","R","T","$","?","?","E","?","R","BOSS"],"build_version":"2019-01-23","purchased_purges":0,"victory":true,"max_hp_per_floor":[70,75,75,75,75,75,75,75,75,75,75,75,75,75,75,75,75,75,75,52,52,52,52,52,52,52,52,52,52,52,52,52,52,52,52,52,52,52,52,52,52,52,52,52,52,52,52,52,52,52],"card_choices":[{"not_picked":["Deflect","Expertise"],"picked":"Well Laid Plans","floor":1},{"not_picked":["Masterful Stab","Bane"],"picked":"Caltrops","floor":5},{"not_picked":["Eviscerate","Blade Dance"],"picked":"Skewer","floor":7},{"not_picked":["Dodge and Roll","Blur"],"picked":"Dagger Throw","floor":11},{"not_picked":["Predator","Dodge and Roll"],"picked":"Tactician","floor":13},{"not_picked":["Venomology","Prepared"],"picked":"Die Die Die","floor":14},{"not_picked":["Tools of the Trade","Wraith Form v2"],"picked":"Storm of Steel","floor":16},{"not_picked":["Quick Slash","Predator+1"],"picked":"Deadly Poison+1","floor":18},{"not_picked":["Well Laid Plans","Dagger Spray"],"picked":"Crippling Poison+1","floor":19},{"not_picked":["Flying Knee","Prepared"],"picked":"PiercingWail","floor":21},{"not_picked":["PiercingWail","Prepared"],"picked":"Underhanded Strike+1","floor":24},{"not_picked":["Dagger Spray+1","Dodge and Roll"],"picked":"Tactician+1","floor":27},{"not_picked":["Underhanded Strike","Bane"],"picked":"Quick Slash+1","floor":29},{"not_picked":["Phantasmal Killer","Venomology"],"picked":"Adrenaline","floor":33},{"not_picked":["Dodge and Roll+1","Poisoned Stab+1"],"picked":"Backflip+1","floor":35},{"not_picked":["Flying Knee+1","Bane"],"picked":"Deadly Poison+1","floor":36},{"not_picked":["PiercingWail","Sucker Punch"],"picked":"Catalyst+1","floor":37},{"not_picked":["Crippling Poison","Wraith Form v2"],"picked":"Acrobatics+1","floor":38},{"not_picked":["Mind Blast","Trip"],"picked":"Magnetism","floor":39},{"not_picked":["Good Instincts","Swift Strike"],"picked":"Secret Technique","floor":39},{"not_picked":["Concentrate+1","Bane","Dash+1"],"picked":"SKIP","floor":41},{"not_picked":["Distraction+1","Well Laid Plans"],"picked":"Adrenaline","floor":47},{"not_picked":["Dagger Spray","Dagger Throw+1"],"picked":"Dodge and Roll+1","floor":48}],"player_experience":223710,"relics_obtained":[{"floor":7,"key":"Girya"},{"floor":9,"key":"PreservedInsect"},{"floor":14,"key":"Blood Vial"},{"floor":19,"key":"Red Mask"},{"floor":26,"key":"Pen Nib"},{"floor":29,"key":"Tough Bandages"},{"floor":36,"key":"Thread and Needle"},{"floor":38,"key":"Du-Vu Doll"},{"floor":41,"key":"Centennial Puzzle"},{"floor":43,"key":"Bottled Tornado"},{"floor":47,"key":"Orichalcum"}],"event_choices":[{"damage_healed":0,"gold_gain":0,"player_choice":"Donut","damage_taken":0,"max_hp_gain":5,"max_hp_loss":0,"event_name":"Big Fish","floor":2,"gold_loss":0},{"cards_removed":["Strike_G"],"damage_healed":0,"gold_gain":0,"player_choice":"Forget","damage_taken":0,"max_hp_gain":0,"max_hp_loss":0,"event_name":"Living Wall","floor":3,"gold_loss":0},{"damage_healed":0,"gold_gain":0,"player_choice":"Success","damage_taken":18,"relics_obtained":["Bag of Preparation"],"max_hp_gain":0,"max_hp_loss":0,"event_name":"Scrap Ooze","floor":4,"gold_loss":0},{"damage_healed":0,"gold_gain":0,"player_choice":"Fought Bandits","damage_taken":0,"max_hp_gain":0,"max_hp_loss":0,"event_name":"Masked Bandits","floor":19,"gold_loss":0},{"damage_healed":0,"gold_gain":0,"player_choice":"Became a vampire","damage_taken":0,"max_hp_gain":0,"max_hp_loss":23,"event_name":"Vampires","floor":20,"gold_loss":0,"cards_obtained":["Bite","Bite","Bite","Bite","Bite"]},{"cards_removed":["Defend_G"],"damage_healed":0,"gold_gain":0,"player_choice":"Elegance","damage_taken":0,"max_hp_gain":0,"max_hp_loss":0,"event_name":"Back to Basics","floor":31,"gold_loss":0},{"damage_healed":0,"gold_gain":0,"player_choice":"Fight","damage_taken":0,"max_hp_gain":0,"max_hp_loss":0,"event_name":"MindBloom","floor":36,"gold_loss":0},{"damage_healed":0,"gold_gain":0,"player_choice":"Fight","damage_taken":0,"max_hp_gain":0,"max_hp_loss":0,"event_name":"Mysterious Sphere","floor":38,"gold_loss":0},{"damage_healed":0,"gold_gain":0,"player_choice":"Memory 2","damage_taken":5,"max_hp_gain":0,"max_hp_loss":0,"event_name":"SensoryStone","floor":39,"gold_loss":0},{"cards_removed":["Bite"],"damage_healed":0,"gold_gain":0,"player_choice":"Removed Attack","damage_taken":0,"max_hp_gain":0,"max_hp_loss":0,"event_name":"Falling","floor":45,"gold_loss":0},{"damage_healed":13,"gold_gain":0,"player_choice":"Writhe","damage_taken":0,"max_hp_gain":0,"max_hp_loss":0,"event_name":"Winding Halls","floor":46,"gold_loss":0,"cards_obtained":["Writhe"]}],"is_beta":false,"boss_relics":[{"not_picked":["White Beast Statue","Eternal Feather"],"picked":"Ectoplasm"},{"not_picked":["Tiny House","Ring of the Serpent"],"picked":"Coffee Dripper"}],"items_purged_floors":[],"is_endless":false,"potions_floor_spawned":[1,5,11,16,19,29,33,35,38,41,47],"ascension_level":6}