{"gold_per_floor":[113,113,113,113,38,38,38,63,63,77,91,91,105,117,117,221,221,189,204,204,204,229,229,48,61,86,100,116,16,16,16],"floor_reached":31,"playtime":1081,"items_purged":["Strike_R","Strike_R"],"score":235,"play_id":"f1dfbfdc-1d06-4a6b-8c52-d36a12bd1b8c","local_time":"20180628000920","is_ascension_mode":false,"campfire_choices":[{"floor":6,"key":"REST"},{"data":"Flame Barrier","floor":15,"key":"SMITH"},{"floor":23,"key":"REST"}],"neow_cost":"NONE","seed_source_timestamp":203559643167545,"circlet_count":0,"master_deck":["Strike_R+1","Strike_R","Strike_R","Defend_R","Defend_R","Defend_R+1","Bash","Ghostly Armor","Flame Barrier+1","Thunderclap+1","Fire Breathing","Clothesline+1","Reaper+1","Exhume","RitualDagger+1","Shrug It Off","Transmutation","Iron Wave+1","Rage+1","Juggernaut"],"relics":["Burning Blood","Anchor","Bag of Preparation","Molten Egg 2","Mark of Pain","Ginger","Red Mask","Blood Vial"],"potions_floor_usage":[16,16,16,22,27],"damage_taken":[{"damage":5,"enemies":"Jaw Worm","floor":1,"turns":5},{"damage":15,"enemies":"3 Sentries","floor":8,"turns":13},{"damage":2,"enemies":"Cultist","floor":10,"turns":4},{"damage":0,"enemies":"2 Louse","floor":11,"turns":2},{"damage":0,"enemies":"Large Slime","floor":13,"turns":4},{"damage":0,"enemies":"Exordium Thugs","floor":14,"turns":3},{"damage":68,"enemies":"Slime Boss","floor":16,"turns":14},{"damage":23,"enemies":"2 Thieves","floor":18,"turns":5},{"damage":17,"enemies":"Shell Parasite","floor":19,"turns":8},{"damage":38,"floor":22,"turns":6},{"damage":57,"enemies":"Centurion and Healer","floor":25,"turns":12},{"damage":10,"enemies":"Cultist and Chosen","floor":27,"turns":7},{"damage":20,"enemies":"Slaver and Parasite","floor":28,"turns":6},{"damage":13,"enemies":"Centurion and Healer","floor":31,"turns":3}],"seed_played":"-2963928319296582629","potions_obtained":[{"floor":8,"key":"SkillPotion"},{"floor":10,"key":"Swift Potion"},{"floor":13,"key":"PowerPotion"},{"floor":18,"key":"Swift Potion"},{"floor":19,"key":"PowerPotion"},{"floor":25,"key":"Explosive Potion"}],"is_trial":false,"path_per_floor":["M","?","?","?","$","R","$","E","T","M","M","$","M","M","R","B",null,"M","M","?","?","?","R","$","M","T","M","M","$","?"],"character_chosen":"IRONCLAD","items_purchased":["Transmutation"],"campfire_rested":2,"item_purchase_floors":[24],"current_hp_per_floor":[80,72,56,56,56,80,80,71,71,75,80,80,80,80,80,28,80,63,59,59,53,26,50,50,11,11,21,9,9,9,0],"gold":16,"neow_bonus":"RANDOM_COMMON_RELIC","is_prod":false,"is_daily":false,"chose_seed":false,"campfire_upgraded":1,"win_rate":0,"timestamp":1530137360,"path_taken":["M","?","?","?","$","R","$","E","T","M","?","?","M","M","R","BOSS","M","M","?","?","?","R","$","M","T","?","M","?","?","M"],"build_version":"2018-06-21v2","purchased_purges":2,"victory":false,"max_hp_per_floor":[80,80,80,80,80,80,80,80,80,80,80,80,80,80,80,80,80,80,80,80,80,80,80,80,80,80,80,80,80,80,80],"card_choices":[{"not_picked":["Wild Strike","Sword Boomerang"],"picked":"Ghostly Armor","floor":1},{"not_picked":["Havoc","Uppercut"],"picked":"Flame Barrier","floor":8},{"not_picked":["Flex","Blood for Blood+1"],"picked":"Thunderclap+1","floor":10},{"not_picked":["Headbutt+1","Pommel Strike+1"],"picked":"Fire Breathing","floor":11},{"not_picked":["Dual Wield","Wild Strike+1"],"picked":"Clothesline+1","floor":13},{"not_picked":["True Grit","Entrench"],"picked":"Reaper+1","floor":14},{"not_picked":["Limit Break","Fiend Fire+1"],"picked":"Exhume","floor":16},{"not_picked":["Flex","True Grit","Thunderclap+1"],"picked":"SKIP","floor":18},{"not_picked":["Evolve","Reckless Charge+1","Seeing Red"],"picked":"SKIP","floor":19},{"not_picked":["Sword Boomerang+1","True Grit"],"picked":"Shrug It Off","floor":22},{"not_picked":["Havoc+1","Sword Boomerang+1"],"picked":"Iron Wave+1","floor":25},{"not_picked":["Searing Blow+1","Heavy Blade+1"],"picked":"Rage+1","floor":27},{"not_picked":["Hemokinesis+1","Intimidate+1"],"picked":"Juggernaut","floor":28}],"player_experience":52070,"relics_obtained":[{"floor":8,"key":"Bag of Preparation"},{"floor":9,"key":"Molten Egg 2"},{"floor":22,"key":"Red Mask"},{"floor":26,"key":"Blood Vial"}],"event_choices":[{"event_name":"Wheel of Change","player_choice":"Damage","floor":2,"damage_taken":0},{"event_name":"Shining Light","player_choice":"Entered Light","floor":3,"damage_taken":0},{"event_name":"Living Wall","player_choice":"Forget","floor":4,"damage_taken":0},{"event_name":"The Mausoleum","player_choice":"Yes","floor":20,"damage_taken":0},{"event_name":"Nest","player_choice":"Joined the Cult","floor":21,"damage_taken":0},{"event_name":"Masked Bandits","player_choice":"Fought over 204 gold","floor":22,"damage_taken":0},{"event_name":"Beggar","player_choice":"Ignored","floor":30,"damage_taken":0}],"boss_relics":[{"not_picked":["Runic Dome","Tiny House"],"picked":"Mark of Pain"}],"items_purged_floors":[5,29],"is_endless":false,"potions_floor_spawned":[8,10,13,18,19,25],"killed_by":"Centurion and Healer","ascension_level":0}