{"gold_per_floor":[127,157,189,201,224,269,281,293,305,352,374,396,178,31,31,136,136,148,166,166,179,198,198,228,228,228,241,241,255,270,270,270,369,369,386,405,325,340,340,340,368,368,395,407,407,424,424,61,61,61],"floor_reached":51,"playtime":3008,"items_purged":["Strike_R","Defend_R"],"score":814,"play_id":"e5dd0a30-ccdb-47c5-b70f-f02e49943ecc","local_time":"20190524232223","is_ascension_mode":true,"campfire_choices":[{"data":"Metallicize","floor":7.0,"key":"SMITH"},{"floor":15.0,"key":"REST"},{"data":"Barricade","floor":23.0,"key":"SMITH"},{"floor":28.0,"key":"REST"},{"data":"Shrug It Off","floor":32.0,"key":"SMITH"},{"data":"Inflame","floor":40,"key":"SMITH"},{"data":"Heavy Blade","floor":42,"key":"SMITH"},{"data":"Juggernaut","floor":45,"key":"SMITH"},{"data":"Body Slam","floor":47,"key":"SMITH"},{"data":"Shrug It Off","floor":49,"key":"SMITH"}],"neow_cost":"NONE","seed_source_timestamp":279980697697800,"circlet_count":0,"master_deck":["Strike_R","Strike_R","Strike_R","Defend_R","Defend_R","Defend_R","Bash","Cleave","Inflame+1","Shrug It Off+1","Headbutt","Juggernaut+1","Metallicize+1","Rampage","Body Slam+1","Barricade+1","Shrug It Off","Heavy Blade+1","Shrug It Off+1","Armaments+1","Twin Strike","Battle Trance+1","Rage+1","Iron Wave+1"],"special_seed":0,"relics":["Burning Blood","MawBank","Bag of Preparation","Mummified Hand","Magic Flower","Bronze Scales","Pen Nib","Eternal Feather","MutagenicStrength","Blood Vial","The Courier","Sozu","Boot","Anchor","Happy Flower","Lantern","Art of War"],"potions_floor_usage":[41],"damage_taken":[{"damage":20.0,"enemies":"Jaw Worm","floor":1.0,"turns":6.0},{"damage":1.0,"enemies":"Cultist","floor":2.0,"turns":4.0},{"damage":4.0,"enemies":"2 Louse","floor":3.0,"turns":3.0},{"damage":7.0,"enemies":"Looter","floor":5.0,"turns":4.0},{"damage":27.0,"enemies":"3 Sentries","floor":6.0,"turns":6.0},{"damage":13.0,"enemies":"Gremlin Nob","floor":10.0,"turns":4.0},{"damage":0.0,"enemies":"2 Fungi Beasts","floor":11.0,"turns":2.0},{"damage":14.0,"enemies":"Red Slaver","floor":12.0,"turns":3.0},{"damage":11.0,"enemies":"Slime Boss","floor":16.0,"turns":8.0},{"damage":11.0,"enemies":"Spheric Guardian","floor":18.0,"turns":4.0},{"damage":17.0,"enemies":"Shell Parasite","floor":19.0,"turns":4.0},{"damage":26.0,"enemies":"3 Cultists","floor":21.0,"turns":6.0},{"damage":14.0,"enemies":"Centurion and Healer","floor":22.0,"turns":8.0},{"damage":52.0,"enemies":"Slavers","floor":24.0,"turns":5.0},{"damage":0.0,"enemies":"Sentry and Sphere","floor":27.0,"turns":5.0},{"damage":14.0,"enemies":"3 Cultists","floor":29.0,"turns":5.0},{"damage":21.0,"enemies":"Centurion and Healer","floor":30.0,"turns":9.0},{"damage":46.0,"enemies":"Collector","floor":33.0,"turns":14.0},{"damage":0.0,"enemies":"Orb Walker","floor":35.0,"turns":2.0},{"damage":18.0,"enemies":"3 Shapes","floor":36.0,"turns":4.0},{"damage":10,"enemies":"Writhing Mass","floor":38,"turns":9},{"damage":56,"enemies":"Giant Head","floor":41,"turns":8},{"damage":0,"enemies":"Maw","floor":44,"turns":6},{"damage":0,"enemies":"Transient","floor":46,"turns":5},{"damage":45,"enemies":"Time Eater","floor":50,"turns":11}],"seed_played":"-1397796498487480349","potions_obtained":[{"floor":6.0,"key":"Energy Potion"},{"floor":10.0,"key":"LiquidBronze"},{"floor":12.0,"key":"Swift Potion"},{"floor":16.0,"key":"AttackPotion"},{"floor":21.0,"key":"Strength Potion"},{"floor":27.0,"key":"AttackPotion"},{"floor":29.0,"key":"PowerPotion"},{"floor":33.0,"key":"Energy Potion"}],"is_trial":false,"path_per_floor":["M","M","M","?","M","E","R","$","T","E","M","M","$","$","R","B",null,"M","M","?","M","M","R","E","?","T","M","R","M","M","?","R","B",null,"M","M","$","M","?","R","E","R","T","M","R","M","R","$","R","B",null],"character_chosen":"IRONCLAD","items_purchased":["Bronze Scales","Pen Nib","Happy Flower","Lantern","Art of War"],"campfire_rested":2,"item_purchase_floors":[13,14,48,48,48],"current_hp_per_floor":[66,71,73,73,72,51,51,51,51,44,53,48,48,48,72,70,80,78,70,70,53,48,57,14,14,14,26,62,60,51,51,63,29,80,80,71,71,73,73,76,29,41,41,53,65,76,76,76,76,40],"gold":61,"neow_bonus":"RANDOM_COMMON_RELIC","is_prod":false,"is_daily":false,"chose_seed":false,"campfire_upgraded":8,"win_rate":0,"timestamp":1558765343,"path_taken":["M","M","M","?","M","E","R","?","T","E","M","M","?","$","R","BOSS","M","M","?","M","M","R","E","?","T","M","R","M","M","?","R","BOSS","M","M","$","M","?","R","E","R","T","M","R","M","R","$","R","BOSS"],"build_version":"2019-01-23","purchased_purges":2,"victory":true,"max_hp_per_floor":[80,80,80,80,80,80,80,80,80,80,80,80,80,80,80,80,80,80,80,80,80,80,80,80,80,80,80,80,80,80,80,80,80,80,80,80,80,80,76,76,76,76,76,76,76,76,76,76,76,76],"card_choices":[{"not_picked":["Warcry","Uppercut"],"picked":"Cleave","floor":1.0},{"not_picked":["Flame Barrier","Twin Strike"],"picked":"Inflame","floor":2.0},{"not_picked":["Power Through","Pommel Strike"],"picked":"Shrug It Off","floor":3.0},{"not_picked":["Flex","Cleave"],"picked":"Juggernaut","floor":5.0},{"not_picked":["Entrench","Clothesline"],"picked":"Metallicize","floor":6.0},{"not_picked":["Thunderclap","Headbutt"],"picked":"Rampage","floor":10.0},{"not_picked":["Clothesline","Metallicize"],"picked":"Body Slam","floor":11.0},{"not_picked":["True Grit","Havoc","Pommel Strike"],"picked":"SKIP","floor":12.0},{"not_picked":["Juggernaut","Feed"],"picked":"Barricade","floor":16.0},{"not_picked":["Inflame","Warcry","Armaments"],"picked":"SKIP","floor":18.0},{"not_picked":["Clash","Cleave"],"picked":"Shrug It Off","floor":19.0},{"not_picked":["Wild Strike","Ghostly Armor","Burning Pact"],"picked":"SKIP","floor":21.0},{"not_picked":["Sentinel+1","Fire Breathing","Havoc"],"picked":"SKIP","floor":22.0},{"not_picked":["Reckless Charge","Fiend Fire"],"picked":"Heavy Blade","floor":24.0},{"not_picked":["Sword Boomerang","Body Slam"],"picked":"Shrug It Off","floor":27.0},{"not_picked":["Cleave","Intimidate","Thunderclap+1"],"picked":"SKIP","floor":29.0},{"not_picked":["Anger","Havoc","Shrug It Off"],"picked":"SKIP","floor":30.0},{"not_picked":["Sentinel","Pommel Strike"],"picked":"Armaments+1","floor":35.0},{"not_picked":["Blood for Blood+1","Rupture+1"],"picked":"Twin Strike","floor":36.0},{"not_picked":["Pummel","Cleave"],"picked":"Battle Trance+1","floor":38},{"not_picked":["Warcry","Body Slam","Dropkick"],"picked":"SKIP","floor":41},{"not_picked":["Thunderclap","Pommel Strike+1"],"picked":"Rage+1","floor":44},{"not_picked":["Body Slam","True Grit"],"picked":"Iron Wave+1","floor":46}],"player_experience":80225,"relics_obtained":[{"floor":6.0,"key":"Bag of Preparation"},{"floor":9.0,"key":"Mummified Hand"},{"floor":10.0,"key":"Magic Flower"},{"floor":24.0,"key":"Blood Vial"},{"floor":26.0,"key":"The Courier"},{"floor":41,"key":"Boot"},{"floor":43,"key":"Anchor"}],"event_choices":[{"damage_healed":0.0,"max_hp_gain":0.0,"max_hp_loss":0.0,"gold_gain":0.0,"cards_transformed":["Strike_R"],"event_name":"Transmorgrifier","player_choice":"Transformed","floor":4.0,"gold_loss":0.0,"damage_taken":0.0,"cards_obtained":["Headbutt"]},{"damage_healed":0.0,"max_hp_gain":0.0,"max_hp_loss":0.0,"gold_gain":0.0,"event_name":"Drug Dealer","player_choice":"Inject Mutagens","floor":20.0,"gold_loss":0.0,"damage_taken":0.0,"relics_obtained":["MutagenicStrength"]},{"damage_healed":0.0,"max_hp_gain":0.0,"max_hp_loss":0.0,"gold_gain":0.0,"event_name":"The Mausoleum","player_choice":"Ignored","floor":25.0,"gold_loss":0.0,"damage_taken":0.0},{"damage_healed":0.0,"max_hp_gain":0.0,"max_hp_loss":0.0,"gold_gain":0.0,"event_name":"Vampires","player_choice":"Ignored","floor":31.0,"gold_loss":0.0,"damage_taken":0.0},{"damage_healed":0,"gold_gain":0,"player_choice":"Max HP","damage_taken":0,"max_hp_gain":0,"max_hp_loss":4,"event_name":"Winding Halls","floor":39,"gold_loss":0}],"is_beta":false,"boss_relics":[{"not_picked":["Pandora\u0027s Box","Runic Pyramid"],"picked":"Eternal Feather"},{"not_picked":["Busted Crown","Black Star"],"picked":"Sozu"}],"items_purged_floors":[13,37],"is_endless":false,"potions_floor_spawned":[6,10,12,16,21,27,29,33,38,41,44],"ascension_level":3}