{"gold_per_floor":[113,63,163,182,201,201,232,232,281,5,16,26,43,72,72,172,222,235,235,55,72,87,87,87],"floor_reached":24,"playtime":1594,"items_purged":["Strike_R","Strike_R"],"score":400,"play_id":"c3b79302-eda0-4c44-ac57-bbd3ab741239","local_time":"20190502001033","is_ascension_mode":true,"campfire_choices":[{"data":"Rampage","floor":6,"key":"SMITH"},{"data":"True Grit","floor":8,"key":"SMITH"},{"data":"Bash","floor":15,"key":"SMITH"},{"floor":23,"key":"REST"}],"neow_cost":"NONE","seed_source_timestamp":212528597588734,"circlet_count":0,"master_deck":["AscendersBane","Strike_R","Strike_R","Defend_R","Defend_R","Defend_R","Defend_R","Bash+1","Dramatic Entrance","True Grit+1","Rampage+1","Flame Barrier","Headbutt+1","Dropkick","Dropkick"],"relics":["Burning Blood","Boot","Lantern","Tiny Chest","Shuriken","Tiny House"],"potions_floor_usage":[13,14,22,24],"damage_taken":[{"damage":5,"enemies":"2 Louse","floor":1,"turns":3},{"damage":12,"enemies":"Cultist","floor":4,"turns":5},{"damage":2,"enemies":"Small Slimes","floor":5,"turns":4},{"damage":39,"enemies":"Lagavulin","floor":7,"turns":10},{"damage":0,"enemies":"Blue Slaver","floor":11,"turns":5},{"damage":0,"enemies":"Exordium Thugs","floor":12,"turns":4},{"damage":10,"enemies":"Exordium Wildlife","floor":13,"turns":7},{"damage":12,"enemies":"Gremlin Nob","floor":14,"turns":3},{"damage":0,"enemies":"Slime Boss","floor":16,"turns":5},{"damage":7,"enemies":"Chosen","floor":18,"turns":4},{"damage":21,"enemies":"Spheric Guardian","floor":21,"turns":4},{"damage":41,"enemies":"3 Cultists","floor":22,"turns":6},{"damage":46,"enemies":"Book of Stabbing","floor":24,"turns":5}],"seed_played":"-5119770197000586457","potions_obtained":[{"floor":7,"key":"EssenceOfSteel"},{"floor":13,"key":"Weak Potion"},{"floor":16,"key":"Swift Potion"}],"is_trial":false,"path_per_floor":["M","?","?","M","M","R","E","R","T","$","M","M","M","E","R","B",null,"M","?","$","M","M","R","E"],"character_chosen":"IRONCLAD","items_purchased":["Dropkick","Tiny Chest","PowerPotion","Dropkick"],"campfire_rested":1,"item_purchase_floors":[10,10,10,20],"current_hp_per_floor":[73,73,73,67,71,71,38,38,38,38,44,50,46,40,40,46,77,76,60,60,45,10,37,0],"gold":87,"neow_bonus":"RANDOM_COLORLESS","is_prod":false,"is_daily":false,"chose_seed":false,"campfire_upgraded":3,"win_rate":0,"timestamp":1556770233,"path_taken":["M","?","?","M","M","R","E","R","T","$","?","M","M","E","R","BOSS","M","?","$","M","M","R","E"],"build_version":"2019-01-23","purchased_purges":2,"victory":false,"max_hp_per_floor":[80,80,80,80,80,80,80,80,80,80,80,80,80,80,80,80,85,85,90,90,90,90,90,90],"card_choices":[{"not_picked":["Entrench","Intimidate"],"picked":"True Grit","floor":1},{"not_picked":["Ghostly Armor","Twin Strike"],"picked":"Rampage","floor":4},{"not_picked":["Shrug It Off","Pommel Strike"],"picked":"Flame Barrier","floor":5},{"not_picked":["Cleave","Warcry"],"picked":"Headbutt","floor":7},{"not_picked":["Corruption","Combust","Heavy Blade"],"picked":"SKIP","floor":11},{"not_picked":["Thunderclap","Headbutt","Body Slam"],"picked":"SKIP","floor":12},{"not_picked":["Cleave","Heavy Blade","Power Through"],"picked":"SKIP","floor":13},{"not_picked":["Demon Form","True Grit","Evolve"],"picked":"SKIP","floor":14},{"not_picked":["Brutality","Spot Weakness","Flex"],"picked":"SKIP","floor":18},{"not_picked":["Metallicize","Perfected Strike+1","Clash"],"picked":"SKIP","floor":21},{"not_picked":["Blood for Blood","Inflame","Power Through"],"picked":"SKIP","floor":22}],"player_experience":347913,"relics_obtained":[{"floor":7,"key":"Boot"},{"floor":9,"key":"Lantern"},{"floor":14,"key":"Shuriken"}],"event_choices":[{"cards_removed":["Strike_R"],"damage_healed":0,"gold_gain":0,"player_choice":"Card Removal","damage_taken":0,"max_hp_gain":0,"max_hp_loss":0,"event_name":"The Cleric","floor":2,"gold_loss":50},{"damage_healed":0,"gold_gain":100,"player_choice":"Gold","damage_taken":0,"max_hp_gain":0,"max_hp_loss":0,"event_name":"Wheel of Change","floor":3,"gold_loss":0},{"damage_healed":0,"gold_gain":0,"player_choice":"Shed Blood","damage_taken":21,"max_hp_gain":5,"max_hp_loss":0,"event_name":"Forgotten Altar","floor":19,"gold_loss":0}],"is_beta":false,"boss_relics":[{"not_picked":["Black Blood","Runic Dome"],"picked":"Tiny House"}],"items_purged_floors":[10,20],"is_endless":false,"potions_floor_spawned":[7,11,13,16,18],"killed_by":"Book of Stabbing","ascension_level":11}