{"gold_per_floor":[18,18,31,49,64,64,82,101,101,128,128,140,159,84,84,161,161,175,190,190,200,200,200,220,220,244,279,297,297,45,45,45,45],"floor_reached":33,"playtime":1579,"items_purged":["Strike_B","Dualcast"],"score":461,"play_id":"3c939353-b3d2-4d58-8917-f16d6aff9ada","local_time":"20190522180554","is_ascension_mode":true,"campfire_choices":[{"floor":6,"key":"REST"},{"data":"Hyperbeam","floor":11,"key":"SMITH"},{"floor":15,"key":"REST"},{"floor":23,"key":"REST"},{"floor":25,"key":"REST"},{"floor":29,"key":"REST"},{"floor":32,"key":"REST"}],"neow_cost":"NO_GOLD","seed_source_timestamp":86172553681265,"circlet_count":0,"master_deck":["AscendersBane","Strike_B","Defend_B","Defend_B","Defend_B","Defend_B","Hyperbeam+1","Beam Cell","Hologram","Buffer","Chill","Steam Power","Turbo","Reinforced Body","FTL","Hologram","Machine Learning+1","Leap","Echo Form","Turbo","Skim"],"relics":["Cracked Core","CultistMask","Cables","Bronze Scales","Empty Cage","DataDisk","Strawberry","Anchor","Pantograph"],"potions_floor_usage":[13,21,21,21,27,28,33],"damage_taken":[{"damage":0,"enemies":"2 Louse","floor":1,"turns":1},{"damage":0,"enemies":"Cultist","floor":3,"turns":2},{"damage":7,"enemies":"Jaw Worm","floor":4,"turns":2},{"damage":4,"enemies":"Large Slime","floor":5,"turns":5},{"damage":0,"enemies":"2 Fungi Beasts","floor":7,"turns":2},{"damage":1,"enemies":"Blue Slaver","floor":8,"turns":3},{"damage":15,"enemies":"3 Sentries","floor":10,"turns":3},{"damage":0,"enemies":"Gremlin Gang","floor":12,"turns":2},{"damage":8,"enemies":"Large Slime","floor":13,"turns":4},{"damage":27,"enemies":"The Guardian","floor":16,"turns":9},{"damage":11,"enemies":"Shell Parasite","floor":18,"turns":4},{"damage":12,"enemies":"Chosen","floor":19,"turns":3},{"damage":10,"enemies":"Centurion and Healer","floor":21,"turns":2},{"damage":20,"enemies":"Sentry and Sphere","floor":24,"turns":5},{"damage":48,"enemies":"Gremlin Leader","floor":27,"turns":6},{"damage":0,"enemies":"Cultist and Chosen","floor":28,"turns":3},{"damage":86,"enemies":"Champ","floor":33,"turns":14}],"seed_played":"1783764876218270000","potions_obtained":[{"floor":3,"key":"LiquidBronze"},{"floor":5,"key":"Fire Potion"},{"floor":10,"key":"SkillPotion"},{"floor":13,"key":"Ancient Potion"},{"floor":18,"key":"EntropicBrew"},{"floor":27,"key":"Poison Potion"},{"floor":28,"key":"EssenceOfSteel"}],"is_trial":false,"path_per_floor":["M","?","M","M","M","R","M","M","T","E","R","M","M","$","R","B",null,"M","M","?","M","?","R","M","R","T","E","M","R","$","T","R","B"],"character_chosen":"DEFECT","items_purchased":["Anchor"],"campfire_rested":6,"item_purchase_floors":[30],"current_hp_per_floor":[64,64,64,57,53,71,71,70,70,55,55,55,47,47,68,41,64,53,41,41,31,31,52,32,53,53,12,12,35,35,35,58,0],"gold":45,"neow_bonus":"THREE_RARE_CARDS","is_prod":false,"is_daily":false,"chose_seed":false,"campfire_upgraded":1,"win_rate":0,"timestamp":1558573554,"path_taken":["M","?","M","M","M","R","M","M","T","E","R","M","?","?","R","BOSS","M","M","?","?","?","R","M","R","T","E","?","R","$","?","R","BOSS"],"build_version":"2019-01-23","purchased_purges":2,"victory":false,"max_hp_per_floor":[71,71,71,71,71,71,71,71,71,71,71,71,71,71,71,71,71,71,71,71,71,71,71,71,71,71,78,78,78,78,78,78,78],"card_choices":[{"not_picked":["Machine Learning","Seek"],"picked":"Hyperbeam","floor":0},{"not_picked":["Gash","Ball Lightning"],"picked":"Beam Cell","floor":1},{"not_picked":["Cold Snap","Steam"],"picked":"Hologram","floor":3},{"not_picked":["Conserve Battery","Hologram"],"picked":"Buffer","floor":4},{"not_picked":["Rebound","Streamline"],"picked":"Chill","floor":5},{"not_picked":["Defragment","Storm"],"picked":"Steam Power","floor":7},{"not_picked":["Gash","Rebound"],"picked":"Turbo","floor":8},{"not_picked":["Redo","Aggregate"],"picked":"Reinforced Body","floor":10},{"not_picked":["Gash","Rebound"],"picked":"FTL","floor":12},{"not_picked":["Heatsinks","Defragment"],"picked":"Hologram","floor":13},{"not_picked":["All For One","Creative AI"],"picked":"Machine Learning","floor":16},{"not_picked":["Gash","Darkness","Recycle"],"picked":"SKIP","floor":18},{"not_picked":["Beam Cell+1","Fusion","Barrage"],"picked":"SKIP","floor":19},{"not_picked":["Stack","Gash","Compile Driver"],"picked":"SKIP","floor":21},{"not_picked":["Coolheaded","Steam"],"picked":"Echo Form","floor":24},{"not_picked":["Core Surge","Hello World"],"picked":"Turbo","floor":27},{"not_picked":["Barrage+1","Steam"],"picked":"Skim","floor":28}],"player_experience":686963,"relics_obtained":[{"floor":9,"key":"Cables"},{"floor":10,"key":"Bronze Scales"},{"floor":26,"key":"DataDisk"},{"floor":27,"key":"Strawberry"},{"floor":31,"key":"Pantograph"}],"event_choices":[{"damage_healed":0,"gold_gain":0,"player_choice":"Trade","damage_taken":0,"relics_obtained":["CultistMask"],"max_hp_gain":0,"max_hp_loss":0,"event_name":"FaceTrader","floor":2,"gold_loss":0},{"damage_healed":0,"gold_gain":0,"player_choice":"Forge","damage_taken":0,"max_hp_gain":0,"max_hp_loss":0,"event_name":"Accursed Blacksmith","floor":20,"gold_loss":0,"cards_upgraded":["Machine Learning"]},{"damage_healed":0,"gold_gain":0,"cards_transformed":["Zap"],"player_choice":"Transformed","damage_taken":0,"max_hp_gain":0,"max_hp_loss":0,"event_name":"Transmorgrifier","floor":22,"gold_loss":0,"cards_obtained":["Leap"]}],"is_beta":false,"boss_relics":[{"not_picked":["Busted Crown","Orrery"],"picked":"Empty Cage"}],"items_purged_floors":[14,30],"is_endless":false,"potions_floor_spawned":[3,5,10,12,13,18,27,28],"killed_by":"Champ","ascension_level":14}