{"gold_per_floor":[117,127,143,163,174,174,205,205,228,256,181,181],"floor_reached":12,"playtime":317,"items_purged":[],"score":158,"play_id":"f42fbeec-d440-4256-aa59-19e81331090d","local_time":"20190526231715","is_ascension_mode":true,"campfire_choices":[{"data":"Consume","floor":6,"key":"SMITH"},{"data":"Dualcast","floor":8,"key":"SMITH"}],"neow_cost":"NONE","seed_source_timestamp":97748327856232,"circlet_count":0,"master_deck":["AscendersBane","Strike_B","Strike_B","Defend_B","Defend_B+1","Defend_B","Defend_B","Zap+1","Dualcast+1","Sunder","Genetic Algorithm","BootSequence","Compile Driver","Consume+1","Fission","Defragment"],"special_seed":0,"relics":["Cracked Core","War Paint","Pen Nib","Orichalcum"],"potions_floor_usage":[7],"damage_taken":[{"damage":1,"enemies":"Cultist","floor":1,"turns":4},{"damage":0,"enemies":"2 Louse","floor":2,"turns":2},{"damage":8,"enemies":"Small Slimes","floor":3,"turns":3},{"damage":0,"enemies":"2 Fungi Beasts","floor":4,"turns":2},{"damage":0,"enemies":"3 Louse","floor":5,"turns":3},{"damage":15,"enemies":"3 Sentries","floor":7,"turns":7},{"damage":20,"enemies":"Lagavulin","floor":10,"turns":7}],"seed_played":"-1205568013750553987","potions_obtained":[{"floor":1,"key":"Ancient Potion"},{"floor":3,"key":"Explosive Potion"},{"floor":7,"key":"SteroidPotion"},{"floor":10,"key":"Strength Potion"}],"is_trial":false,"path_per_floor":["M","M","M","M","M","R","E","R","T","E","?","?"],"character_chosen":"DEFECT","items_purchased":[],"campfire_rested":0,"item_purchase_floors":[],"current_hp_per_floor":[63,63,55,55,55,55,40,40,40,20,20,0],"gold":181,"neow_bonus":"REMOVE_CARD","is_prod":false,"is_daily":false,"chose_seed":false,"campfire_upgraded":2,"win_rate":0,"timestamp":1558887435,"path_taken":["M","?","M","?","M","R","E","R","T","E","?","?"],"build_version":"2019-01-23","purchased_purges":0,"victory":false,"max_hp_per_floor":[71,71,71,71,71,71,71,71,71,71,71,71],"card_choices":[{"not_picked":["Redo","Hologram"],"picked":"Sunder","floor":1},{"not_picked":["Go for the Eyes","Turbo"],"picked":"Genetic Algorithm","floor":2},{"not_picked":["Compile Driver","Rip and Tear"],"picked":"BootSequence","floor":3},{"not_picked":["Streamline","Auto Shields"],"picked":"Compile Driver","floor":4},{"not_picked":["Blizzard","Double Energy"],"picked":"Consume","floor":5},{"not_picked":["Cold Snap","Rip and Tear"],"picked":"Fission","floor":7},{"not_picked":["Steam Power","Steam"],"picked":"Defragment","floor":10}],"player_experience":501209,"relics_obtained":[{"floor":7,"key":"War Paint"},{"floor":9,"key":"Pen Nib"},{"floor":10,"key":"Orichalcum"}],"event_choices":[{"cards_removed":["Strike_B"],"damage_healed":0,"gold_gain":0,"player_choice":"Card Removal","damage_taken":0,"max_hp_gain":0,"max_hp_loss":0,"event_name":"The Cleric","floor":11,"gold_loss":75}],"is_beta":false,"boss_relics":[],"items_purged_floors":[],"is_endless":false,"potions_floor_spawned":[1,3,7,10],"ascension_level":15}