{"gold_per_floor":[119,135,85,85,85,114,174,349,349,349,84,102,122,132,132,132],"floor_reached":16,"playtime":420,"items_purged":["Strike_R"],"score":150,"play_id":"574e0082-bbf4-4995-bd2f-0deef5a779f5","local_time":"20180803155417","daily_mods":["Diverse"],"is_ascension_mode":false,"campfire_choices":[{"floor":10,"key":"REST"},{"data":"Sunder","floor":15,"key":"SMITH"}],"neow_cost":"","seed_source_timestamp":0,"circlet_count":0,"master_deck":["Strike_R","Strike_R","Strike_R+1","Defend_R","Defend_R","Defend_R","Defend_R","Bash+1","Steam","Sunder+1","Ball Lightning","Doubt","BootSequence","Shrug It Off","Self Repair"],"relics":["Burning Blood","Centennial Puzzle","The Courier","Letter Opener","Boot","Darkstone Periapt"],"potions_floor_usage":[6,16,16],"damage_taken":[{"damage":2,"enemies":"2 Louse","floor":1,"turns":4},{"damage":6,"enemies":"Jaw Worm","floor":2,"turns":5},{"damage":25,"enemies":"Lagavulin","floor":6,"turns":5},{"damage":29,"enemies":"3 Sentries","floor":7,"turns":8},{"damage":0,"enemies":"Small Slimes","floor":12,"turns":3},{"damage":2,"enemies":"Blue Slaver","floor":13,"turns":3},{"damage":12,"enemies":"Exordium Wildlife","floor":14,"turns":3},{"damage":53,"enemies":"Hexaghost","floor":16,"turns":9}],"seed_played":"-2645629082499317649","potions_obtained":[{"floor":2,"key":"BloodPotion"},{"floor":7,"key":"Swift Potion"},{"floor":13,"key":"Weak Potion"},{"floor":14,"key":"SneckoOil"}],"is_trial":true,"path_per_floor":["M","M","?","?","?","E","?","?","T","R","$","M","M","M","R"],"character_chosen":"IRONCLAD","items_purchased":["Darkstone Periapt"],"campfire_rested":1,"item_purchase_floors":[11],"current_hp_per_floor":[80,80,80,73,57,46,23,23,23,47,47,53,57,51,51,0],"gold":132,"neow_bonus":"","is_prod":false,"is_daily":false,"chose_seed":false,"campfire_upgraded":1,"win_rate":0,"timestamp":1533304457,"path_taken":["M","M","?","?","?","E","?","?","T","R","$","?","M","M","R","BOSS"],"build_version":"2018-08-02","purchased_purges":1,"victory":false,"max_hp_per_floor":[80,80,80,80,80,80,80,80,80,80,80,80,80,80,80,80],"card_choices":[{"not_picked":["Streamline","Rebound"],"picked":"Steam","floor":1},{"not_picked":["Rampage","Underhanded Strike"],"picked":"Sunder","floor":2},{"not_picked":["Sentinel","Sucker Punch"],"picked":"Ball Lightning","floor":6},{"not_picked":["Slice","Underhanded Strike"],"picked":"BootSequence","floor":12},{"not_picked":["Acrobatics","Core Surge"],"picked":"Shrug It Off","floor":13},{"not_picked":["Compile Driver","Calculated Gamble"],"picked":"Self Repair","floor":14}],"player_experience":102545,"relics_obtained":[{"floor":6,"key":"The Courier"},{"floor":7,"key":"Letter Opener"},{"floor":9,"key":"Boot"}],"event_choices":[{"event_name":"The Cleric","player_choice":"Card Removal","floor":3,"damage_taken":0},{"event_name":"Scrap Ooze","player_choice":"success","floor":4,"damage_taken":7},{"event_name":"Shining Light","player_choice":"Entered Light","floor":5,"damage_taken":0},{"event_name":"Dead Adventurer","player_choice":"Searched \u00271\u0027 times","floor":7,"damage_taken":0},{"event_name":"Liars Game","player_choice":"agreed","floor":8,"damage_taken":0}],"is_beta":false,"boss_relics":[],"items_purged_floors":[11],"is_endless":true,"potions_floor_spawned":[2,7,13,14],"killed_by":"Hexaghost","ascension_level":0}