{"gold_per_floor":[113,130,149,165,183,209,209,209,209,235,235,252,262,276,276,350,350,365,465,485,45,45,45,79,29,29,40,40,51,51,78,78,165,177,201,223,235,302,326,371,383,423,435,478,510,472,492,70,70,70,70,70,70,20,49,49],"floor_reached":57,"playtime":2373,"items_purged":["Strike_B","Strike_B","Strike_B","Strike_B","Ball Lightning"],"score":3438,"play_id":"203acfc6-9f1e-42fb-8173-e9254e17533a","local_time":"20190605150452","is_ascension_mode":true,"campfire_choices":[{"data":"Fission","floor":7,"key":"SMITH"},{"data":"Heatsinks","floor":11,"key":"SMITH"},{"data":"Hologram","floor":15,"key":"SMITH"},{"floor":23,"key":"DIG"},{"data":"Loop","floor":28,"key":"SMITH"},{"floor":30,"key":"DIG"},{"floor":32,"key":"DIG"},{"floor":41,"key":"RECALL"},{"floor":49,"key":"DIG"},{"floor":53,"key":"DIG"}],"neow_cost":"TEN_PERCENT_HP_LOSS","seed_source_timestamp":667215439435681,"circlet_count":0,"master_deck":["AscendersBane","Defend_B","Defend_B","Defend_B","Defend_B","Zap","Dualcast","Electrodynamics","Melter","Skim","Heatsinks+1","Barrage","Cold Snap","Fission+1","Hologram+1","Multi-Cast","Cold Snap","Loop+1","Creative AI","Creative AI","Self Repair+1","Multi-Cast","Coolheaded+1","Consume","Coolheaded+1","Coolheaded+1","Core Surge","Heatsinks+1"],"relics":["Cracked Core","Smiling Mask","CultistMask","Gambling Chip","Snecko Eye","Shovel","Singing Bowl","DollysMirror","Frozen Egg 2","Symbiotic Virus","Gremlin Horn","Centennial Puzzle","MawBank","Inserter","Bronze Scales","Dream Catcher","Letter Opener","Question Card","Happy Flower","Medical Kit","Pen Nib","Pantograph","Bird Faced Urn"],"potions_floor_usage":[5,6,16,56,56,56,56],"damage_taken":[{"damage":2,"enemies":"Jaw Worm","floor":1,"turns":2},{"damage":1,"enemies":"Cultist","floor":2,"turns":3},{"damage":0,"enemies":"2 Louse","floor":3,"turns":2},{"damage":2,"enemies":"2 Fungi Beasts","floor":4,"turns":2},{"damage":16,"enemies":"Exordium Wildlife","floor":5,"turns":3},{"damage":6,"enemies":"Gremlin Nob","floor":6,"turns":3},{"damage":3,"enemies":"3 Sentries","floor":10,"turns":4},{"damage":0,"enemies":"Red Slaver","floor":12,"turns":2},{"damage":0,"enemies":"Exordium Thugs","floor":13,"turns":3},{"damage":10,"enemies":"Gremlin Gang","floor":14,"turns":2},{"damage":0,"enemies":"Slime Boss","floor":16,"turns":6},{"damage":0,"enemies":"3 Byrds","floor":18,"turns":1},{"damage":0,"enemies":"Colosseum Slavers","floor":19,"turns":2},{"damage":0,"enemies":"Colosseum Nobs","floor":19,"turns":1},{"damage":1,"enemies":"Shell Parasite","floor":20,"turns":2},{"damage":0,"enemies":"Gremlin Leader","floor":24,"turns":1},{"damage":0,"enemies":"Snake Plant","floor":27,"turns":1},{"damage":0,"enemies":"Chosen and Byrds","floor":29,"turns":1},{"damage":0,"enemies":"Slavers","floor":31,"turns":1},{"damage":0,"enemies":"Champ","floor":33,"turns":4},{"damage":0,"enemies":"Orb Walker","floor":35,"turns":2},{"damage":0,"enemies":"3 Darklings","floor":36,"turns":1},{"damage":0,"enemies":"Sphere and 2 Shapes","floor":39,"turns":1},{"damage":0,"enemies":"Giant Head","floor":40,"turns":1},{"damage":0,"enemies":"Nemesis","floor":42,"turns":1},{"damage":4,"enemies":"Giant Head","floor":44,"turns":2},{"damage":0,"enemies":"Spire Growth","floor":45,"turns":1},{"damage":0,"enemies":"Writhing Mass","floor":47,"turns":1},{"damage":0,"enemies":"Donu and Deca","floor":50,"turns":1},{"damage":0,"enemies":"Awakened One","floor":51,"turns":2},{"damage":0,"enemies":"Shield and Spear","floor":55,"turns":1},{"damage":2,"enemies":"The Heart","floor":56,"turns":8}],"seed_played":"-5813842092839803097","potions_obtained":[{"floor":1,"key":"Energy Potion"},{"floor":2,"key":"Regen Potion"},{"floor":4,"key":"FearPotion"},{"floor":13,"key":"AttackPotion"},{"floor":16,"key":"Poison Potion"},{"floor":18,"key":"EntropicBrew"},{"floor":27,"key":"Ancient Potion"}],"is_trial":false,"path_per_floor":["M","M","M","M","M","E","R","?","T","E","R","M","M","M","R","B",null,"M","?","M","$","?","R","E","$","T","M","R","M","R","E","R","B",null,"M","M","?","T","M","E","R","E","T","E","M","$","M","$","R","B","B",null,"R","$","E","B",null],"character_chosen":"DEFECT","items_purchased":["Creative AI","DollysMirror","Medical Kit","Core Surge"],"campfire_rested":0,"item_purchase_floors":[21,21,48,48],"current_hp_per_floor":[62,61,61,59,52,46,46,46,46,43,43,43,43,33,33,33,56,56,58,57,57,57,57,57,57,57,68,68,70,70,72,72,72,72,74,76,76,76,76,76,76,76,76,76,78,78,80,80,80,80,80,80,80,80,80,80],"gold":49,"neow_bonus":"THREE_RARE_CARDS","is_prod":false,"is_daily":false,"chose_seed":false,"campfire_upgraded":4,"win_rate":0,"timestamp":1559714692,"path_taken":["M","M","M","M","M","E","R","?","T","E","R","?","M","M","R","BOSS","M","?","M","$","?","R","E","?","T","?","R","M","R","E","R","BOSS","M","M","?","?","M","E","R","E","T","E","M","$","?","$","R","BOSS","BOSS","R","$","E","BOSS"],"build_version":"2019-01-23","purchased_purges":5,"victory":true,"max_hp_per_floor":[64,64,64,64,64,64,64,64,64,64,64,64,64,64,64,64,64,64,66,66,66,66,66,66,66,66,68,68,70,70,72,72,72,72,74,76,76,76,76,76,76,76,76,76,78,78,80,80,80,80,80,80,80,80,80,80],"card_choices":[{"not_picked":["Hyperbeam","Thunder Strike"],"picked":"Electrodynamics","floor":0},{"not_picked":["Gash","Beam Cell"],"picked":"Melter","floor":1},{"not_picked":["Compile Driver","Stack"],"picked":"Skim","floor":2},{"not_picked":["Recycle","Double Energy"],"picked":"Heatsinks","floor":3},{"not_picked":["Compile Driver","Redo"],"picked":"Barrage","floor":4},{"not_picked":["Rebound","Steam Power"],"picked":"Cold Snap","floor":5},{"not_picked":["Conserve Battery","FTL"],"picked":"Fission","floor":6},{"not_picked":["Steam Power","Heatsinks","Beam Cell"],"picked":"SKIP","floor":10},{"not_picked":["Sweeping Beam","Fusion"],"picked":"Hologram","floor":12},{"not_picked":["Leap","Barrage","Hologram"],"picked":"SKIP","floor":13},{"not_picked":["Rebound","Lockon"],"picked":"Ball Lightning","floor":14},{"not_picked":["Electrodynamics","Meteor Strike"],"picked":"Multi-Cast","floor":16},{"not_picked":["Streamline","Hologram"],"picked":"Cold Snap","floor":18},{"not_picked":["Ball Lightning","Go for the Eyes+1","Barrage"],"picked":"Singing Bowl","floor":19},{"not_picked":["Turbo","Cold Snap"],"picked":"Loop","floor":20},{"not_picked":["Leap","Electrodynamics+1"],"picked":"Self Repair+1","floor":24},{"not_picked":["Conserve Battery","Hologram","Gash"],"picked":"Singing Bowl","floor":27},{"not_picked":["Self Repair+1","Darkness","Barrage+1"],"picked":"Singing Bowl","floor":29},{"not_picked":["Hello World+1","Redo+1","Streamline"],"picked":"Singing Bowl","floor":31},{"not_picked":["Reboot","Hyperbeam"],"picked":"Multi-Cast","floor":33},{"not_picked":["Gash+1","Reprogram","Genetic Algorithm+1"],"picked":"Singing Bowl","floor":35},{"not_picked":["Streamline","Rip and Tear","Hologram"],"picked":"Singing Bowl","floor":36},{"not_picked":["Cold Snap","Fusion+1"],"picked":"Coolheaded+1","floor":39},{"not_picked":["Streamline","Static Discharge+1"],"picked":"Consume","floor":40},{"not_picked":["Electrodynamics+1","Consume"],"picked":"Coolheaded+1","floor":42},{"not_picked":["Go for the Eyes","FTL","Conserve Battery"],"picked":"Coolheaded+1","floor":44},{"not_picked":["Hello World+1","Cold Snap","Compile Driver","Leap"],"picked":"Singing Bowl","floor":45},{"not_picked":["Go for the Eyes+1","Ball Lightning","Chill","Melter"],"picked":"Singing Bowl","floor":47},{"not_picked":["Gash+1","Go for the Eyes","Double Energy+1"],"picked":"Heatsinks+1","floor":55}],"player_experience":621373,"relics_obtained":[{"floor":6,"key":"Smiling Mask"},{"floor":10,"key":"Gambling Chip"},{"floor":19,"key":"Shovel"},{"floor":19,"key":"Singing Bowl"},{"floor":23,"key":"Frozen Egg 2"},{"floor":24,"key":"Symbiotic Virus"},{"floor":30,"key":"Gremlin Horn"},{"floor":31,"key":"Centennial Puzzle"},{"floor":32,"key":"MawBank"},{"floor":38,"key":"Bronze Scales"},{"floor":40,"key":"Dream Catcher"},{"floor":42,"key":"Letter Opener"},{"floor":43,"key":"Question Card"},{"floor":44,"key":"Happy Flower"},{"floor":49,"key":"Pen Nib"},{"floor":53,"key":"Pantograph"},{"floor":55,"key":"Bird Faced Urn"}],"event_choices":[{"damage_healed":0,"gold_gain":0,"player_choice":"Trade","damage_taken":0,"relics_obtained":["CultistMask"],"max_hp_gain":0,"max_hp_loss":0,"event_name":"FaceTrader","floor":8,"gold_loss":0},{"damage_healed":0,"gold_gain":0,"player_choice":"Fight","damage_taken":0,"max_hp_gain":0,"max_hp_loss":0,"event_name":"Colosseum","floor":19,"gold_loss":0},{"damage_healed":0,"gold_gain":0,"player_choice":"Fought Nobs","damage_taken":0,"max_hp_gain":0,"max_hp_loss":0,"event_name":"Colosseum","floor":19,"gold_loss":0},{"damage_healed":0,"gold_gain":0,"player_choice":"Ignored","damage_taken":0,"max_hp_gain":0,"max_hp_loss":0,"event_name":"Beggar","floor":22,"gold_loss":0},{"damage_healed":0,"gold_gain":0,"player_choice":"Ignored","damage_taken":0,"max_hp_gain":0,"max_hp_loss":0,"event_name":"Tomb of Lord Red Mask","floor":37,"gold_loss":0}],"is_beta":false,"boss_relics":[{"not_picked":["Velvet Choker","Ectoplasm"],"picked":"Snecko Eye"},{"not_picked":["Astrolabe","Runic Pyramid"],"picked":"Inserter"}],"items_purged_floors":[21,25,46,48,54],"is_endless":false,"potions_floor_spawned":[1,2,4,13,16,18,20,27,29,35,36,42,55],"ascension_level":20}