{"gold_per_floor":[115,133,10,26,45,45,45,56,109,109,109],"floor_reached":11,"playtime":426,"items_purged":[],"score":91,"play_id":"1f6520d0-3930-47a2-83b7-ef974c0a6e98","local_time":"20190507130525","is_ascension_mode":true,"campfire_choices":[],"neow_cost":"NONE","seed_source_timestamp":287237991625204,"circlet_count":0,"master_deck":["Strike_B","Strike_B","Strike_B","Defend_B","Defend_B","Defend_B","Defend_B","Zap","Dualcast","Creative AI","Cold Snap","Ball Lightning","Blizzard","Go for the Eyes","Sweeping Beam","Double Energy","Echo Form"],"relics":["Cracked Core","Blue Candle","Strawberry"],"potions_floor_usage":[11],"damage_taken":[{"damage":1,"enemies":"Cultist","floor":1,"turns":3},{"damage":1,"enemies":"2 Louse","floor":2,"turns":2},{"damage":3,"enemies":"Small Slimes","floor":4,"turns":3},{"damage":12,"enemies":"Exordium Thugs","floor":5,"turns":4},{"damage":15,"enemies":"3 Louse","floor":8,"turns":3},{"damage":23,"enemies":"Gremlin Nob","floor":11,"turns":3}],"seed_played":"-4344336647873173104","potions_obtained":[{"floor":2,"key":"LiquidBronze"},{"floor":4,"key":"Dexterity Potion"}],"is_trial":false,"path_per_floor":["M","M","$","M","M","?","?","M","T","?","E"],"character_chosen":"DEFECT","items_purchased":["Blizzard","Go for the Eyes"],"campfire_rested":0,"item_purchase_floors":[3,3],"current_hp_per_floor":[67,66,66,63,51,33,26,11,18,18,0],"gold":109,"neow_bonus":"ONE_RANDOM_RARE_CARD","is_prod":false,"is_daily":false,"chose_seed":false,"campfire_upgraded":0,"win_rate":0,"timestamp":1557259525,"path_taken":["M","?","$","M","M","?","?","M","T","?","E"],"build_version":"2019-01-23","purchased_purges":0,"victory":false,"max_hp_per_floor":[75,75,75,75,75,75,75,75,82,82,82],"card_choices":[{"not_picked":["Redo","Beam Cell"],"picked":"Cold Snap","floor":1},{"not_picked":["Scrape","Undo"],"picked":"Ball Lightning","floor":2},{"not_picked":["Beam Cell","Fusion"],"picked":"Sweeping Beam","floor":4},{"not_picked":["Stack","Redo"],"picked":"Double Energy","floor":5},{"not_picked":["Scrape","Rebound"],"picked":"Echo Form","floor":8}],"player_experience":303311,"relics_obtained":[{"floor":9,"key":"Strawberry"}],"event_choices":[{"damage_healed":0,"gold_gain":0,"player_choice":"Success","damage_taken":18,"relics_obtained":["Blue Candle"],"max_hp_gain":0,"max_hp_loss":0,"event_name":"Scrap Ooze","floor":6,"gold_loss":0},{"cards_removed":["Strike_B"],"damage_healed":0,"gold_gain":0,"player_choice":"Card Removal","damage_taken":7,"max_hp_gain":0,"max_hp_loss":0,"event_name":"Golden Wing","floor":7,"gold_loss":0},{"damage_healed":0,"gold_gain":0,"player_choice":"Ignored","damage_taken":0,"max_hp_gain":0,"max_hp_loss":0,"event_name":"Liars Game","floor":10,"gold_loss":0}],"is_beta":false,"boss_relics":[],"items_purged_floors":[],"is_endless":false,"potions_floor_spawned":[2,4],"killed_by":"Gremlin Nob","ascension_level":8}