{"gold_per_floor":[112,130,130,150,250,250,275,275,275,275,301,301,311,330,330,428,428,448,132,132,147,2,2,20,46,126,151,151,182,214,124,124,228,228,239,165,183,201,5,5,37,56,56,56,69,69,80,80,80,80],"floor_reached":51,"playtime":2366,"items_purged":[],"score":847,"play_id":"e420796b-4158-4ea2-a932-21dad23aa75d","local_time":"20190430233956","is_ascension_mode":true,"campfire_choices":[{"data":"Zap","floor":6.0,"key":"SMITH"},{"data":"Dualcast","floor":8.0,"key":"SMITH"},{"data":"Coolheaded","floor":10.0,"key":"SMITH"},{"data":"FTL","floor":12.0,"key":"SMITH"},{"data":"FTL","floor":15.0,"key":"SMITH"},{"data":"Loop","floor":23.0,"key":"SMITH"},{"data":"Go for the Eyes","floor":28.0,"key":"SMITH"},{"floor":32.0,"key":"REST"},{"data":"Hologram","floor":40.0,"key":"SMITH"},{"floor":44.0,"key":"REST"},{"data":"Reprogram","floor":46.0,"key":"SMITH"},{"floor":49.0,"key":"REST"}],"neow_cost":"NONE","seed_source_timestamp":331288469464221,"circlet_count":0,"master_deck":["Strike_B","Strike_B","Strike_B+1","Defend_B","Defend_B","Defend_B","Defend_B","Zap+1","Dualcast+1","FTL+1","Coolheaded+1","BootSequence","Conserve Battery","FTL+1","Electrodynamics","Recycle+1","Skim","Loop+1","Reinforced Body","Tempest","Sunder","Go for the Eyes+1","Reprogram+1","Cold Snap","Meteor Strike","Capacitor","Hologram+1","Tempest+1","All For One","Multi-Cast","Coolheaded+1","Panache"],"special_seed":0,"relics":["Cracked Core","NeowsBlessing","Pantograph","Cables","Kunai","Cursed Key","Omamori","Oddly Smooth Stone","Smiling Mask","Bottled Lightning","Strawberry","Red Mask","Bronze Scales","Snecko Eye","The Courier","Centennial Puzzle"],"potions_floor_usage":[50,50],"damage_taken":[{"damage":0.0,"enemies":"Cultist","floor":1.0,"turns":1.0},{"damage":0.0,"enemies":"Small Slimes","floor":2.0,"turns":1.0},{"damage":0.0,"enemies":"Jaw Worm","floor":4.0,"turns":1.0},{"damage":13.0,"enemies":"Lagavulin","floor":7.0,"turns":6.0},{"damage":4.0,"enemies":"3 Sentries","floor":11.0,"turns":8.0},{"damage":4.0,"enemies":"Lots of Slimes","floor":13.0,"turns":4.0},{"damage":3.0,"enemies":"Gremlin Gang","floor":14.0,"turns":4.0},{"damage":13.0,"enemies":"The Guardian","floor":16.0,"turns":10.0},{"damage":0.0,"enemies":"Spheric Guardian","floor":18.0,"turns":3.0},{"damage":13.0,"enemies":"2 Thieves","floor":21.0,"turns":4.0},{"damage":13.0,"enemies":"3 Cultists","floor":24.0,"turns":4.0},{"damage":28.0,"enemies":"Book of Stabbing","floor":25.0,"turns":5.0},{"damage":1.0,"enemies":"Gremlin Leader","floor":27.0,"turns":6.0},{"damage":1.0,"enemies":"Masked Bandits","floor":29.0,"turns":2.0},{"damage":26.0,"enemies":"Book of Stabbing","floor":30.0,"turns":4.0},{"damage":31.0,"enemies":"Champ","floor":33.0,"turns":14.0},{"damage":1.0,"enemies":"Orb Walker","floor":35.0,"turns":2.0},{"damage":1.0,"enemies":"3 Shapes","floor":37.0,"turns":3.0},{"damage":0.0,"enemies":"Spire Growth","floor":38.0,"turns":6.0},{"damage":54.0,"enemies":"Giant Head","floor":41.0,"turns":8.0},{"damage":9.0,"enemies":"3 Darklings","floor":42.0,"turns":3.0},{"damage":4.0,"enemies":"Sphere and 2 Shapes","floor":45.0,"turns":2.0},{"damage":0.0,"enemies":"4 Shapes","floor":47.0,"turns":3.0},{"damage":9,"enemies":"Time Eater","floor":50,"turns":7}],"seed_played":"-2672122785459133839","potions_obtained":[{"floor":1.0,"key":"PowerPotion"},{"floor":2.0,"key":"LiquidBronze"},{"floor":7.0,"key":"SpeedPotion"},{"floor":16.0,"key":"Fire Potion"},{"floor":24.0,"key":"SpeedPotion"},{"floor":25.0,"key":"Poison Potion"},{"floor":30.0,"key":"GamblersBrew"},{"floor":33.0,"key":"Swift Potion"},{"floor":41.0,"key":"PowerPotion"}],"is_trial":false,"path_per_floor":["M","M","?","M","?","R","E","R","T","R","E","R","M","M","R","B",null,"M","$","$","M","$","R","M","E","T","E","R","?","E","?","R","B",null,"M","$","M","M","$","R","E","M","T","R","M","R","M","?","R","B",null],"character_chosen":"DEFECT","items_purchased":["Omamori","Skim","Loop","Oddly Smooth Stone","Capacitor","All For One","PowerPotion"],"campfire_rested":3,"item_purchase_floors":[19,19,19,22,36,39,39],"current_hp_per_floor":[75,75,80,80,80,80,67,67,67,67,63,63,59,56,56,67,80,80,80,80,67,67,67,54,26,26,32,32,31,5,5,31,25,87,86,86,85,85,85,85,31,22,22,48,44,44,44,44,70,78],"gold":80,"neow_bonus":"THREE_ENEMY_KILL","is_prod":false,"is_daily":false,"chose_seed":false,"campfire_upgraded":9,"win_rate":0,"timestamp":1556642396,"path_taken":["M","?","?","M","?","R","E","R","T","R","E","R","M","M","R","BOSS","M","?","$","M","$","R","M","E","T","E","R","?","E","?","R","BOSS","M","?","?","M","$","R","E","M","T","R","M","R","M","?","R","BOSS"],"build_version":"2019-01-23","purchased_purges":0,"victory":true,"max_hp_per_floor":[75,75,80,80,80,80,80,80,80,80,80,80,80,80,80,80,80,80,80,80,80,80,80,80,80,80,87,87,87,87,87,87,87,87,87,87,87,87,87,87,87,87,87,87,87,87,87,87,87,87],"card_choices":[{"not_picked":["Sweeping Beam","Tempest","Beam Cell"],"picked":"SKIP","floor":1.0},{"not_picked":["Conserve Battery","Compile Driver"],"picked":"FTL","floor":2.0},{"not_picked":["Reboot","Compile Driver"],"picked":"Coolheaded","floor":4.0},{"not_picked":["FTL","Compile Driver"],"picked":"BootSequence","floor":7.0},{"not_picked":["Scrape","Hologram"],"picked":"Conserve Battery","floor":11.0},{"not_picked":["Gash","Compile Driver","Turbo"],"picked":"SKIP","floor":13.0},{"not_picked":["Compile Driver","Conserve Battery"],"picked":"FTL","floor":14.0},{"not_picked":["Meteor Strike","All For One"],"picked":"Electrodynamics","floor":16.0},{"not_picked":["Storm","Streamline"],"picked":"Recycle+1","floor":18.0},{"not_picked":["Turbo+1","Beam Cell"],"picked":"Reinforced Body","floor":21.0},{"not_picked":["BootSequence","Turbo"],"picked":"Tempest","floor":24.0},{"not_picked":["Streamline","Stack"],"picked":"Sunder","floor":25.0},{"not_picked":["Electrodynamics","Reinforced Body"],"picked":"Go for the Eyes","floor":27.0},{"not_picked":["Rebound","Streamline+1"],"picked":"Reprogram","floor":29.0},{"not_picked":["Steam Power","Redo"],"picked":"Cold Snap","floor":30.0},{"not_picked":["Rainbow","Multi-Cast"],"picked":"Meteor Strike","floor":33.0},{"not_picked":["Cold Snap","Sweeping Beam+1","Leap+1"],"picked":"SKIP","floor":35.0},{"not_picked":["Rebound","Sweeping Beam"],"picked":"Hologram","floor":37.0},{"not_picked":["Redo","Rip and Tear+1"],"picked":"Tempest+1","floor":38.0},{"not_picked":["Hello World","Rip and Tear"],"picked":"Multi-Cast","floor":41.0},{"not_picked":["Gash+1","Streamline"],"picked":"Coolheaded+1","floor":42.0},{"not_picked":["Blizzard+1","Redo+1","Gash+1"],"picked":"SKIP","floor":45.0},{"not_picked":["Genetic Algorithm","Aggregate","Chaos+1"],"picked":"SKIP","floor":47.0},{"not_picked":["Secret Weapon","PanicButton"],"picked":"Panache","floor":48.0}],"player_experience":453782,"relics_obtained":[{"floor":7.0,"key":"Pantograph"},{"floor":9.0,"key":"Cables"},{"floor":11.0,"key":"Kunai"},{"floor":25.0,"key":"Smiling Mask"},{"floor":26.0,"key":"Bottled Lightning"},{"floor":27.0,"key":"Strawberry"},{"floor":29.0,"key":"Red Mask"},{"floor":30.0,"key":"Bronze Scales"},{"floor":41.0,"key":"The Courier"},{"floor":43.0,"key":"Centennial Puzzle"}],"event_choices":[{"damage_healed":0.0,"max_hp_gain":5.0,"max_hp_loss":0.0,"gold_gain":0.0,"event_name":"Big Fish","player_choice":"Donut","floor":3.0,"gold_loss":0.0,"damage_taken":0.0},{"damage_healed":0.0,"max_hp_gain":0.0,"max_hp_loss":0.0,"gold_gain":100.0,"event_name":"Golden Shrine","player_choice":"Pray","floor":5.0,"gold_loss":0.0,"damage_taken":0.0},{"damage_healed":0.0,"max_hp_gain":0.0,"max_hp_loss":0.0,"gold_gain":0.0,"event_name":"Masked Bandits","player_choice":"Fought Bandits","floor":29.0,"gold_loss":0.0,"damage_taken":0.0},{"cards_removed":["Strike_B"],"damage_healed":0.0,"max_hp_gain":0.0,"max_hp_loss":0.0,"gold_gain":0.0,"event_name":"Designer","player_choice":"Upgrade and Remove","floor":31.0,"gold_loss":90.0,"damage_taken":0.0,"cards_upgraded":["Strike_B"]},{"damage_healed":0.0,"max_hp_gain":0.0,"max_hp_loss":0.0,"gold_gain":0.0,"event_name":"SensoryStone","player_choice":"Memory 1","floor":48.0,"gold_loss":0.0,"damage_taken":0.0}],"is_beta":false,"boss_relics":[{"not_picked":["Lizard Tail","Busted Crown"],"picked":"Cursed Key"},{"not_picked":["Runic Pyramid","Tiny House"],"picked":"Snecko Eye"}],"items_purged_floors":[],"is_endless":false,"potions_floor_spawned":[1,2,7,16,24,25,30,33,41,42],"ascension_level":3}