{"gold_per_floor":[111,61,76,76,92,127,127,29,29,29,47,61,79,41,41,142,142,158,173,186,48,59,59,70,86,86,86,101,101,117,117,117,221,221,240,62,117,136,154,154],"floor_reached":40,"playtime":2962,"items_purged":["Strike_B","Strike_B","Strike_B"],"score":453,"play_id":"4130ae43-4100-44f4-9ab6-09b3028cf774","local_time":"20190429120856","is_ascension_mode":true,"campfire_choices":[{"floor":7,"key":"REST"},{"floor":10,"key":"REST"},{"floor":15,"key":"REST"},{"floor":23,"key":"REST"},{"floor":27,"key":"REST"},{"floor":32,"key":"REST"}],"neow_cost":"TEN_PERCENT_HP_LOSS","seed_source_timestamp":48397675209117,"circlet_count":0,"master_deck":["Defend_B","Zap","Dualcast","Gash","Genetic Algorithm","Sweeping Beam","Scrape","Echo Form","Go for the Eyes","Buffer","Melter","Gash+1","BootSequence","Buffer","Bandage Up","Gash+1"],"relics":["Cracked Core","The Courier","Ornamental Fan","Nuclear Battery","Kunai","Runic Pyramid","Girya"],"potions_floor_usage":[6,20,22,24,30,37,37,37,38,39],"damage_taken":[{"damage":10,"enemies":"Small Slimes","floor":1,"turns":3},{"damage":0,"enemies":"2 Louse","floor":3,"turns":2},{"damage":5,"enemies":"Jaw Worm","floor":5,"turns":4},{"damage":32,"enemies":"3 Sentries","floor":6,"turns":5},{"damage":7,"enemies":"Lots of Slimes","floor":11,"turns":2},{"damage":8,"enemies":"3 Louse","floor":12,"turns":3},{"damage":3,"enemies":"Looter","floor":13,"turns":3},{"damage":27,"enemies":"Hexaghost","floor":16,"turns":9},{"damage":7,"enemies":"Spheric Guardian","floor":18,"turns":5},{"damage":9,"enemies":"Shell Parasite","floor":19,"turns":5},{"damage":18,"enemies":"3 Cultists","floor":20,"turns":4},{"damage":9,"enemies":"Chosen and Byrds","floor":22,"turns":6},{"damage":0,"enemies":"Snecko","floor":24,"turns":4},{"damage":10,"enemies":"Centurion and Healer","floor":25,"turns":5},{"damage":0,"enemies":"Cultist and Chosen","floor":28,"turns":6},{"damage":7,"enemies":"Snake Plant","floor":30,"turns":5},{"damage":2,"enemies":"Champ","floor":33,"turns":8},{"damage":0,"enemies":"Orb Walker","floor":35,"turns":4},{"damage":62,"enemies":"2 Orb Walkers","floor":37,"turns":7},{"damage":11,"enemies":"3 Shapes","floor":38,"turns":3},{"damage":15,"enemies":"Jaw Worm Horde","floor":39,"turns":5},{"damage":7,"enemies":"Nemesis","floor":40,"turns":1}],"seed_played":"3959323838093952744","potions_obtained":[{"floor":3,"key":"Explosive Potion"},{"floor":12,"key":"AttackPotion"},{"floor":20,"key":"AttackPotion"},{"floor":25,"key":"Explosive Potion"},{"floor":28,"key":"Energy Potion"},{"floor":30,"key":"Regen Potion"},{"floor":33,"key":"LiquidBronze"},{"floor":37,"key":"Swift Potion"},{"floor":38,"key":"Block Potion"}],"is_trial":false,"path_per_floor":["M","?","M","?","M","E","R","$","T","R","M","M","M","$","R","B",null,"M","M","M","$","M","R","M","M","T","R","M","?","M","?","R","B",null,"M","$","?","M","M","E"],"character_chosen":"DEFECT","items_purchased":["Fire Potion","Go for the Eyes","Melter","Bandage Up"],"campfire_rested":6,"item_purchase_floors":[8,14,21,36],"current_hp_per_floor":[58,58,58,58,53,21,41,41,41,61,54,46,43,43,63,36,68,61,52,34,34,25,45,45,35,35,55,55,55,48,48,68,66,68,68,68,19,12,1,0],"gold":154,"neow_bonus":"REMOVE_TWO","is_prod":false,"is_daily":false,"chose_seed":false,"campfire_upgraded":0,"win_rate":0,"timestamp":1556564936,"path_taken":["M","?","M","?","M","E","R","$","T","R","M","M","M","?","R","BOSS","M","M","?","$","M","R","M","M","T","R","M","?","M","?","R","BOSS","M","$","?","M","M","E"],"build_version":"2019-01-23","purchased_purges":3,"victory":false,"max_hp_per_floor":[68,68,68,68,68,68,68,68,68,68,68,68,68,68,68,68,68,68,68,68,68,68,68,68,68,68,68,68,68,68,68,68,68,68,68,68,68,68,68,68],"card_choices":[{"not_picked":["Rebound","Storm"],"picked":"Gash","floor":1},{"not_picked":["Recycle","Turbo"],"picked":"Genetic Algorithm","floor":3},{"not_picked":["Double Energy","Stack","Turbo"],"picked":"SKIP","floor":5},{"not_picked":["Double Energy","Stack","Turbo"],"picked":"SKIP","floor":5},{"not_picked":["Leap","Streamline"],"picked":"Sweeping Beam","floor":6},{"not_picked":["Stack","Hello World","Steam"],"picked":"SKIP","floor":11},{"not_picked":["Turbo","Conserve Battery"],"picked":"Scrape","floor":12},{"not_picked":["Cold Snap","Glacier"],"picked":"Echo Form","floor":13},{"not_picked":["Thunder Strike","Reboot"],"picked":"Buffer","floor":16},{"not_picked":["Double Energy","Blizzard","Compile Driver"],"picked":"SKIP","floor":18},{"not_picked":["Consume+1","Double Energy","Chaos"],"picked":"SKIP","floor":19},{"not_picked":["Heatsinks+1","Redo","Darkness"],"picked":"SKIP","floor":20},{"not_picked":["Ball Lightning","Turbo"],"picked":"Gash+1","floor":22},{"not_picked":["Stack","Compile Driver+1","Steam Power"],"picked":"SKIP","floor":24},{"not_picked":["Lockon+1","Meteor Strike","Stack"],"picked":"SKIP","floor":25},{"not_picked":["Chill","Turbo"],"picked":"BootSequence","floor":28},{"not_picked":["Rip and Tear","Darkness","Turbo+1"],"picked":"SKIP","floor":30},{"not_picked":["Reboot","Multi-Cast"],"picked":"Buffer","floor":33},{"not_picked":["Genetic Algorithm","Defragment","Heatsinks+1"],"picked":"SKIP","floor":35},{"not_picked":["Reinforced Body+1","Steam"],"picked":"Gash+1","floor":38},{"not_picked":["Barrage","Hologram+1","Reprogram"],"picked":"SKIP","floor":39}],"player_experience":172033,"relics_obtained":[{"floor":6,"key":"The Courier"},{"floor":9,"key":"Ornamental Fan"},{"floor":26,"key":"Kunai"},{"floor":37,"key":"Girya"}],"event_choices":[{"cards_removed":["Defend_B"],"damage_healed":0,"gold_gain":0,"player_choice":"Card Removal","damage_taken":0,"max_hp_gain":0,"max_hp_loss":0,"event_name":"The Cleric","floor":2,"gold_loss":50},{"damage_healed":0,"gold_gain":0,"player_choice":"Ignored","damage_taken":0,"max_hp_gain":0,"max_hp_loss":0,"event_name":"Liars Game","floor":4,"gold_loss":0},{"cards_removed":["Defend_B"],"damage_healed":0,"gold_gain":0,"player_choice":"Elegance","damage_taken":0,"max_hp_gain":0,"max_hp_loss":0,"event_name":"Back to Basics","floor":29,"gold_loss":0},{"damage_healed":0,"gold_gain":0,"player_choice":"Ignored","damage_taken":0,"max_hp_gain":0,"max_hp_loss":0,"event_name":"Ghosts","floor":31,"gold_loss":0},{"damage_healed":0,"gold_gain":0,"player_choice":"Fight","damage_taken":0,"max_hp_gain":0,"max_hp_loss":0,"event_name":"Mysterious Sphere","floor":37,"gold_loss":0}],"is_beta":false,"boss_relics":[{"not_picked":["Tiny House","Philosopher\u0027s Stone"],"picked":"Nuclear Battery"},{"not_picked":["Eternal Feather","Calling Bell"],"picked":"Runic Pyramid"}],"items_purged_floors":[8,21,36],"is_endless":false,"potions_floor_spawned":[3,12,20,25,28,30,33,37,38],"killed_by":"Nemesis","ascension_level":3}