{"gold_per_floor":[115,115,125,138,156,186,202,202,228,238,238,270,285,16,16,116,116,129,109,119,136,61,61,74,74,74,88,88,104,104,118,118,223,223,233,233,8,108,128,128,128,128,177,194,194,209,242,260,260,260],"floor_reached":51,"playtime":4717,"items_purged":["Strike_G"],"score":753,"play_id":"0ec05ace-2897-4923-bbfa-0c9787693aea","local_time":"20190121181230","is_ascension_mode":true,"campfire_choices":[{"data":"Bullet Time","floor":8,"key":"SMITH"},{"floor":11,"key":"REST"},{"data":"Footwork","floor":15,"key":"SMITH"},{"data":"Acrobatics","floor":23,"key":"SMITH"},{"data":"Tactician","floor":28,"key":"SMITH"},{"data":"Bane","floor":30,"key":"SMITH"},{"data":"Bouncing Flask","floor":32,"key":"SMITH"},{"floor":40,"key":"DIG"},{"floor":42,"key":"DIG"},{"data":"Reflex","floor":45,"key":"SMITH"},{"floor":49,"key":"DIG"}],"neow_cost":"NONE","seed_source_timestamp":964032529937867,"circlet_count":0,"master_deck":["Defend_G","Defend_G","Defend_G","Defend_G","Strike_G","Survivor","Neutralize","Choke+1","Terror+1","All Out Attack+1","Acrobatics+1","Bullet Time+1","Dagger Throw","Underhanded Strike","Bouncing Flask+1","Bane","Footwork+1","Dash","Bane+1","Quick Slash","Sucker Punch","Envenom","Dodge and Roll+1","Backflip","Tactician+1","Bullet Time","Catalyst+1","Bouncing Flask","After Image","Deadly Poison","Backflip","Deflect+1","Reflex+1","Bandage Up","Predator+1","Bane+1","Catalyst+1"],"relics":["Astrolabe","Paper Crane","Happy Flower","Centennial Puzzle","Shuriken","Coffee Dripper","Lizard Tail","Toy Ornithopter","Shovel","Potion Belt","Anchor","Oddly Smooth Stone","Darkstone Periapt","Gambling Chip"],"potions_floor_usage":[12,16,16,29,31,33,33,38,46,50,50],"damage_taken":[{"damage":0,"enemies":"Small Slimes","floor":1,"turns":2},{"damage":0,"enemies":"Cultist","floor":3,"turns":3},{"damage":6,"enemies":"Jaw Worm","floor":4,"turns":2},{"damage":3,"enemies":"Red Slaver","floor":5,"turns":3},{"damage":6,"enemies":"Gremlin Nob","floor":6,"turns":3},{"damage":0,"enemies":"2 Fungi Beasts","floor":7,"turns":2},{"damage":12,"enemies":"Gremlin Gang","floor":10,"turns":4},{"damage":0,"enemies":"3 Sentries","floor":12,"turns":6},{"damage":2,"enemies":"Blue Slaver","floor":13,"turns":2},{"damage":14,"enemies":"The Guardian","floor":16,"turns":6},{"damage":10,"enemies":"Spheric Guardian","floor":18,"turns":3},{"damage":1,"enemies":"Chosen","floor":20,"turns":3},{"damage":23,"enemies":"Centurion and Healer","floor":21,"turns":4},{"damage":0,"enemies":"Snecko","floor":24,"turns":3},{"damage":0,"enemies":"Snake Plant","floor":27,"turns":3},{"damage":10,"enemies":"Chosen and Byrds","floor":29,"turns":3},{"damage":0,"enemies":"Centurion and Healer","floor":31,"turns":3},{"damage":15,"enemies":"Automaton","floor":33,"turns":6},{"damage":23,"enemies":"3 Darklings","floor":35,"turns":4},{"damage":0,"enemies":"Mind Bloom Boss Battle","floor":38,"turns":5},{"damage":6,"enemies":"Orb Walker","floor":39,"turns":3},{"damage":0,"enemies":"3 Darklings","floor":44,"turns":5},{"damage":16,"enemies":"Writhing Mass","floor":46,"turns":6},{"damage":14,"enemies":"Giant Head","floor":47,"turns":8},{"damage":11,"enemies":"Sphere and 2 Shapes","floor":48,"turns":4},{"damage":77,"enemies":"Donu and Deca","floor":50,"turns":11}],"seed_played":"-4576213562958561756","potions_obtained":[{"floor":3,"key":"Ancient Potion"},{"floor":5,"key":"EssenceOfSteel"},{"floor":10,"key":"Regen Potion"},{"floor":12,"key":"GamblersBrew"},{"floor":13,"key":"SkillPotion"},{"floor":18,"key":"PowerPotion"},{"floor":19,"key":"Weak Potion"},{"floor":25,"key":"PowerPotion"},{"floor":25,"key":"Regen Potion"},{"floor":29,"key":"Swift Potion"},{"floor":31,"key":"GamblersBrew"},{"floor":33,"key":"AttackPotion"},{"floor":39,"key":"Block Potion"},{"floor":47,"key":"Explosive Potion"}],"is_trial":false,"path_per_floor":["M","?","M","M","M","E","M","R","T","M","R","E","M","$","R","B",null,"M","?","M","M","$","R","M","?","T","M","R","M","R","M","R","B",null,"M","?","$","?","M","R","?","R","T","M","R","M","E","M","R","B",null],"character_chosen":"THE_SILENT","items_purchased":["Shuriken","Sucker Punch","Backflip","Toy Ornithopter"],"campfire_rested":1,"item_purchase_floors":[14,14,37,37],"current_hp_per_floor":[70,70,70,64,61,55,55,55,55,43,64,64,62,62,62,62,70,60,60,59,36,36,36,36,36,36,36,36,38,38,38,38,23,70,47,47,47,52,46,46,46,46,46,50,50,43,33,26,26,10],"gold":260,"neow_bonus":"BOSS_RELIC","is_prod":false,"is_daily":false,"chose_seed":false,"campfire_upgraded":7,"win_rate":0,"timestamp":1548112350,"path_taken":["M","?","?","M","M","E","?","R","T","M","R","E","M","$","R","BOSS","M","?","M","?","$","R","M","?","T","M","R","M","R","?","R","BOSS","M","?","$","?","M","R","?","R","T","?","R","M","E","M","R","BOSS"],"build_version":"2019-01-17v2","purchased_purges":1,"victory":true,"max_hp_per_floor":[70,70,70,70,70,70,70,70,70,70,70,70,70,70,70,70,70,70,70,70,70,70,70,70,70,70,70,70,70,70,70,70,70,70,70,70,70,70,70,70,70,70,70,70,70,70,70,70,70,70],"card_choices":[{"not_picked":["Dagger Throw","Deflect"],"picked":"Acrobatics","floor":1},{"not_picked":["Underhanded Strike","Sucker Punch"],"picked":"Dagger Throw","floor":3},{"not_picked":["Dodge and Roll","Bane"],"picked":"Underhanded Strike","floor":4},{"not_picked":["Dagger Spray","All Out Attack"],"picked":"Bouncing Flask","floor":5},{"not_picked":["Bullet Time","All Out Attack"],"picked":"Bane","floor":6},{"not_picked":["Choke","Deflect"],"picked":"Footwork","floor":7},{"not_picked":["PiercingWail","Slice"],"picked":"Dash","floor":10},{"not_picked":["Dagger Spray","Quick Slash"],"picked":"Bane","floor":12},{"not_picked":["Expertise","Flechettes"],"picked":"Quick Slash","floor":13},{"not_picked":["Unload","A Thousand Cuts"],"picked":"Envenom","floor":16},{"not_picked":["Deadly Poison","Underhanded Strike"],"picked":"Dodge and Roll+1","floor":18},{"not_picked":["Slice+1","Riddle With Holes"],"picked":"Backflip","floor":20},{"not_picked":["Well Laid Plans","PiercingWail","Skewer"],"picked":"SKIP","floor":21},{"not_picked":["Predator","Quick Slash"],"picked":"Tactician","floor":24},{"not_picked":["Terror","Eviscerate"],"picked":"Bullet Time","floor":27},{"not_picked":["Blade Dance","Bane"],"picked":"Catalyst+1","floor":29},{"not_picked":["Leg Sweep","Riddle With Holes"],"picked":"Bouncing Flask","floor":31},{"not_picked":["Night Terror","Venomology"],"picked":"After Image","floor":33},{"not_picked":["Riddle With Holes","Underhanded Strike"],"picked":"Deadly Poison","floor":35},{"not_picked":["Blade Dance+1","Bane"],"picked":"Deflect+1","floor":38},{"not_picked":["After Image","Predator"],"picked":"Reflex","floor":39},{"not_picked":["Dramatic Entrance","Dark Shackles"],"picked":"Bandage Up","floor":41},{"not_picked":["Dodge and Roll+1","Skewer"],"picked":"Predator+1","floor":44},{"not_picked":["Riddle With Holes","Leg Sweep+1"],"picked":"Bane+1","floor":46},{"not_picked":["Riddle With Holes","Deadly Poison+1"],"picked":"Catalyst+1","floor":47},{"not_picked":["Caltrops+1","Sucker Punch","Quick Slash+1"],"picked":"SKIP","floor":48}],"player_experience":72885,"relics_obtained":[{"floor":6,"key":"Paper Crane"},{"floor":9,"key":"Happy Flower"},{"floor":12,"key":"Centennial Puzzle"},{"floor":38,"key":"Shovel"},{"floor":40,"key":"Potion Belt"},{"floor":42,"key":"Anchor"},{"floor":43,"key":"Oddly Smooth Stone"},{"floor":47,"key":"Darkstone Periapt"},{"floor":49,"key":"Gambling Chip"}],"event_choices":[{"damage_healed":0,"gold_gain":0,"cards_transformed":["Defend_G"],"player_choice":"Transformed","damage_taken":0,"max_hp_gain":0,"max_hp_loss":0,"event_name":"Transmorgrifier","floor":2,"gold_loss":0,"cards_obtained":["Bullet Time"]},{"damage_healed":0,"gold_gain":0,"player_choice":"Bought 1 Potion","damage_taken":0,"max_hp_gain":0,"max_hp_loss":0,"event_name":"The Woman in Blue","floor":19,"gold_loss":0},{"damage_healed":0,"gold_gain":0,"player_choice":"Got Potions","damage_taken":0,"max_hp_gain":0,"max_hp_loss":0,"event_name":"Lab","floor":25,"gold_loss":0},{"damage_healed":0,"gold_gain":0,"player_choice":"Ignored","damage_taken":0,"max_hp_gain":0,"max_hp_loss":0,"event_name":"Tomb of Lord Red Mask","floor":36,"gold_loss":0},{"damage_healed":0,"gold_gain":0,"player_choice":"Fight","damage_taken":0,"max_hp_gain":0,"max_hp_loss":0,"event_name":"MindBloom","floor":38,"gold_loss":0},{"damage_healed":0,"gold_gain":0,"player_choice":"Memory 1","damage_taken":0,"max_hp_gain":0,"max_hp_loss":0,"event_name":"SensoryStone","floor":41,"gold_loss":0}],"is_beta":false,"boss_relics":[{"not_picked":["Empty Cage","Cursed Key"],"picked":"Coffee Dripper"},{"not_picked":["Runic Dome","Runic Pyramid"],"picked":"Lizard Tail"}],"items_purged_floors":[22],"is_endless":false,"potions_floor_spawned":[3,5,10,12,13,18,29,31,33,39,47],"ascension_level":1}