{"gold_per_floor":[118,193,193,193,211,211,227,227,227,247,275,275,275,309,309,385,385,397,397,413,433,448,448,479,479,479,495,23,43,61,61,61,134,134,152,169,11,61,76,105,105,140,140,140,158,21,55,5,5,5],"floor_reached":51,"playtime":5361,"items_purged":["Defend_B"],"score":1251,"play_id":"4db6a372-2f9c-4e6a-93c5-f268888c587f","local_time":"20190523010253","is_ascension_mode":true,"campfire_choices":[{"floor":6,"key":"REST"},{"floor":8,"key":"REST"},{"floor":12,"key":"REST"},{"floor":15,"key":"REST"},{"floor":23,"key":"REST"},{"floor":25,"key":"REST"},{"floor":32,"key":"REST"},{"floor":41,"key":"REST"},{"floor":44,"key":"REST"},{"floor":49,"key":"REST"}],"neow_cost":"NONE","seed_source_timestamp":107389639690842,"circlet_count":0,"master_deck":["AscendersBane","Strike_B+1","Strike_B+1","Defend_B","Defend_B","Defend_B","Zap","Dualcast","Thunder Strike","Undo","Hologram","BootSequence","Ball Lightning","Biased Cognition","Coolheaded","Fusion","Cold Snap+1","Genetic Algorithm","Apotheosis","Master of Strategy","Impatience","Coolheaded","Rainbow","Fusion+1","Loop","Ball Lightning+1","Fusion+1","Finesse","Stack"],"relics":["Fusion Hammer","Symbiotic Virus","Oddly Smooth Stone","Question Card","Bag of Marbles","Busted Crown","The Courier","Gremlin Horn","Bronze Scales","Unceasing Top","Sozu","Lee\u0027s Waffle","Pen Nib","Pear","Regal Pillow","PreservedInsect","Vajra"],"potions_floor_usage":[14,24,29,40,45],"damage_taken":[{"damage":7,"enemies":"Small Slimes","floor":1,"turns":4},{"damage":0,"enemies":"Cultist","floor":5,"turns":3},{"damage":0,"enemies":"2 Louse","floor":7,"turns":2},{"damage":0,"enemies":"Blue Slaver","floor":10,"turns":3},{"damage":23,"enemies":"Gremlin Nob","floor":11,"turns":4},{"damage":4,"enemies":"3 Sentries","floor":14,"turns":7},{"damage":21,"enemies":"Slime Boss","floor":16,"turns":9},{"damage":1,"enemies":"Spheric Guardian","floor":18,"turns":4},{"damage":0,"enemies":"Chosen","floor":20,"turns":5},{"damage":14,"enemies":"Sentry and Sphere","floor":21,"turns":6},{"damage":15,"enemies":"Snake Plant","floor":22,"turns":4},{"damage":16,"enemies":"Book of Stabbing","floor":24,"turns":7},{"damage":13,"enemies":"Centurion and Healer","floor":27,"turns":9},{"damage":15,"enemies":"Sentry and Sphere","floor":29,"turns":7},{"damage":1,"enemies":"3 Cultists","floor":30,"turns":4},{"damage":3,"enemies":"Champ","floor":33,"turns":13},{"damage":0,"enemies":"Orb Walker","floor":35,"turns":3},{"damage":13,"enemies":"3 Darklings","floor":36,"turns":6},{"damage":2,"enemies":"Writhing Mass","floor":39,"turns":6},{"damage":11,"enemies":"Giant Head","floor":40,"turns":8},{"damage":25,"enemies":"Reptomancer","floor":42,"turns":5},{"damage":0,"enemies":"Transient","floor":45,"turns":5},{"damage":34,"enemies":"Giant Head","floor":47,"turns":8},{"damage":75,"enemies":"Time Eater","floor":50,"turns":13}],"seed_played":"-1107537458405170995","potions_obtained":[{"floor":1,"key":"Regen Potion"},{"floor":7,"key":"Energy Potion"},{"floor":22,"key":"Fire Potion"},{"floor":24,"key":"SteroidPotion"},{"floor":27,"key":"Regen Potion"},{"floor":29,"key":"SpeedPotion"}],"is_trial":false,"path_per_floor":["M","?","?","?","M","R","M","R","T","M","E","R","?","E","R","B",null,"M","?","M","M","M","R","E","R","T","M","$","M","M","T","R","B",null,"M","M","$","?","M","E","R","E","T","R","M","$","E","?","R","B",null],"character_chosen":"DEFECT","items_purchased":["Apotheosis","Bronze Scales","Master of Strategy","Impatience","Lee\u0027s Waffle","Finesse"],"campfire_rested":10,"item_purchase_floors":[28,28,28,28,37,46],"current_hp_per_floor":[57,46,25,25,25,46,46,67,67,67,44,65,30,41,62,41,64,63,63,63,49,34,55,39,60,60,47,47,46,45,45,66,63,69,69,56,78,78,76,65,78,63,63,88,88,88,54,54,88,13],"gold":5,"neow_bonus":"BOSS_RELIC","is_prod":false,"is_daily":false,"chose_seed":false,"campfire_upgraded":0,"win_rate":0,"timestamp":1558598573,"path_taken":["M","?","?","?","?","R","M","R","T","M","E","R","?","E","R","BOSS","M","?","M","?","M","R","E","R","T","M","?","M","M","?","R","BOSS","M","M","$","?","M","E","R","E","T","R","?","$","E","?","R","BOSS"],"build_version":"2019-01-23","purchased_purges":1,"victory":true,"max_hp_per_floor":[71,71,71,71,71,71,71,71,71,71,71,71,71,71,71,71,71,71,71,71,71,71,71,71,71,71,71,71,71,71,71,71,71,71,71,71,78,78,78,78,78,88,88,88,88,88,88,88,88,88],"card_choices":[{"not_picked":["FTL","Barrage","Streamline"],"picked":"SKIP","floor":1},{"not_picked":["Scrape","Coolheaded"],"picked":"Undo","floor":5},{"not_picked":["Streamline","Redo","Steam"],"picked":"SKIP","floor":7},{"not_picked":["Double Energy","Compile Driver"],"picked":"Hologram","floor":10},{"not_picked":["Streamline","Doom and Gloom"],"picked":"BootSequence","floor":11},{"not_picked":["Rainbow","Redo","Compile Driver"],"picked":"Ball Lightning","floor":14},{"not_picked":["Hyperbeam","Core Surge","Seek"],"picked":"Biased Cognition","floor":16},{"not_picked":["Beam Cell","Redo"],"picked":"SKIP","floor":18},{"not_picked":["FTL"],"picked":"Coolheaded","floor":20},{"not_picked":["Heatsinks"],"picked":"Fusion","floor":21},{"not_picked":["Rebound","Consume"],"picked":"SKIP","floor":22},{"not_picked":["Skim"],"picked":"Cold Snap+1","floor":24},{"not_picked":["Sweeping Beam"],"picked":"Genetic Algorithm","floor":27},{"not_picked":["Lockon","Rebound"],"picked":"SKIP","floor":29},{"not_picked":["Conserve Battery"],"picked":"Coolheaded","floor":30},{"not_picked":["All For One"],"picked":"Rainbow","floor":33},{"not_picked":["Redo"],"picked":"Fusion+1","floor":35},{"not_picked":["Redo"],"picked":"Loop","floor":36},{"not_picked":["Redo","Scrape"],"picked":"SKIP","floor":39},{"not_picked":["Steam"],"picked":"Ball Lightning+1","floor":40},{"not_picked":["Stack","Hyperbeam"],"picked":"SKIP","floor":42},{"not_picked":["Force Field+1"],"picked":"Fusion+1","floor":45},{"not_picked":["Conserve Battery"],"picked":"Stack","floor":47}],"player_experience":707717,"relics_obtained":[{"floor":9,"key":"Symbiotic Virus"},{"floor":11,"key":"Oddly Smooth Stone"},{"floor":14,"key":"Bag of Marbles"},{"floor":24,"key":"The Courier"},{"floor":26,"key":"Gremlin Horn"},{"floor":31,"key":"Unceasing Top"},{"floor":40,"key":"Pen Nib"},{"floor":42,"key":"Pear"},{"floor":43,"key":"Regal Pillow"},{"floor":47,"key":"PreservedInsect"}],"event_choices":[{"damage_healed":0,"gold_gain":75,"player_choice":"Gather Gold","damage_taken":11,"max_hp_gain":0,"max_hp_loss":0,"event_name":"World of Goop","floor":2,"gold_loss":0},{"damage_healed":0,"gold_gain":0,"player_choice":"Entered Light","damage_taken":21,"max_hp_gain":0,"max_hp_loss":0,"event_name":"Shining Light","floor":3,"gold_loss":0,"cards_upgraded":["Strike_B","Strike_B"]},{"damage_healed":0,"gold_gain":0,"cards_transformed":["Strike_B"],"player_choice":"Transformed","damage_taken":0,"max_hp_gain":0,"max_hp_loss":0,"event_name":"Transmorgrifier","floor":4,"gold_loss":0,"cards_obtained":["Thunder Strike"]},{"damage_healed":0,"gold_gain":0,"player_choice":"Success","damage_taken":35,"relics_obtained":["Question Card"],"max_hp_gain":0,"max_hp_loss":0,"event_name":"Scrap Ooze","floor":13,"gold_loss":0},{"cards_removed":["Strike_B"],"damage_healed":0,"gold_gain":0,"player_choice":"Purged","damage_taken":0,"max_hp_gain":0,"max_hp_loss":0,"event_name":"Purifier","floor":19,"gold_loss":0},{"damage_healed":0,"gold_gain":50,"player_choice":"Pray","damage_taken":0,"max_hp_gain":0,"max_hp_loss":0,"event_name":"Golden Shrine","floor":38,"gold_loss":0},{"damage_healed":0,"gold_gain":0,"player_choice":"Paid Gold","damage_taken":0,"relics_obtained":["Vajra"],"max_hp_gain":0,"max_hp_loss":0,"event_name":"WeMeetAgain","floor":48,"gold_loss":50}],"is_beta":false,"boss_relics":[{"not_picked":["Tiny House","Pandora\u0027s Box"],"picked":"Busted Crown"},{"not_picked":["Runic Pyramid","Astrolabe"],"picked":"Sozu"}],"items_purged_floors":[46],"is_endless":false,"potions_floor_spawned":[1,7,10,22,24,27,29,36,42,47],"ascension_level":15}