{"gold_per_floor":[117,117,134,153,153,179,104,119,201,201],"floor_reached":10,"playtime":569,"items_purged":["Pain"],"score":133,"play_id":"b02889bc-5c7a-427f-9f28-ecf1297f0741","local_time":"20190601211544","is_ascension_mode":true,"campfire_choices":[],"neow_cost":"NONE","seed_source_timestamp":13339670818987,"circlet_count":0,"master_deck":["AscendersBane","Strike_B","Strike_B","Strike_B","Strike_B","Defend_B","Defend_B","Defend_B","Defend_B+1","Zap","Dualcast+1","Glacier","Reboot"],"relics":["Cracked Core","NeowsBlessing","WarpedTongs","StoneCalendar","Blue Candle"],"potions_floor_usage":[10],"damage_taken":[{"damage":0,"enemies":"2 Louse","floor":1,"turns":1},{"damage":0,"enemies":"Cultist","floor":3,"turns":1},{"damage":0,"enemies":"Small Slimes","floor":4,"turns":1},{"damage":29,"enemies":"Lagavulin","floor":6,"turns":11},{"damage":4,"enemies":"Exordium Wildlife","floor":8,"turns":7},{"damage":15,"enemies":"3 Sentries","floor":10,"turns":6}],"seed_played":"8997319173682833936","potions_obtained":[{"floor":1,"key":"LiquidBronze"},{"floor":8,"key":"Poison Potion"}],"is_trial":false,"path_per_floor":["M","?","M","M","?","E","$","M","T","E"],"character_chosen":"DEFECT","items_purchased":[],"campfire_rested":0,"item_purchase_floors":[],"current_hp_per_floor":[64,64,64,64,43,14,14,10,10,0],"gold":201,"neow_bonus":"THREE_ENEMY_KILL","is_prod":false,"is_daily":false,"chose_seed":false,"campfire_upgraded":0,"win_rate":0,"timestamp":1559448944,"path_taken":["M","?","?","M","?","E","$","M","T","E"],"build_version":"2019-01-23","purchased_purges":1,"victory":false,"max_hp_per_floor":[71,71,71,71,71,71,71,71,71,71],"card_choices":[{"not_picked":["Genetic Algorithm","Redo"],"picked":"Glacier","floor":1},{"not_picked":["Lockon","Conserve Battery","Streamline"],"picked":"SKIP","floor":3},{"not_picked":["Doom and Gloom","Turbo","Stack"],"picked":"SKIP","floor":4},{"not_picked":["Leap","Streamline"],"picked":"Reboot","floor":6},{"not_picked":["Go for the Eyes","Compile Driver","Stack"],"picked":"SKIP","floor":8}],"player_experience":812199,"relics_obtained":[{"floor":6,"key":"StoneCalendar"},{"floor":9,"key":"Blue Candle"}],"event_choices":[{"damage_healed":0,"gold_gain":0,"player_choice":"Rummage","damage_taken":0,"relics_obtained":["WarpedTongs"],"max_hp_gain":0,"max_hp_loss":0,"event_name":"Accursed Blacksmith","floor":2,"gold_loss":0,"cards_obtained":["Pain"]},{"damage_healed":0,"gold_gain":0,"player_choice":"Entered Light","damage_taken":21,"max_hp_gain":0,"max_hp_loss":0,"event_name":"Shining Light","floor":5,"gold_loss":0,"cards_upgraded":["Defend_B","Dualcast"]}],"is_beta":false,"boss_relics":[],"items_purged_floors":[7],"is_endless":false,"potions_floor_spawned":[1,8],"killed_by":"3 Sentries","ascension_level":19}