{"gold_per_floor":[14,33,47,64,64,94,94,169,169,169,185,185,213,225,225,328,328,340,35,51,61,61,61],"floor_reached":23,"playtime":824,"items_purged":["Strike_B"],"score":193,"play_id":"6c077030-cb9c-4c06-9fcb-ac431b945648","local_time":"20190126112611","is_ascension_mode":false,"campfire_choices":[{"data":"Zap","floor":7,"key":"SMITH"},{"data":"Thunder Strike","floor":10,"key":"SMITH"},{"floor":15,"key":"REST"}],"neow_cost":"NO_GOLD","seed_source_timestamp":86118925896508,"circlet_count":0,"master_deck":["Defend_B+1","Defend_B","Defend_B","Zap+1","Dualcast","Steam","Thunder Strike+1","Storm","Leap","Tempest+1","Auto Shields","Ball Lightning","Genetic Algorithm","All For One","Steam+1","Chrysalis","Capacitor","Redo+1"],"relics":["Cracked Core","Blood Vial","Lantern","Odd Mushroom","Empty Cage"],"potions_floor_usage":[6,13,13,13,14,16,16],"damage_taken":[{"damage":5,"enemies":"Cultist","floor":1,"turns":4},{"damage":0,"enemies":"2 Louse","floor":2,"turns":3},{"damage":5,"enemies":"Jaw Worm","floor":3,"turns":4},{"damage":4,"enemies":"Blue Slaver","floor":4,"turns":4},{"damage":10,"enemies":"Lagavulin","floor":6,"turns":10},{"damage":5,"enemies":"2 Fungi Beasts","floor":11,"turns":4},{"damage":13,"enemies":"The Mushroom Lair","floor":13,"turns":4},{"damage":6,"enemies":"Large Slime","floor":14,"turns":4},{"damage":13,"enemies":"The Guardian","floor":16,"turns":7},{"damage":6,"enemies":"3 Byrds","floor":18,"turns":4},{"damage":0,"enemies":"Spheric Guardian","floor":20,"turns":3},{"damage":16,"enemies":"Snake Plant","floor":21,"turns":5},{"damage":75,"enemies":"Slavers","floor":23,"turns":6}],"seed_played":"-958784429120291125","potions_obtained":[{"floor":3,"key":"Strength Potion"},{"floor":4,"key":"EssenceOfSteel"},{"floor":11,"key":"EntropicBrew"},{"floor":13,"key":"Poison Potion"}],"is_trial":false,"path_per_floor":["M","M","M","M","?","E","R","?","T","R","M","?","?","M","R","B",null,"M","$","M","M","?","E"],"character_chosen":"DEFECT","items_purchased":["Chrysalis","Capacitor"],"campfire_rested":1,"item_purchase_floors":[19,19],"current_hp_per_floor":[70,70,65,61,61,51,51,40,40,40,37,22,23,19,41,30,75,69,69,71,57,75,0],"gold":61,"neow_bonus":"TRANSFORM_TWO_CARDS","is_prod":false,"is_daily":false,"chose_seed":false,"campfire_upgraded":2,"win_rate":0,"timestamp":1548498371,"path_taken":["M","M","M","M","?","E","R","?","T","R","M","?","?","?","R","BOSS","M","$","M","M","?","E"],"build_version":"2019-01-23","purchased_purges":1,"victory":false,"max_hp_per_floor":[75,75,75,75,75,75,75,75,75,75,75,75,75,75,75,75,75,75,75,75,75,75,75],"card_choices":[{"not_picked":["Coolheaded","Cold Snap","Streamline"],"picked":"SKIP","floor":1},{"not_picked":["Blizzard","Darkness","Coolheaded"],"picked":"SKIP","floor":2},{"not_picked":["Redo","Rebound"],"picked":"Storm","floor":3},{"not_picked":["Beam Cell","Darkness"],"picked":"Leap","floor":4},{"not_picked":["Cold Snap","Conserve Battery"],"picked":"Tempest","floor":6},{"not_picked":["Fusion","Skim"],"picked":"Auto Shields","floor":11},{"not_picked":["Darkness","Go for the Eyes"],"picked":"Ball Lightning","floor":13},{"not_picked":["Beam Cell","Coolheaded"],"picked":"Genetic Algorithm","floor":14},{"not_picked":["Fission","Amplify"],"picked":"All For One","floor":16},{"not_picked":["Storm","Cold Snap+1"],"picked":"Steam+1","floor":18},{"not_picked":["Cold Snap","Turbo+1"],"picked":"Redo+1","floor":20},{"not_picked":["Streamline","Redo","Rip and Tear"],"picked":"SKIP","floor":21}],"player_experience":195975,"relics_obtained":[{"floor":6,"key":"Blood Vial"},{"floor":9,"key":"Lantern"},{"floor":13,"key":"Odd Mushroom"}],"event_choices":[{"damage_healed":0,"gold_gain":0,"player_choice":"Ignored","damage_taken":0,"max_hp_gain":0,"max_hp_loss":0,"event_name":"Golden Idol","floor":5,"gold_loss":0},{"damage_healed":0,"gold_gain":75,"player_choice":"Gather Gold","damage_taken":11,"max_hp_gain":0,"max_hp_loss":0,"event_name":"World of Goop","floor":8,"gold_loss":0},{"damage_healed":0,"gold_gain":0,"player_choice":"Entered Light","damage_taken":15,"max_hp_gain":0,"max_hp_loss":0,"event_name":"Shining Light","floor":12,"gold_loss":0,"cards_upgraded":["Defend_B","Tempest"]},{"damage_healed":0,"gold_gain":0,"player_choice":"Fought Mushrooms","damage_taken":0,"max_hp_gain":0,"max_hp_loss":0,"event_name":"Mushrooms","floor":13,"gold_loss":0},{"damage_healed":25,"gold_gain":0,"player_choice":"Heal","damage_taken":0,"max_hp_gain":0,"max_hp_loss":0,"event_name":"The Library","floor":22,"gold_loss":0}],"is_beta":false,"boss_relics":[{"not_picked":["Calling Bell","Tiny House"],"picked":"Empty Cage"}],"items_purged_floors":[19],"is_endless":false,"potions_floor_spawned":[3,4,11,13],"killed_by":"Slavers","ascension_level":0}