{"gold_per_floor":[114,131,231,244,257,285,285,320,366,366,346,346,375,393,393,393],"floor_reached":16,"playtime":593,"items_purged":[],"score":216,"play_id":"7bc725bb-e485-42ad-8b73-a8a3daf6c0ca","local_time":"20190527000252","is_ascension_mode":true,"campfire_choices":[{"floor":10,"key":"REST"},{"data":"Biased Cognition","floor":12,"key":"SMITH"},{"data":"Coolheaded","floor":15,"key":"SMITH"}],"neow_cost":"NONE","seed_source_timestamp":100245845175961,"circlet_count":0,"master_deck":["AscendersBane","Strike_B","Strike_B","Strike_B","Defend_B","Defend_B","Defend_B","Defend_B","Zap","Dualcast","Sunder","Coolheaded+1","Auto Shields","Reinforced Body","Biased Cognition+1","Ball Lightning"],"relics":["Cracked Core","Orichalcum","Bottled Tornado","Blood Vial","Potion Belt"],"potions_floor_usage":[6,13,13,13,13,16],"damage_taken":[{"damage":2,"enemies":"Jaw Worm","floor":1,"turns":3},{"damage":0,"enemies":"Cultist","floor":2,"turns":3},{"damage":3,"enemies":"2 Louse","floor":4,"turns":3},{"damage":0,"enemies":"Blue Slaver","floor":5,"turns":4},{"damage":34,"enemies":"3 Sentries","floor":6,"turns":11},{"damage":19,"enemies":"Lagavulin","floor":8,"turns":7},{"damage":10,"enemies":"3 Sentries","floor":13,"turns":8},{"damage":14,"enemies":"Gremlin Gang","floor":14,"turns":4},{"damage":22,"enemies":"Hexaghost","floor":16,"turns":9}],"seed_played":"-8325738616876539812","potions_obtained":[{"floor":1,"key":"Block Potion"},{"floor":4,"key":"Strength Potion"},{"floor":8,"key":"SkillPotion"},{"floor":11,"key":"EntropicBrew"},{"floor":14,"key":"EssenceOfSteel"}],"is_trial":false,"path_per_floor":["M","M","?","M","M","E","?","E","T","R","?","R","E","M","R","B"],"character_chosen":"DEFECT","items_purchased":[],"campfire_rested":1,"item_purchase_floors":[],"current_hp_per_floor":[62,62,62,59,59,25,25,6,6,27,27,27,34,22,22,2],"gold":393,"neow_bonus":"REMOVE_CARD","is_prod":false,"is_daily":false,"chose_seed":false,"campfire_upgraded":2,"win_rate":0,"timestamp":1558890172,"path_taken":["M","M","?","M","?","E","?","E","T","R","?","R","E","?","R","BOSS"],"build_version":"2019-01-23","purchased_purges":0,"victory":false,"max_hp_per_floor":[71,71,71,71,71,71,71,71,71,71,71,71,71,71,71,71],"card_choices":[{"not_picked":["Genetic Algorithm","Skim"],"picked":"Sunder","floor":1},{"not_picked":["Hologram","Gash"],"picked":"Coolheaded","floor":2},{"not_picked":["Streamline","Steam Power"],"picked":"Auto Shields","floor":4},{"not_picked":["Coolheaded","Compile Driver"],"picked":"Reinforced Body","floor":5},{"not_picked":["Ball Lightning","Redo"],"picked":"Biased Cognition","floor":6},{"not_picked":["FTL","Beam Cell"],"picked":"Ball Lightning","floor":8},{"not_picked":["Sweeping Beam","Reprogram","Hello World"],"picked":"SKIP","floor":13},{"not_picked":["Barrage","Rip and Tear","Turbo"],"picked":"SKIP","floor":14}],"player_experience":503618,"relics_obtained":[{"floor":6,"key":"Orichalcum"},{"floor":8,"key":"Bottled Tornado"},{"floor":9,"key":"Blood Vial"},{"floor":13,"key":"Potion Belt"}],"event_choices":[{"damage_healed":0,"gold_gain":100,"player_choice":"Gold","damage_taken":0,"max_hp_gain":0,"max_hp_loss":0,"event_name":"Wheel of Change","floor":3,"gold_loss":0},{"damage_healed":0,"gold_gain":0,"player_choice":"Ignored","damage_taken":0,"max_hp_gain":0,"max_hp_loss":0,"event_name":"Golden Idol","floor":7,"gold_loss":0},{"damage_healed":0,"gold_gain":0,"player_choice":"Bought 1 Potion","damage_taken":0,"max_hp_gain":0,"max_hp_loss":0,"event_name":"The Woman in Blue","floor":11,"gold_loss":0}],"is_beta":false,"boss_relics":[],"items_purged_floors":[],"is_endless":false,"potions_floor_spawned":[1,4,8,14],"killed_by":"Hexaghost","ascension_level":16}