{"gold_per_floor":[15,15,15,15,28,28,56,56,56,56,71,71,20,33,33,110,110,120,120,102,317,34,34,34],"floor_reached":24,"playtime":1281,"items_purged":[],"score":326,"play_id":"2890a31a-5b76-49b4-8743-745d19e455fe","local_time":"20190522182732","is_ascension_mode":true,"campfire_choices":[{"floor":6,"key":"REST"},{"data":"White Noise","floor":8,"key":"SMITH"},{"data":"Recycle","floor":10,"key":"SMITH"},{"data":"Go for the Eyes","floor":15,"key":"SMITH"},{"floor":23,"key":"REST"}],"neow_cost":"NO_GOLD","seed_source_timestamp":87768881288412,"circlet_count":0,"master_deck":["AscendersBane","Strike_B","Defend_B","Defend_B","Defend_B","Defend_B","Zap","Dualcast","White Noise+1","Self Repair","Cold Snap","Recycle+1","Ball Lightning","Undo","Go for the Eyes+1","Conserve Battery","Reboot","Meteor Strike","White Noise","Turbo","BootSequence"],"relics":["Cracked Core","Dream Catcher","Darkstone Periapt","Nuclear Battery","Old Coin","Bottled Flame"],"potions_floor_usage":[7,11,16,18,24],"damage_taken":[{"damage":8,"enemies":"2 Louse","floor":1,"turns":3},{"damage":9,"enemies":"Jaw Worm","floor":5,"turns":4},{"damage":15,"enemies":"Lagavulin","floor":7,"turns":6},{"damage":1,"enemies":"Cultist","floor":11,"turns":4},{"damage":7,"enemies":"Looter","floor":14,"turns":3},{"damage":3,"enemies":"The Guardian","floor":16,"turns":12},{"damage":5,"enemies":"Shell Parasite","floor":18,"turns":8},{"damage":12,"enemies":"2 Thieves","floor":20,"turns":4},{"damage":77,"enemies":"Gremlin Leader","floor":24,"turns":4}],"seed_played":"-2137162802758815676","potions_obtained":[{"floor":1,"key":"Block Potion"},{"floor":3,"key":"EssenceOfSteel"},{"floor":7,"key":"Fire Potion"},{"floor":14,"key":"Swift Potion"},{"floor":18,"key":"LiquidBronze"}],"is_trial":false,"path_per_floor":["M","?","?","$","M","R","E","R","T","R","M","?","$","M","R","B",null,"M","?","M","?","$","R","E"],"character_chosen":"DEFECT","items_purchased":["Conserve Battery","Bottled Flame","Turbo"],"campfire_rested":2,"item_purchase_floors":[13,22,22],"current_hp_per_floor":[56,56,56,56,54,71,63,63,63,63,69,62,62,62,62,66,70,71,58,53,53,53,75,0],"gold":34,"neow_bonus":"TRANSFORM_TWO_CARDS","is_prod":false,"is_daily":false,"chose_seed":false,"campfire_upgraded":3,"win_rate":0,"timestamp":1558574852,"path_taken":["M","?","?","$","?","R","E","R","T","R","M","?","?","M","R","BOSS","M","?","M","?","$","R","E"],"build_version":"2019-01-23","purchased_purges":0,"victory":false,"max_hp_per_floor":[71,71,71,71,71,71,71,71,71,71,71,71,71,71,71,71,71,71,76,76,76,76,76,76],"card_choices":[{"not_picked":["Loop","Rebound"],"picked":"Cold Snap","floor":1},{"not_picked":["Darkness","Aggregate"],"picked":"Ball Lightning","floor":5},{"not_picked":["Steam","Leap"],"picked":"Undo","floor":7},{"not_picked":["Barrage","Beam Cell"],"picked":"Go for the Eyes","floor":11},{"not_picked":["Steam","Cold Snap"],"picked":"Reboot","floor":14},{"not_picked":["Machine Learning","Hyperbeam"],"picked":"Meteor Strike","floor":16},{"not_picked":["Go for the Eyes","Rebound+1","Redo"],"picked":"SKIP","floor":18},{"not_picked":["Cold Snap","Auto Shields"],"picked":"White Noise","floor":20},{"not_picked":["Stack","Seek"],"picked":"BootSequence","floor":23}],"player_experience":688542,"relics_obtained":[{"floor":7,"key":"Dream Catcher"},{"floor":9,"key":"Darkstone Periapt"}],"event_choices":[{"damage_healed":0,"gold_gain":0,"cards_transformed":["Strike_B"],"player_choice":"Change","damage_taken":0,"max_hp_gain":0,"max_hp_loss":0,"event_name":"Living Wall","floor":2,"gold_loss":0,"cards_obtained":["Recycle"]},{"damage_healed":0,"gold_gain":0,"player_choice":"Got Potions","damage_taken":0,"max_hp_gain":0,"max_hp_loss":0,"event_name":"Lab","floor":3,"gold_loss":0},{"damage_healed":0,"gold_gain":0,"player_choice":"Damaged","damage_taken":7,"max_hp_gain":0,"max_hp_loss":0,"event_name":"Wheel of Change","floor":12,"gold_loss":0},{"damage_healed":0,"gold_gain":0,"player_choice":"Shed Blood","damage_taken":18,"max_hp_gain":5,"max_hp_loss":0,"event_name":"Forgotten Altar","floor":19,"gold_loss":0},{"damage_healed":0,"gold_gain":0,"player_choice":"Obtained Relic","damage_taken":0,"relics_obtained":["Old Coin"],"max_hp_gain":0,"max_hp_loss":0,"event_name":"Addict","floor":21,"gold_loss":85}],"is_beta":false,"boss_relics":[{"not_picked":["Orrery","Calling Bell"],"picked":"Nuclear Battery"}],"items_purged_floors":[],"is_endless":false,"potions_floor_spawned":[1,7,14,18],"killed_by":"Gremlin Leader","ascension_level":14}