{"gold_per_floor":[117,117,128,128,143,174,188,188,188,158,158],"floor_reached":11,"playtime":425,"items_purged":[],"score":124,"play_id":"d749abfd-3311-4ec7-940e-f67b312b0837","local_time":"20190521201442","is_ascension_mode":true,"campfire_choices":[],"neow_cost":"NONE","seed_source_timestamp":66998691656598,"circlet_count":0,"master_deck":["AscendersBane","Strike_B","Strike_B","Strike_B","Defend_B","Defend_B","Defend_B","Defend_B","Zap","Dualcast","Thunder Strike","Go for the Eyes","Fission","Machine Learning","Parasite","Self Repair"],"relics":["Cracked Core","NeowsBlessing","Gremlin Horn","Bottled Lightning"],"potions_floor_usage":[7,11],"damage_taken":[{"damage":0,"enemies":"2 Louse","floor":1,"turns":1},{"damage":0,"enemies":"Jaw Worm","floor":3,"turns":1},{"damage":0,"enemies":"Small Slimes","floor":5,"turns":1},{"damage":52,"enemies":"3 Sentries","floor":6,"turns":11},{"damage":8,"enemies":"3 Louse","floor":7,"turns":5},{"damage":4,"enemies":"Looter","floor":10,"turns":4},{"damage":28,"enemies":"Gremlin Nob","floor":11,"turns":3}],"seed_played":"-8401830772972756197","potions_obtained":[{"floor":3,"key":"SteroidPotion"},{"floor":6,"key":"Block Potion"},{"floor":7,"key":"LiquidBronze"}],"is_trial":false,"path_per_floor":["M","?","M","?","M","E","M","?","T","M","E"],"character_chosen":"DEFECT","items_purchased":[],"campfire_rested":0,"item_purchase_floors":[],"current_hp_per_floor":[64,64,64,64,64,12,4,21,21,17,0],"gold":158,"neow_bonus":"THREE_ENEMY_KILL","is_prod":false,"is_daily":false,"chose_seed":false,"campfire_upgraded":0,"win_rate":0,"timestamp":1558494882,"path_taken":["M","?","M","?","?","E","M","?","T","M","E"],"build_version":"2019-01-23","purchased_purges":0,"victory":false,"max_hp_per_floor":[71,71,71,71,71,71,71,71,71,71,71],"card_choices":[{"not_picked":["Redo","Leap","Stack"],"picked":"SKIP","floor":1},{"not_picked":["Gash","Hologram"],"picked":"Go for the Eyes","floor":3},{"not_picked":["Skim","Turbo"],"picked":"Fission","floor":5},{"not_picked":["Streamline","FTL"],"picked":"Machine Learning","floor":6},{"not_picked":["Beam Cell","Doom and Gloom","Redo"],"picked":"SKIP","floor":7},{"not_picked":["Sunder","Skim"],"picked":"Self Repair","floor":10}],"player_experience":668608,"relics_obtained":[{"floor":6,"key":"Gremlin Horn"},{"floor":9,"key":"Bottled Lightning"}],"event_choices":[{"damage_healed":0,"gold_gain":0,"cards_transformed":["Strike_B"],"player_choice":"Change","damage_taken":0,"max_hp_gain":0,"max_hp_loss":0,"event_name":"Living Wall","floor":2,"gold_loss":0,"cards_obtained":["Thunder Strike"]},{"damage_healed":0,"gold_gain":0,"player_choice":"Ignored","damage_taken":0,"max_hp_gain":0,"max_hp_loss":0,"event_name":"Liars Game","floor":4,"gold_loss":0},{"damage_healed":17,"gold_gain":0,"player_choice":"Healed and dodged fight","damage_taken":0,"max_hp_gain":0,"max_hp_loss":0,"event_name":"Mushrooms","floor":8,"gold_loss":0,"cards_obtained":["Parasite"]}],"is_beta":false,"boss_relics":[],"items_purged_floors":[],"is_endless":false,"potions_floor_spawned":[3,6,7],"killed_by":"Gremlin Nob","ascension_level":14}