{"gold_per_floor":[119,21,34,48,48,81,81,101,126,126,139,182,182,205,205,205],"floor_reached":16,"playtime":340,"items_purged":["Defend_R"],"score":140,"play_id":"732e4524-e479-4fc4-b078-89db6f017984","local_time":"20180806194443","is_ascension_mode":true,"campfire_choices":[{"data":"Perfected Strike","floor":7,"key":"SMITH"},{"data":"Searing Blow","floor":13,"key":"SMITH"},{"floor":15,"key":"REST"}],"neow_cost":"NONE","seed_source_timestamp":18297248781226,"circlet_count":0,"master_deck":["Strike_R","Strike_R","Strike_R","Strike_R","Strike_R","Defend_R","Defend_R","Bash","Searing Blow+1","Perfected Strike+1","Pommel Strike","Pommel Strike","Wild Strike","Pommel Strike","Headbutt","Thunderclap","Power Through"],"relics":["Burning Blood","Ancient Tea Set","Strawberry","Golden Idol","Art of War"],"potions_floor_usage":[12],"damage_taken":[{"damage":6,"enemies":"Cultist","floor":1,"turns":3},{"damage":12,"enemies":"Jaw Worm","floor":3,"turns":3},{"damage":10,"enemies":"Small Slimes","floor":4,"turns":3},{"damage":40,"enemies":"Lagavulin","floor":6,"turns":5},{"damage":0,"enemies":"2 Fungi Beasts","floor":8,"turns":2},{"damage":13,"enemies":"Blue Slaver","floor":11,"turns":2},{"damage":9,"enemies":"3 Sentries","floor":12,"turns":3},{"damage":8,"enemies":"Large Slime","floor":14,"turns":3},{"damage":49,"enemies":"The Guardian","floor":16,"turns":5}],"seed_played":"-5563431279453067397","potions_obtained":[{"floor":1,"key":"Ancient Potion"},{"floor":6,"key":"SteroidPotion"},{"floor":11,"key":"SneckoOil"}],"is_trial":false,"path_per_floor":["M","$","M","M","?","E","R","M","T","?","M","E","R","M","R"],"character_chosen":"IRONCLAD","items_purchased":["Perfected Strike"],"campfire_rested":1,"item_purchase_floors":[2],"current_hp_per_floor":[80,80,74,70,70,36,36,42,49,28,21,18,18,16,42,0],"gold":205,"neow_bonus":"REMOVE_CARD","is_prod":false,"is_daily":false,"chose_seed":false,"campfire_upgraded":2,"win_rate":0,"timestamp":1533552283,"path_taken":["M","?","M","M","?","E","R","M","T","?","M","E","R","M","R","BOSS"],"build_version":"2018-08-02","purchased_purges":1,"victory":false,"max_hp_per_floor":[80,80,80,80,80,80,80,80,87,87,87,87,87,87,87,87],"card_choices":[{"not_picked":["Shockwave","Reckless Charge"],"picked":"Searing Blow","floor":1},{"not_picked":["Havoc","Heavy Blade"],"picked":"Pommel Strike","floor":3},{"not_picked":["Barricade","Anger"],"picked":"Pommel Strike","floor":4},{"not_picked":["Power Through","Heavy Blade"],"picked":"Wild Strike","floor":6},{"not_picked":["Shockwave","Wild Strike"],"picked":"Pommel Strike","floor":8},{"not_picked":["Combust","Brutality"],"picked":"Headbutt","floor":11},{"not_picked":["Demon Form","Evolve"],"picked":"Thunderclap","floor":12},{"not_picked":["Feel No Pain","Iron Wave"],"picked":"Power Through","floor":14}],"player_experience":261057,"relics_obtained":[{"floor":6,"key":"Ancient Tea Set"},{"floor":9,"key":"Strawberry"},{"floor":12,"key":"Art of War"}],"event_choices":[{"event_name":"Liars Game","player_choice":"disagreed","floor":5,"damage_taken":0},{"event_name":"Golden Idol","player_choice":"Take Damage","floor":10,"damage_taken":0}],"is_beta":false,"boss_relics":[],"items_purged_floors":[2],"is_endless":false,"potions_floor_spawned":[1,6,11],"killed_by":"The Guardian","ascension_level":5}