{"gold_per_floor":[19,30,49,124,136,136,167,65,65,98,98,98,118,145,145,223,223,235,251,251,161,171,201,216,245,245,245,261,274,274],"floor_reached":30,"playtime":1647,"items_purged":["Strike_B"],"score":564,"play_id":"bfee4d78-230b-4023-a683-0a31c4052261","local_time":"20190603151139","is_ascension_mode":true,"campfire_choices":[{"data":"Hyperbeam","floor":6.0,"key":"SMITH"},{"floor":15.0,"key":"REST"},{"floor":27,"key":"DIG"}],"neow_cost":"NO_GOLD","seed_source_timestamp":0,"circlet_count":0,"master_deck":["AscendersBane","Strike_B","Strike_B","Strike_B","Defend_B+1","Defend_B","Defend_B+1","Defend_B","Dualcast","Hyperbeam+1","Streamline","Gash","Rip and Tear+1","Reboot","Undo","Conserve Battery","Sweeping Beam","Steam","All For One","Go for the Eyes","Fusion+1","Ghostly","Ghostly","Ghostly","Ghostly","Ghostly","Beam Cell","Go for the Eyes","Hologram"],"special_seed":0,"relics":["Cracked Core","Mummified Hand","Incense Burner","Unceasing Top","StoneCalendar","Runic Dome","Shovel","Bag of Preparation","Bottled Flame","Bronze Scales"],"potions_floor_usage":[25,30],"damage_taken":[{"damage":4.0,"enemies":"2 Louse","floor":1.0,"turns":3.0},{"damage":2.0,"enemies":"Jaw Worm","floor":2.0,"turns":2.0},{"damage":0.0,"enemies":"Small Slimes","floor":3.0,"turns":1.0},{"damage":6.0,"enemies":"Exordium Thugs","floor":5.0,"turns":3.0},{"damage":20.0,"enemies":"3 Sentries","floor":7.0,"turns":4.0},{"damage":5.0,"enemies":"Gremlin Nob","floor":10.0,"turns":3.0},{"damage":7.0,"enemies":"2 Fungi Beasts","floor":13.0,"turns":3.0},{"damage":6.0,"enemies":"3 Sentries","floor":14.0,"turns":4.0},{"damage":10.0,"enemies":"The Guardian","floor":16.0,"turns":9.0},{"damage":6.0,"enemies":"Spheric Guardian","floor":18.0,"turns":3.0},{"damage":21.0,"enemies":"2 Thieves","floor":19.0,"turns":4.0},{"damage":0.0,"enemies":"Centurion and Healer","floor":22.0,"turns":7.0},{"damage":9.0,"enemies":"Book of Stabbing","floor":23.0,"turns":7.0},{"damage":2.0,"enemies":"Sentry and Sphere","floor":24.0,"turns":7.0},{"damage":0,"enemies":"Slavers","floor":25,"turns":5},{"damage":16,"enemies":"Snake Plant","floor":28,"turns":2},{"damage":0,"enemies":"Cultist and Chosen","floor":29,"turns":4},{"damage":9,"enemies":"Book of Stabbing","floor":30,"turns":3}],"seed_played":"-6697978275211388595","potions_obtained":[{"floor":2.0,"key":"AttackPotion"},{"floor":7.0,"key":"SteroidPotion"},{"floor":10.0,"key":"EssenceOfSteel"},{"floor":13.0,"key":"Dexterity Potion"},{"floor":14.0,"key":"Block Potion"},{"floor":19.0,"key":"SkillPotion"},{"floor":24.0,"key":"SteroidPotion"},{"floor":25,"key":"SneckoOil"}],"is_trial":false,"path_per_floor":["M","M","M","?","M","R","E","$","T","E","?","?","M","E","R","B",null,"M","M","?","?","M","E","M","E","T","R","M","M","E"],"character_chosen":"DEFECT","items_purchased":["Conserve Battery"],"campfire_rested":1,"item_purchase_floors":[8],"current_hp_per_floor":[60,58,58,47,41,41,21,21,21,16,39,25,18,12,33,23,59,53,32,32,32,32,23,21,21,21,21,5,5,0],"gold":274,"neow_bonus":"THREE_RARE_CARDS","is_prod":false,"is_daily":false,"chose_seed":false,"campfire_upgraded":1,"win_rate":0,"timestamp":1559589099,"path_taken":["M","M","M","?","M","R","E","$","T","E","?","?","M","E","R","BOSS","M","M","?","?","M","E","M","E","T","R","M","?","E"],"build_version":"2019-01-23","purchased_purges":1,"victory":false,"max_hp_per_floor":[71,71,71,71,71,71,71,71,71,71,71,71,71,71,71,71,71,71,71,35,35,35,35,35,35,35,35,35,35,35],"card_choices":[{"not_picked":["Seek","Electrodynamics"],"picked":"Hyperbeam","floor":0.0},{"not_picked":["Ball Lightning","Turbo"],"picked":"Streamline","floor":1.0},{"not_picked":["Blizzard","Double Energy"],"picked":"Gash","floor":2.0},{"not_picked":["Hello World","Glacier"],"picked":"Rip and Tear","floor":3.0},{"not_picked":["Stack","Consume"],"picked":"Reboot","floor":5.0},{"not_picked":["Sweeping Beam","Storm"],"picked":"Undo","floor":7.0},{"not_picked":["Reprogram","Rainbow"],"picked":"Sweeping Beam","floor":10.0},{"not_picked":["Chill","Glacier","Ball Lightning"],"picked":"SKIP","floor":13.0},{"not_picked":["Defragment","Consume"],"picked":"Steam","floor":14.0},{"not_picked":["Rainbow","Thunder Strike"],"picked":"All For One","floor":16.0},{"not_picked":["Ball Lightning","Tempest"],"picked":"Go for the Eyes","floor":18.0},{"not_picked":["Barrage","Turbo"],"picked":"Fusion+1","floor":19.0},{"not_picked":["Leap","Blizzard","Consume"],"picked":"SKIP","floor":22.0},{"not_picked":["Leap","Blizzard","Consume"],"picked":"SKIP","floor":22.0},{"not_picked":["Amplify","Redo"],"picked":"Beam Cell","floor":23.0},{"not_picked":["Cold Snap","Conserve Battery","Ball Lightning"],"picked":"SKIP","floor":24.0},{"not_picked":["Biased Cognition","Storm"],"picked":"Go for the Eyes","floor":25},{"not_picked":["Glacier","Scrape"],"picked":"Hologram","floor":28},{"not_picked":["Tempest","Capacitor","Ball Lightning"],"picked":"SKIP","floor":29}],"player_experience":442604,"relics_obtained":[{"floor":7.0,"key":"Mummified Hand"},{"floor":9.0,"key":"Incense Burner"},{"floor":10.0,"key":"Unceasing Top"},{"floor":14.0,"key":"StoneCalendar"},{"floor":23.0,"key":"Shovel"},{"floor":25,"key":"Bag of Preparation"},{"floor":26,"key":"Bottled Flame"},{"floor":27,"key":"Bronze Scales"}],"event_choices":[{"damage_healed":0.0,"max_hp_gain":0.0,"max_hp_loss":0.0,"gold_gain":75.0,"event_name":"World of Goop","player_choice":"Gather Gold","floor":4.0,"gold_loss":0.0,"damage_taken":11.0},{"damage_healed":23.0,"max_hp_gain":0.0,"max_hp_loss":0.0,"gold_gain":0.0,"event_name":"Big Fish","player_choice":"Banana","floor":11.0,"gold_loss":0.0,"damage_taken":0.0},{"damage_healed":0.0,"max_hp_gain":0.0,"max_hp_loss":0.0,"gold_gain":0.0,"event_name":"Shining Light","player_choice":"Entered Light","floor":12.0,"gold_loss":0.0,"damage_taken":14.0,"cards_upgraded":["Defend_B","Defend_B"]},{"damage_healed":0.0,"max_hp_gain":0.0,"max_hp_loss":36.0,"gold_gain":0.0,"event_name":"Ghosts","player_choice":"Became a Ghost","floor":20.0,"gold_loss":0.0,"damage_taken":0.0,"cards_obtained":["Ghostly","Ghostly","Ghostly","Ghostly","Ghostly"]},{"cards_removed":["Zap"],"damage_healed":0.0,"max_hp_gain":0.0,"max_hp_loss":0.0,"gold_gain":0.0,"event_name":"Designer","player_choice":"Upgrade and Remove","floor":21.0,"gold_loss":90.0,"damage_taken":0.0,"cards_upgraded":["Rip and Tear"]}],"is_beta":false,"boss_relics":[{"not_picked":["Pandora\u0027s Box","Coffee Dripper"],"picked":"Runic Dome"}],"items_purged_floors":[8],"is_endless":false,"potions_floor_spawned":[2,7,10,13,14,19,23,24,25],"killed_by":"Book of Stabbing","ascension_level":14}