{"gold_per_floor":[115,115,40,53,30,65,65,84,84,117,304,340,352,374,386,498,510,533,545,112,132,132,132,150,150,201,236,256,276,276],"floor_reached":30,"playtime":795,"items_purged":["Defend_R"],"score":333,"play_id":"6ab09043-af0b-465e-a1d5-572cf7096a73","local_time":"20190317234145","is_ascension_mode":false,"campfire_choices":[{"data":"Feed","floor":7,"key":"SMITH"},{"data":"Whirlwind","floor":15,"key":"SMITH"},{"data":"Apotheosis","floor":23,"key":"SMITH"},{"data":"Limit Break","floor":25,"key":"SMITH"}],"neow_cost":"NONE","seed_source_timestamp":353947244973122,"circlet_count":0,"master_deck":["Strike_R","Strike_R","Strike_R","Strike_R","Strike_R","Pummel","Heavy Blade","Flex","Feed+1","Whirlwind+1","Flame Barrier","Sword Boomerang","Limit Break+1","Flex","Apotheosis+1","Fire Breathing+1","Warcry"],"relics":["Burning Blood","NeowsBlessing","Dodecahedron","Anchor","MawBank","Odd Mushroom","Paper Frog","Empty Cage","Matryoshka","Regal Pillow","Happy Flower","Sundial"],"potions_floor_usage":[16,27,27,29,29],"damage_taken":[{"damage":0,"enemies":"Jaw Worm","floor":1,"turns":1},{"damage":0,"enemies":"2 Louse","floor":4,"turns":1},{"damage":0,"enemies":"Lagavulin","floor":6,"turns":1},{"damage":1,"enemies":"Cultist","floor":8,"turns":3},{"damage":9,"enemies":"3 Sentries","floor":10,"turns":4},{"damage":29,"enemies":"The Mushroom Lair","floor":12,"turns":4},{"damage":2,"enemies":"3 Louse","floor":14,"turns":4},{"damage":52,"enemies":"Slime Boss","floor":16,"turns":10},{"damage":10,"enemies":"2 Thieves","floor":18,"turns":2},{"damage":10,"enemies":"Spheric Guardian","floor":21,"turns":3},{"damage":40,"enemies":"Centurion and Healer","floor":24,"turns":4},{"damage":43,"enemies":"Slavers","floor":27,"turns":4},{"damage":25,"enemies":"Shelled Parasite and Fungi","floor":28,"turns":5},{"damage":3,"enemies":"Snecko","floor":29,"turns":4},{"damage":22,"enemies":"Centurion and Healer","floor":30,"turns":2}],"seed_played":"6233090052774460042","potions_obtained":[{"floor":4,"key":"Swift Potion"},{"floor":6,"key":"Poison Potion"},{"floor":10,"key":"PowerPotion"},{"floor":18,"key":"LiquidBronze"},{"floor":27,"key":"Block Potion"},{"floor":29,"key":"FearPotion"}],"is_trial":false,"path_per_floor":["M","?","$","M","$","E","R","M","T","E","?","?","T","M","R","B",null,"M","?","$","M","?","R","M","R","T","E","M","M","M"],"character_chosen":"IRONCLAD","items_purchased":["Flex","Apotheosis","Matryoshka"],"campfire_rested":0,"item_purchase_floors":[5,20,20],"current_hp_per_floor":[80,73,73,79,79,80,80,84,84,81,81,62,62,70,70,28,96,92,92,92,92,92,92,62,62,62,29,14,21,0],"gold":276,"neow_bonus":"THREE_ENEMY_KILL","is_prod":false,"is_daily":false,"chose_seed":false,"campfire_upgraded":4,"win_rate":0,"timestamp":1552833705,"path_taken":["M","?","$","M","$","E","R","M","T","E","?","?","?","M","R","BOSS","M","?","$","M","?","R","M","R","T","E","M","?","M"],"build_version":"2019-01-23","purchased_purges":1,"victory":false,"max_hp_per_floor":[80,80,80,80,80,80,80,84,84,84,84,88,88,92,92,96,96,96,96,96,100,100,100,104,104,104,108,112,116,116],"card_choices":[{"not_picked":["True Grit","Body Slam"],"picked":"Pummel","floor":1},{"not_picked":["Headbutt","Pommel Strike"],"picked":"Heavy Blade","floor":4},{"not_picked":["Anger","Burning Pact"],"picked":"Feed","floor":6},{"not_picked":["Cleave","Warcry"],"picked":"Whirlwind","floor":8},{"not_picked":["Iron Wave","Warcry"],"picked":"Flame Barrier","floor":10},{"not_picked":["Hemokinesis","Sentinel"],"picked":"Sword Boomerang","floor":12},{"not_picked":["Thunderclap","Clothesline","Entrench"],"picked":"SKIP","floor":14},{"not_picked":["Fiend Fire","Immolate"],"picked":"Limit Break","floor":16},{"not_picked":["Heavy Blade","True Grit"],"picked":"Flex","floor":18},{"not_picked":["Second Wind","Havoc","Body Slam"],"picked":"SKIP","floor":21},{"not_picked":["Power Through","Perfected Strike"],"picked":"Fire Breathing+1","floor":24},{"not_picked":["Perfected Strike","Burning Pact"],"picked":"Warcry","floor":27},{"not_picked":["Twin Strike","Thunderclap","Anger"],"picked":"SKIP","floor":28},{"not_picked":["Heavy Blade","Twin Strike","Perfected Strike"],"picked":"SKIP","floor":29}],"player_experience":301879,"relics_obtained":[{"floor":6,"key":"Dodecahedron"},{"floor":9,"key":"Anchor"},{"floor":10,"key":"MawBank"},{"floor":12,"key":"Odd Mushroom"},{"floor":13,"key":"Paper Frog"},{"floor":26,"key":"Regal Pillow"},{"floor":26,"key":"Happy Flower"},{"floor":27,"key":"Sundial"}],"event_choices":[{"cards_removed":["Defend_R"],"damage_healed":0,"gold_gain":0,"player_choice":"Card Removal","damage_taken":7,"max_hp_gain":0,"max_hp_loss":0,"event_name":"Golden Wing","floor":2,"gold_loss":0},{"damage_healed":0,"gold_gain":175,"player_choice":"AGREE","damage_taken":0,"max_hp_gain":0,"max_hp_loss":0,"event_name":"Liars Game","floor":11,"gold_loss":0,"cards_obtained":["Doubt"]},{"damage_healed":0,"gold_gain":0,"player_choice":"Fought Mushrooms","damage_taken":0,"max_hp_gain":0,"max_hp_loss":0,"event_name":"Mushrooms","floor":12,"gold_loss":0},{"cards_removed":["Defend_R"],"damage_healed":0,"gold_gain":0,"player_choice":"Elegance","damage_taken":0,"max_hp_gain":0,"max_hp_loss":0,"event_name":"Back to Basics","floor":19,"gold_loss":0},{"cards_removed":["Bash"],"damage_healed":0,"gold_gain":0,"player_choice":"Offered Basic","damage_taken":0,"max_hp_gain":0,"max_hp_loss":0,"event_name":"Bonfire Elementals","floor":22,"gold_loss":0}],"is_beta":false,"boss_relics":[{"not_picked":["Mark of Pain","Tiny House"],"picked":"Empty Cage"}],"items_purged_floors":[3],"is_endless":false,"potions_floor_spawned":[4,6,10,18,27,29],"killed_by":"Centurion and Healer","ascension_level":0}