{"gold_per_floor":[116,116,116,2,0,0,0,20,20,20,33,47,47,59,59,133,133,133,133,133,133,133,133,133],"floor_reached":24,"playtime":1124,"items_purged":["Defend_B"],"score":316,"play_id":"6855b784-e271-43e8-b4bf-547d4999d9f9","local_time":"20190521004330","is_ascension_mode":true,"campfire_choices":[{"floor":6,"key":"REST"},{"floor":13,"key":"REST"},{"data":"Recycle","floor":15,"key":"SMITH"}],"neow_cost":"NONE","seed_source_timestamp":56819451473901,"circlet_count":0,"master_deck":["AscendersBane","Strike_B","Strike_B","Defend_B","Defend_B","Defend_B","Zap","Dualcast","Leap","Sunder","Genetic Algorithm","Gash","Streamline","Recycle+1","Echo Form","Hologram+1"],"relics":["Runic Pyramid","Girya","Ectoplasm"],"potions_floor_usage":[16,16],"damage_taken":[{"damage":8,"enemies":"2 Louse","floor":1,"turns":5},{"damage":12,"enemies":"Jaw Worm","floor":8,"turns":2},{"damage":1,"enemies":"Small Slimes","floor":11,"turns":4},{"damage":8,"enemies":"Blue Slaver","floor":12,"turns":4},{"damage":2,"enemies":"Looter","floor":14,"turns":4},{"damage":16,"enemies":"Slime Boss","floor":16,"turns":9},{"damage":13,"enemies":"Chosen","floor":18,"turns":6},{"damage":41,"enemies":"3 Byrds","floor":20,"turns":5},{"damage":25,"enemies":"Snake Plant","floor":23,"turns":5},{"damage":18,"enemies":"Centurion and Healer","floor":24,"turns":1}],"seed_played":"-289693861059108778","potions_obtained":[{"floor":1,"key":"SkillPotion"},{"floor":11,"key":"GamblersBrew"},{"floor":12,"key":"Fire Potion"},{"floor":16,"key":"EssenceOfSteel"},{"floor":18,"key":"SteroidPotion"}],"is_trial":false,"path_per_floor":["M","?","?","$","?","R","$","M","T","$","M","M","R","M","R","B",null,"M","$","M","?","?","M","M"],"character_chosen":"DEFECT","items_purchased":["Sunder"],"campfire_rested":2,"item_purchase_floors":[4],"current_hp_per_floor":[56,49,49,49,49,70,70,58,58,58,57,49,70,68,68,52,66,53,53,12,35,35,10,0],"gold":133,"neow_bonus":"BOSS_RELIC","is_prod":false,"is_daily":false,"chose_seed":false,"campfire_upgraded":1,"win_rate":0,"timestamp":1558424610,"path_taken":["M","?","?","?","?","R","$","?","T","$","M","M","R","M","R","BOSS","M","$","M","?","?","M","M"],"build_version":"2019-01-23","purchased_purges":1,"victory":false,"max_hp_per_floor":[71,71,71,71,71,71,71,71,71,71,71,71,71,71,71,71,71,71,71,71,71,71,71,71],"card_choices":[{"not_picked":["Aggregate","Tempest"],"picked":"Leap","floor":1},{"not_picked":["Stack","Cold Snap"],"picked":"Genetic Algorithm","floor":8},{"not_picked":["Rebound","Skim"],"picked":"Gash","floor":11},{"not_picked":["Static Discharge","Coolheaded"],"picked":"Streamline","floor":12},{"not_picked":["Barrage","Beam Cell"],"picked":"Recycle","floor":14},{"not_picked":["Meteor Strike","Core Surge"],"picked":"Echo Form","floor":16},{"not_picked":["Aggregate","Ball Lightning","Cold Snap"],"picked":"SKIP","floor":18},{"not_picked":["Cold Snap","Fusion","Redo+1"],"picked":"SKIP","floor":20},{"not_picked":["Cold Snap","White Noise"],"picked":"Hologram+1","floor":23}],"player_experience":658939,"relics_obtained":[{"floor":9,"key":"Girya"}],"event_choices":[{"cards_removed":["Strike_B"],"damage_healed":0,"gold_gain":0,"player_choice":"Card Removal","damage_taken":7,"max_hp_gain":0,"max_hp_loss":0,"event_name":"Golden Wing","floor":2,"gold_loss":0},{"cards_removed":["Strike_B"],"damage_healed":0,"gold_gain":0,"player_choice":"Forget","damage_taken":0,"max_hp_gain":0,"max_hp_loss":0,"event_name":"Living Wall","floor":3,"gold_loss":0},{"damage_healed":0,"gold_gain":0,"player_choice":"Left Gold","damage_taken":0,"max_hp_gain":0,"max_hp_loss":0,"event_name":"World of Goop","floor":5,"gold_loss":2},{"damage_healed":23,"gold_gain":0,"player_choice":"Heal","damage_taken":0,"max_hp_gain":0,"max_hp_loss":0,"event_name":"The Library","floor":21,"gold_loss":0},{"damage_healed":0,"gold_gain":0,"player_choice":"Ignored","damage_taken":0,"max_hp_gain":0,"max_hp_loss":0,"event_name":"The Mausoleum","floor":22,"gold_loss":0}],"is_beta":false,"boss_relics":[{"not_picked":["Velvet Choker","Snecko Eye"],"picked":"Ectoplasm"}],"items_purged_floors":[4],"is_endless":false,"potions_floor_spawned":[1,11,12,16,18,23],"killed_by":"Centurion and Healer","ascension_level":14}