{"gold_per_floor":[109,109,109,124,124,152,164,164,164,181,245,303,317,337,337,442,442,458,557,567,492,61,61,73,85,112,112,112,126,41,59,59,59],"floor_reached":33,"playtime":1959,"items_purged":["Strike_B"],"score":355,"play_id":"374ba322-bef7-4a62-92bd-93a97ffd2d8c","local_time":"20190505152611","is_ascension_mode":true,"campfire_choices":[{"data":"Double Energy","floor":8,"key":"SMITH"},{"floor":15,"key":"REST"},{"data":"Machine Learning","floor":23,"key":"SMITH"},{"floor":28,"key":"REST"},{"floor":32,"key":"REST"}],"neow_cost":"NONE","seed_source_timestamp":244697732921966,"circlet_count":0,"master_deck":["Strike_B","Defend_B","Defend_B","Defend_B","Defend_B","Zap","Dualcast","Cold Snap","Ball Lightning","Double Energy+1","Coolheaded","Glacier","Double Energy","Ball Lightning","Beam Cell","Machine Learning+1","Sweeping Beam+1","Go for the Eyes","Coolheaded","Hologram","Redo+1","Blizzard+1","Decay","Cold Snap+1","Conserve Battery"],"relics":["Cracked Core","NeowsBlessing","Kunai","DataDisk","Tiny Chest","Lantern","Runic Pyramid","Molten Egg 2","Juzu Bracelet","Du-Vu Doll"],"potions_floor_usage":[11,11,16,16,33],"damage_taken":[{"damage":0,"enemies":"Small Slimes","floor":1,"turns":1},{"damage":0,"enemies":"Cultist","floor":4,"turns":1},{"damage":0,"enemies":"Lagavulin","floor":6,"turns":1},{"damage":0,"enemies":"2 Louse","floor":7,"turns":2},{"damage":8,"enemies":"Large Slime","floor":10,"turns":6},{"damage":5,"enemies":"3 Sentries","floor":11,"turns":6},{"damage":14,"enemies":"Lagavulin Event","floor":12,"turns":5},{"damage":4,"enemies":"2 Fungi Beasts","floor":13,"turns":2},{"damage":0,"enemies":"Looter","floor":14,"turns":3},{"damage":6,"enemies":"Slime Boss","floor":16,"turns":10},{"damage":12,"enemies":"Chosen","floor":18,"turns":4},{"damage":0,"enemies":"Shell Parasite","floor":20,"turns":4},{"damage":28,"enemies":"Snake Plant","floor":24,"turns":5},{"damage":3,"enemies":"Snecko","floor":25,"turns":6},{"damage":26,"enemies":"Shelled Parasite and Fungi","floor":29,"turns":5},{"damage":10,"enemies":"Chosen and Byrds","floor":31,"turns":4},{"damage":52,"enemies":"Automaton","floor":33,"turns":6}],"seed_played":"951862596564726385","potions_obtained":[{"floor":3,"key":"EssenceOfSteel"},{"floor":3,"key":"SneckoOil"},{"floor":3,"key":"Energy Potion"},{"floor":4,"key":"Strength Potion"},{"floor":10,"key":"Explosive Potion"},{"floor":11,"key":"Explosive Potion"},{"floor":18,"key":"SkillPotion"},{"floor":31,"key":"PowerPotion"}],"is_trial":false,"path_per_floor":["M","?","?","M","?","E","M","R","T","M","E","?","M","M","R","B",null,"M","?","M","?","$","R","M","M","T","?","R","M","?","M","R","B"],"character_chosen":"DEFECT","items_purchased":["Molten Egg 2","Coolheaded","Hologram"],"campfire_rested":3,"item_purchase_floors":[22,22,22],"current_hp_per_floor":[75,75,75,75,80,80,80,80,80,72,67,53,49,49,73,67,77,65,65,65,65,65,65,37,34,34,34,58,32,32,22,46,0],"gold":59,"neow_bonus":"THREE_ENEMY_KILL","is_prod":false,"is_daily":false,"chose_seed":false,"campfire_upgraded":2,"win_rate":0,"timestamp":1557095171,"path_taken":["M","?","?","?","?","E","M","R","T","M","E","?","M","M","R","BOSS","M","?","M","?","?","R","M","M","T","?","R","M","?","M","R","BOSS"],"build_version":"2019-01-23","purchased_purges":1,"victory":false,"max_hp_per_floor":[75,75,75,75,80,80,80,80,80,80,80,80,80,80,80,80,80,80,80,80,80,80,80,80,80,80,80,80,80,80,80,80,80],"card_choices":[{"not_picked":["Beam Cell","Coolheaded"],"picked":"Cold Snap","floor":1},{"not_picked":["Heatsinks","Beam Cell"],"picked":"Ball Lightning","floor":4},{"not_picked":["Streamline","Gash"],"picked":"Double Energy","floor":6},{"not_picked":["Barrage","Meteor Strike","Recycle"],"picked":"SKIP","floor":7},{"not_picked":["Stack","Hologram"],"picked":"Coolheaded","floor":10},{"not_picked":["Hologram","Darkness"],"picked":"Glacier","floor":11},{"not_picked":["Sweeping Beam","Darkness"],"picked":"Double Energy","floor":12},{"not_picked":["Beam Cell","Genetic Algorithm"],"picked":"Ball Lightning","floor":13},{"not_picked":["Barrage","Coolheaded"],"picked":"Beam Cell","floor":14},{"not_picked":["Amplify","Electrodynamics"],"picked":"Machine Learning","floor":16},{"not_picked":["Reinforced Body","Gash"],"picked":"Sweeping Beam+1","floor":18},{"not_picked":["FTL","Steam"],"picked":"Go for the Eyes","floor":20},{"not_picked":["Hello World","Meteor Strike+1"],"picked":"Redo+1","floor":24},{"not_picked":["Melter+1","Beam Cell+1"],"picked":"Blizzard+1","floor":25},{"not_picked":["Beam Cell+1","Capacitor"],"picked":"Cold Snap+1","floor":29},{"not_picked":["Steam","Stack+1"],"picked":"Conserve Battery","floor":31}],"player_experience":270712,"relics_obtained":[{"floor":6,"key":"Kunai"},{"floor":9,"key":"DataDisk"},{"floor":11,"key":"Tiny Chest"},{"floor":12,"key":"Lantern"},{"floor":26,"key":"Juzu Bracelet"}],"event_choices":[{"cards_removed":["Strike_B"],"damage_healed":0,"gold_gain":0,"player_choice":"Forget","damage_taken":0,"max_hp_gain":0,"max_hp_loss":0,"event_name":"Living Wall","floor":2,"gold_loss":0},{"damage_healed":0,"gold_gain":0,"player_choice":"Got Potions","damage_taken":0,"max_hp_gain":0,"max_hp_loss":0,"event_name":"Lab","floor":3,"gold_loss":0},{"damage_healed":0,"gold_gain":0,"player_choice":"Donut","damage_taken":0,"max_hp_gain":5,"max_hp_loss":0,"event_name":"Big Fish","floor":5,"gold_loss":0},{"damage_healed":0,"gold_gain":0,"player_choice":"Searched \u00271\u0027 times","damage_taken":0,"max_hp_gain":0,"max_hp_loss":0,"event_name":"Dead Adventurer","floor":12,"gold_loss":0},{"damage_healed":0,"gold_gain":99,"player_choice":"Stole From Cult","damage_taken":0,"max_hp_gain":0,"max_hp_loss":0,"event_name":"Nest","floor":19,"gold_loss":0},{"cards_removed":["Strike_B"],"damage_healed":0,"gold_gain":0,"player_choice":"Gave Gold","damage_taken":0,"max_hp_gain":0,"max_hp_loss":0,"event_name":"Beggar","floor":21,"gold_loss":75},{"damage_healed":0,"gold_gain":0,"player_choice":"Cursed","damage_taken":0,"max_hp_gain":0,"max_hp_loss":0,"event_name":"Wheel of Change","floor":27,"gold_loss":0,"cards_obtained":["Decay"]},{"damage_healed":0,"gold_gain":0,"player_choice":"Obtained Relic","damage_taken":0,"relics_obtained":["Du-Vu Doll"],"max_hp_gain":0,"max_hp_loss":0,"event_name":"Addict","floor":30,"gold_loss":85}],"is_beta":false,"boss_relics":[{"not_picked":["Astrolabe","Calling Bell"],"picked":"Runic Pyramid"}],"items_purged_floors":[22],"is_endless":false,"potions_floor_spawned":[4,6,10,11,18,31],"killed_by":"Automaton","ascension_level":5}