{"gold_per_floor":[366,67,87,87,112,112,136,179,233,249,249,264,264,288,288,417,417,431,431,431,30,55,55,90,90,90,134,134,134,178,278,278,406,469,492,512,119,0,0,0,0,0,23,23,46,67,67,86,86,86],"floor_reached":50,"playtime":2773,"items_purged":[],"score":759,"play_id":"d5bf380c-e66f-4d52-b3eb-3cfbfa302744","local_time":"20190605050602","is_ascension_mode":true,"campfire_choices":[{"data":"Armaments","floor":6.0,"key":"SMITH"},{"floor":15.0,"key":"REST"},{"floor":23.0,"key":"REST"},{"data":"Barricade","floor":25.0,"key":"SMITH"},{"data":"Reaper","floor":29.0,"key":"SMITH"},{"floor":32.0,"key":"REST"},{"data":"Body Slam","floor":40.0,"key":"SMITH"},{"data":"Flame Barrier","floor":42.0,"key":"SMITH"},{"data":"Fire Breathing","floor":44.0,"key":"SMITH"},{"floor":49.0,"key":"REST"}],"neow_cost":"CURSE","seed_source_timestamp":83574775184600,"circlet_count":0,"master_deck":["Strike_R+1","Strike_R","Strike_R","Defend_R","Defend_R+1","Defend_R+1","Defend_R","Bash","Battle Trance","Shrug It Off","Iron Wave","Armaments+1","Cleave","Body Slam+1","Second Wind","Wild Strike","Armaments","Reaper+1","Perfected Strike","Fire Breathing+1","Barricade+1","Feed","Perfected Strike+1","Cleave+1","Flame Barrier+1","Power Through","Demon Form","Flame Barrier+1","Flex+1","Wild Strike+1","Writhe","Headbutt","Rampage+1"],"special_seed":0,"relics":["Burning Blood","Kunai","Golden Idol","Self Forming Clay","Oddly Smooth Stone","Lizard Tail","Bronze Scales","Anchor","Bottled Flame","Juzu Bracelet","Pocketwatch","Tiny House","Meat on the Bone","Happy Flower","Red Mask","Bag of Preparation"],"potions_floor_usage":[50,50],"damage_taken":[{"damage":6.0,"enemies":"Cultist","floor":1.0,"turns":4.0},{"damage":6.0,"enemies":"Small Slimes","floor":3.0,"turns":4.0},{"damage":7.0,"enemies":"2 Louse","floor":5.0,"turns":3.0},{"damage":6.0,"enemies":"Red Slaver","floor":7.0,"turns":4.0},{"damage":20.0,"enemies":"Lagavulin","floor":8.0,"turns":11.0},{"damage":7.0,"enemies":"Blue Slaver","floor":10.0,"turns":3.0},{"damage":0.0,"enemies":"3 Louse","floor":12.0,"turns":3.0},{"damage":14.0,"enemies":"Lots of Slimes","floor":14.0,"turns":2.0},{"damage":45.0,"enemies":"The Guardian","floor":16.0,"turns":17.0},{"damage":26.0,"enemies":"Spheric Guardian","floor":18.0,"turns":6.0},{"damage":0.0,"enemies":"Chosen","floor":19.0,"turns":1.0},{"damage":34.0,"enemies":"3 Cultists","floor":22.0,"turns":7.0},{"damage":84.0,"enemies":"Gremlin Leader","floor":24.0,"turns":11.0},{"damage":40.0,"enemies":"Slavers","floor":27.0,"turns":6.0},{"damage":56.0,"enemies":"Gremlin Leader","floor":30.0,"turns":12.0},{"damage":7.0,"enemies":"Champ","floor":33.0,"turns":19.0},{"damage":52.0,"enemies":"3 Darklings","floor":35.0,"turns":8.0},{"damage":3.0,"enemies":"3 Shapes","floor":36.0,"turns":4.0},{"damage":17.0,"enemies":"Maw","floor":45.0,"turns":9.0},{"damage":28.0,"enemies":"Jaw Worm Horde","floor":46.0,"turns":7.0},{"damage":56.0,"enemies":"3 Darklings","floor":48.0,"turns":15.0},{"damage":106,"enemies":"Donu and Deca","floor":50,"turns":6}],"seed_played":"7839684672798922964","potions_obtained":[{"floor":1.0,"key":"SteroidPotion"},{"floor":7.0,"key":"SmokeBomb"},{"floor":8.0,"key":"GamblersBrew"},{"floor":12.0,"key":"Regen Potion"},{"floor":18.0,"key":"SteroidPotion"},{"floor":22.0,"key":"Fire Potion"},{"floor":27.0,"key":"Ancient Potion"},{"floor":34.0,"key":"Explosive Potion"},{"floor":36.0,"key":"SkillPotion"},{"floor":45.0,"key":"SkillPotion"},{"floor":46.0,"key":"Explosive Potion"},{"floor":48.0,"key":"EssenceOfSteel"}],"is_trial":false,"path_per_floor":["M","$","M","?","M","R","M","E","T","M","?","M","?","M","R","B",null,"M","M","?","$","M","R","E","R","T","E","?","R","E","?","R","B",null,"M","M","$","?","?","R","$","R","T","R","M","M","$","M","R","B"],"character_chosen":"IRONCLAD","items_purchased":["Kunai","Shrug It Off","Bronze Scales","Feed","Block Potion","Energy Potion","Meat on the Bone","Happy Flower"],"campfire_rested":4,"item_purchase_floors":[2,2,21,21,21,21,37,37],"current_hp_per_floor":[72,72,72,52,51,51,51,37,37,36,20,26,26,18,41,17,62,42,48,48,48,35,59,46,46,46,15,42,42,7,7,31,30,75,48,54,54,54,78,78,78,78,78,78,75,68,68,48,78,0],"gold":86,"neow_bonus":"TWO_FIFTY_GOLD","is_prod":false,"is_daily":false,"chose_seed":false,"campfire_upgraded":6,"win_rate":0,"timestamp":1559736362,"path_taken":["M","$","M","?","M","R","M","E","T","M","?","M","?","M","R","BOSS","M","M","?","$","M","R","E","R","T","E","?","R","E","?","R","BOSS","M","M","?","?","?","R","$","R","T","R","M","M","$","M","R","BOSS"],"build_version":"2019-01-23","purchased_purges":0,"victory":false,"max_hp_per_floor":[80,80,80,80,80,80,80,80,80,80,80,80,77,77,77,77,77,77,77,77,77,80,80,80,80,80,83,83,83,83,83,83,83,88,92,95,95,95,95,95,95,95,95,95,98,98,98,101,101,101],"card_choices":[{"not_picked":["Warcry","Body Slam"],"picked":"Battle Trance","floor":1.0},{"not_picked":["Rupture","Clash"],"picked":"Iron Wave","floor":3.0},{"not_picked":["Wild Strike","Bloodletting"],"picked":"Armaments","floor":5.0},{"not_picked":["Armaments","Iron Wave"],"picked":"Cleave","floor":7.0},{"not_picked":["Sentinel","Disarm"],"picked":"Body Slam","floor":8.0},{"not_picked":["Clothesline","Bloodletting"],"picked":"Second Wind","floor":10.0},{"not_picked":["Sentinel","Corruption"],"picked":"Wild Strike","floor":12.0},{"not_picked":["Body Slam","Flex"],"picked":"Armaments","floor":14.0},{"not_picked":["Brutality","Double Tap"],"picked":"Reaper","floor":16.0},{"not_picked":["True Grit","Havoc"],"picked":"Perfected Strike","floor":18.0},{"not_picked":["Sentinel","Wild Strike"],"picked":"Perfected Strike+1","floor":22.0},{"not_picked":["Wild Strike","Perfected Strike"],"picked":"Cleave+1","floor":24.0},{"not_picked":["Anger","Havoc"],"picked":"Flame Barrier+1","floor":27.0},{"not_picked":["Feel No Pain","Reckless Charge"],"picked":"Power Through","floor":30.0},{"not_picked":["Dark Embrace","Exhume"],"picked":"Demon Form","floor":33.0},{"not_picked":["Combust","Twin Strike+1"],"picked":"Flame Barrier","floor":34.0},{"not_picked":["Clothesline","Pommel Strike+1"],"picked":"Flex+1","floor":35.0},{"not_picked":["Heavy Blade","Anger"],"picked":"Wild Strike+1","floor":36.0},{"not_picked":["Clothesline","Searing Blow+1"],"picked":"Headbutt","floor":45.0},{"not_picked":["Pommel Strike+1","Clothesline"],"picked":"Rampage+1","floor":46.0},{"not_picked":["Hemokinesis+1","Power Through","Fiend Fire"],"picked":"SKIP","floor":48.0}],"player_experience":298801,"relics_obtained":[{"floor":8.0,"key":"Self Forming Clay"},{"floor":9.0,"key":"Oddly Smooth Stone"},{"floor":24.0,"key":"Anchor"},{"floor":26.0,"key":"Bottled Flame"},{"floor":27.0,"key":"Juzu Bracelet"},{"floor":30.0,"key":"Pocketwatch"},{"floor":43.0,"key":"Bag of Preparation"}],"event_choices":[{"damage_healed":0.0,"max_hp_gain":0.0,"max_hp_loss":0.0,"gold_gain":0.0,"event_name":"Golden Idol","player_choice":"Take Damage","floor":4.0,"gold_loss":0.0,"damage_taken":20.0,"relics_obtained":["Golden Idol"]},{"damage_healed":0.0,"max_hp_gain":0.0,"max_hp_loss":0.0,"gold_gain":0.0,"event_name":"Shining Light","player_choice":"Entered Light","floor":11.0,"gold_loss":0.0,"damage_taken":16.0,"cards_upgraded":["Strike_R","Defend_R"]},{"cards_removed":["Parasite"],"damage_healed":0.0,"max_hp_gain":0.0,"max_hp_loss":0.0,"gold_gain":0.0,"event_name":"Purifier","player_choice":"Purged","floor":13.0,"gold_loss":0.0,"damage_taken":0.0},{"damage_healed":0.0,"max_hp_gain":0.0,"max_hp_loss":0.0,"gold_gain":0.0,"cards_transformed":["Strike_R","Strike_R"],"event_name":"Drug Dealer","player_choice":"Became Test Subject","floor":20.0,"gold_loss":0.0,"damage_taken":0.0,"cards_obtained":["Fire Breathing","Barricade"]},{"damage_healed":27.0,"max_hp_gain":0.0,"max_hp_loss":0.0,"gold_gain":0.0,"event_name":"The Library","player_choice":"Heal","floor":28.0,"gold_loss":0.0,"damage_taken":0.0},{"damage_healed":0.0,"max_hp_gain":0.0,"max_hp_loss":0.0,"gold_gain":100.0,"event_name":"Golden Shrine","player_choice":"Pray","floor":31.0,"gold_loss":0.0,"damage_taken":0.0},{"damage_healed":0.0,"max_hp_gain":0.0,"max_hp_loss":0.0,"gold_gain":0.0,"event_name":"Tomb of Lord Red Mask","player_choice":"Paid","floor":38.0,"gold_loss":119.0,"damage_taken":0.0,"relics_obtained":["Red Mask"]},{"damage_healed":24.0,"max_hp_gain":0.0,"max_hp_loss":0.0,"gold_gain":0.0,"event_name":"Winding Halls","player_choice":"Writhe","floor":39.0,"gold_loss":0.0,"damage_taken":0.0,"cards_obtained":["Writhe"]}],"is_beta":false,"boss_relics":[{"not_picked":["Runic Dome","Runic Pyramid"],"picked":"Lizard Tail"},{"not_picked":["Snecko Eye","Astrolabe"],"picked":"Tiny House"}],"items_purged_floors":[],"is_endless":false,"potions_floor_spawned":[1,7,8,12,18,22,27,36,45,46,48],"killed_by":"Donu and Deca","ascension_level":7}