{"gold_per_floor":[109,109,128,138,138,172,172,172,199,227,227],"floor_reached":11,"playtime":322,"items_purged":[],"score":81,"play_id":"127f6b9c-d5f7-4d8e-9bc5-9d726d69ca4c","local_time":"20190424152909","is_ascension_mode":false,"campfire_choices":[],"neow_cost":"NONE","seed_source_timestamp":816402580796891,"circlet_count":0,"master_deck":["Strike_R","Strike_R","Strike_R","Strike_R","Defend_R","Defend_R","Defend_R","Defend_R","Bash","ReplayTheSpireMod:Limb From Limb+1","Flex","Rage","Demon Form","Regret","True Grit"],"relics":["Burning Blood","NeowsBlessing","Pen Nib","ReplayTheSpireMod:TigerMarble","Anchor","Baseball"],"potions_floor_usage":[6,6],"damage_taken":[{"damage":0,"enemies":"2 Louse","floor":1,"turns":1},{"damage":0,"enemies":"Cultist","floor":3,"turns":1},{"damage":0,"enemies":"Jaw Worm","floor":4,"turns":1},{"damage":66,"enemies":"Gremlin Nob","floor":6,"turns":5},{"damage":10,"enemies":"Lagavulin","floor":10,"turns":3},{"damage":15,"enemies":"Large Slime","floor":11,"turns":2}],"seed_played":"5700148693152261950","potions_obtained":[{"floor":1,"key":"EssenceOfSteel"},{"floor":4,"key":"Dexterity Potion"}],"is_trial":false,"path_per_floor":["M","?","M","M","?","E","?","?","T","E","M"],"character_chosen":"IRONCLAD","items_purchased":[],"campfire_rested":0,"item_purchase_floors":[],"current_hp_per_floor":[80,80,80,80,80,20,17,17,17,13,0],"gold":227,"neow_bonus":"THREE_ENEMY_KILL","is_prod":false,"is_daily":false,"chose_seed":false,"campfire_upgraded":0,"win_rate":0,"timestamp":1556112549,"path_taken":["M","?","?","M","?","E","?","?","T","E","?"],"build_version":"2019-01-23","purchased_purges":0,"victory":false,"max_hp_per_floor":[80,80,80,80,80,80,80,80,80,80,80],"card_choices":[{"not_picked":["Warcry","Evolve"],"picked":"ReplayTheSpireMod:Limb From Limb","floor":1},{"not_picked":["Rage","Clothesline"],"picked":"Flex","floor":3},{"not_picked":["Shrug It Off","Iron Wave"],"picked":"Rage","floor":4},{"not_picked":["Carnage","True Grit"],"picked":"Demon Form","floor":6},{"not_picked":["Shrug It Off","Ghostly Armor"],"picked":"True Grit","floor":10}],"player_experience":275319,"relics_obtained":[{"floor":6,"key":"Pen Nib"},{"floor":9,"key":"Anchor"},{"floor":10,"key":"Baseball"}],"event_choices":[{"cards_removed":["Strike_R"],"damage_healed":0,"gold_gain":0,"player_choice":"Forget","damage_taken":0,"max_hp_gain":0,"max_hp_loss":0,"event_name":"Living Wall","floor":5,"gold_loss":0},{"damage_healed":0,"gold_gain":0,"player_choice":"Fled","damage_taken":3,"max_hp_gain":0,"max_hp_loss":0,"event_name":"Scrap Ooze","floor":7,"gold_loss":0},{"damage_healed":0,"gold_gain":0,"player_choice":"Box","damage_taken":0,"relics_obtained":["ReplayTheSpireMod:TigerMarble"],"max_hp_gain":0,"max_hp_loss":0,"event_name":"Big Fish","floor":8,"gold_loss":0,"cards_obtained":["Regret"]}],"is_beta":false,"boss_relics":[],"items_purged_floors":[],"is_endless":false,"potions_floor_spawned":[1,4],"killed_by":"Large Slime","ascension_level":0}