{"gold_per_floor":[118,293,310,326,384,412,412,445,496,522,522],"floor_reached":11,"playtime":493,"items_purged":[],"score":91,"play_id":"db93d285-e6aa-4a51-a1c4-79be9951b29a","local_time":"20190124231108","is_ascension_mode":false,"campfire_choices":[{"floor":7,"key":"REST"}],"neow_cost":"NONE","seed_source_timestamp":213363497654251,"circlet_count":0,"master_deck":["Strike_R","Strike_R","Strike_R","Strike_R","Strike_R","Defend_R","Defend_R","Defend_R","Defend_R","Bash","Sword Boomerang","Doubt","Twin Strike","Heavy Blade","Flex","Intimidate"],"relics":["Burning Blood","NeowsBlessing","Darkstone Periapt","Strawberry","Ice Cream"],"potions_floor_usage":[6],"damage_taken":[{"damage":0,"enemies":"Jaw Worm","floor":1,"turns":1},{"damage":0,"enemies":"Small Slimes","floor":3,"turns":1},{"damage":0,"enemies":"2 Louse","floor":4,"turns":1},{"damage":40,"enemies":"3 Sentries","floor":6,"turns":10},{"damage":33,"enemies":"Gremlin Nob","floor":8,"turns":4},{"damage":40,"enemies":"Lagavulin","floor":10,"turns":8},{"damage":16,"enemies":"Blue Slaver","floor":11,"turns":3}],"seed_played":"-905469874639231627","potions_obtained":[{"floor":4,"key":"Block Potion"},{"floor":8,"key":"Ancient Potion"}],"is_trial":false,"path_per_floor":["M","?","M","M","?","E","R","E","T","E","M"],"character_chosen":"IRONCLAD","items_purchased":[],"campfire_rested":1,"item_purchase_floors":[],"current_hp_per_floor":[80,80,80,80,80,46,70,50,50,16,0],"gold":522,"neow_bonus":"THREE_ENEMY_KILL","is_prod":false,"is_daily":false,"chose_seed":false,"campfire_upgraded":0,"win_rate":0,"timestamp":1548367868,"path_taken":["M","?","M","M","?","E","R","E","T","E","M"],"build_version":"2019-01-23","purchased_purges":0,"victory":false,"max_hp_per_floor":[80,80,80,80,80,80,80,87,87,87,87],"card_choices":[{"not_picked":["Headbutt","Sentinel"],"picked":"Sword Boomerang","floor":1},{"not_picked":["Iron Wave","Clothesline"],"picked":"Twin Strike","floor":3},{"not_picked":["Cleave","Twin Strike"],"picked":"Heavy Blade","floor":4},{"not_picked":["Metallicize","Warcry"],"picked":"Flex","floor":6},{"not_picked":["Juggernaut","Reckless Charge","Hemokinesis"],"picked":"SKIP","floor":8},{"not_picked":["Clothesline","Hemokinesis"],"picked":"Intimidate","floor":10}],"player_experience":182046,"relics_obtained":[{"floor":6,"key":"Darkstone Periapt"},{"floor":8,"key":"Strawberry"},{"floor":10,"key":"Ice Cream"}],"event_choices":[{"damage_healed":0,"gold_gain":175,"player_choice":"AGREE","damage_taken":0,"max_hp_gain":0,"max_hp_loss":0,"event_name":"Liars Game","floor":2,"gold_loss":0,"cards_obtained":["Doubt"]},{"damage_healed":0,"gold_gain":58,"player_choice":"Gained Gold","damage_taken":0,"max_hp_gain":0,"max_hp_loss":0,"event_name":"Golden Wing","floor":5,"gold_loss":0}],"is_beta":false,"boss_relics":[],"items_purged_floors":[],"is_endless":false,"potions_floor_spawned":[4,8],"killed_by":"Blue Slaver","ascension_level":0}