{"gold_per_floor":[118,118,118,118,132,132,167,167,242,242,276,276,286,286,286,382,382,396,396,396,232,245,245],"floor_reached":23,"playtime":597,"items_purged":[],"score":415,"play_id":"d0e978d1-ca21-4467-8078-ed2cda9cee3b","local_time":"20190602021024","is_ascension_mode":true,"campfire_choices":[{"data":"Clothesline","floor":6,"key":"SMITH"},{"data":"Cleave","floor":8,"key":"SMITH"},{"data":"Ghostly Armor","floor":10,"key":"SMITH"},{"data":"Corruption","floor":12,"key":"SMITH"},{"data":"Flame Barrier","floor":15,"key":"SMITH"}],"neow_cost":"NONE","seed_source_timestamp":195059628769631,"circlet_count":0,"master_deck":["AscendersBane","Defend_R","Defend_R","Defend_R","Defend_R","Bash+1","Clothesline+1","Ghostly Armor+1","Cleave+1","Corruption+1","Flame Barrier+1","Feed","Shrug It Off","Bite","Bite","Bite","Bite","Bite","Rampage","Warcry","True Grit","Battle Trance"],"relics":["Burning Blood","Ancient Tea Set","Red Skull","Golden Idol","Mark of Pain","Nloth\u0027s Gift"],"potions_floor_usage":[7,11,23],"damage_taken":[{"damage":3,"enemies":"Small Slimes","floor":1,"turns":3},{"damage":0,"enemies":"2 Louse","floor":5,"turns":2},{"damage":9,"enemies":"Lagavulin","floor":7,"turns":8},{"damage":20,"enemies":"Gremlin Nob","floor":11,"turns":4},{"damage":0,"enemies":"Cultist","floor":13,"turns":3},{"damage":34,"enemies":"Hexaghost","floor":16,"turns":10},{"damage":19,"enemies":"2 Thieves","floor":18,"turns":5},{"damage":25,"enemies":"Chosen","floor":22,"turns":6},{"damage":58,"enemies":"Masked Bandits","floor":23,"turns":4}],"seed_played":"4155262605089133093","potions_obtained":[{"floor":1,"key":"BloodPotion"},{"floor":5,"key":"PowerPotion"},{"floor":7,"key":"Block Potion"},{"floor":18,"key":"GamblersBrew"}],"is_trial":false,"path_per_floor":["M","?","?","?","M","R","E","R","T","R","E","R","M","?","R","B",null,"M","?","?","$","M","?"],"character_chosen":"IRONCLAD","items_purchased":["Rampage","Warcry","True Grit"],"campfire_rested":0,"item_purchase_floors":[21,21,21],"current_hp_per_floor":[71,64,69,69,75,75,72,72,72,72,66,66,72,44,44,16,64,54,54,54,54,46,0],"gold":245,"neow_bonus":"REMOVE_CARD","is_prod":false,"is_daily":false,"chose_seed":false,"campfire_upgraded":5,"win_rate":0,"timestamp":1559416224,"path_taken":["M","?","?","?","M","R","E","R","T","R","E","R","?","?","R","BOSS","M","?","?","$","?","?"],"build_version":"2019-01-23","purchased_purges":0,"victory":false,"max_hp_per_floor":[75,75,80,80,80,80,80,80,80,80,80,80,80,80,80,80,80,83,58,58,58,61,61],"card_choices":[{"not_picked":["Searing Blow","Bloodletting"],"picked":"Clothesline","floor":1},{"not_picked":["Feel No Pain","Corruption"],"picked":"Ghostly Armor","floor":5},{"not_picked":["Blood for Blood","Bloodletting"],"picked":"Cleave","floor":7},{"not_picked":["Bloodletting","Flex"],"picked":"Corruption","floor":11},{"not_picked":["Pummel","Wild Strike"],"picked":"Flame Barrier","floor":13},{"not_picked":["Juggernaut","Double Tap"],"picked":"Feed","floor":16},{"not_picked":["True Grit","Whirlwind"],"picked":"Shrug It Off","floor":18},{"not_picked":["Clash","Havoc"],"picked":"Battle Trance","floor":22}],"player_experience":527305,"relics_obtained":[{"floor":7,"key":"Ancient Tea Set"},{"floor":9,"key":"Mercury Hourglass"},{"floor":11,"key":"Red Skull"}],"event_choices":[{"cards_removed":["Strike_R"],"damage_healed":0,"gold_gain":0,"player_choice":"Card Removal","damage_taken":7,"max_hp_gain":0,"max_hp_loss":0,"event_name":"Golden Wing","floor":2,"gold_loss":0},{"damage_healed":0,"gold_gain":0,"player_choice":"Donut","damage_taken":0,"max_hp_gain":5,"max_hp_loss":0,"event_name":"Big Fish","floor":3,"gold_loss":0},{"damage_healed":0,"gold_gain":0,"player_choice":"Upgraded","damage_taken":0,"max_hp_gain":0,"max_hp_loss":0,"event_name":"Upgrade Shrine","floor":4,"gold_loss":0,"cards_upgraded":["Bash"]},{"damage_healed":0,"gold_gain":0,"player_choice":"Take Damage","damage_taken":28,"relics_obtained":["Golden Idol"],"max_hp_gain":0,"max_hp_loss":0,"event_name":"Golden Idol","floor":14,"gold_loss":0},{"damage_healed":0,"gold_gain":0,"player_choice":"Became a vampire","damage_taken":0,"max_hp_gain":0,"max_hp_loss":25,"event_name":"Vampires","floor":19,"gold_loss":0,"cards_obtained":["Bite","Bite","Bite","Bite","Bite"]},{"damage_healed":0,"gold_gain":0,"player_choice":"Traded Relic","damage_taken":0,"relics_obtained":["Nloth\u0027s Gift"],"max_hp_gain":0,"max_hp_loss":0,"event_name":"N\u0027loth","floor":20,"relics_lost":["Mercury Hourglass"],"gold_loss":0},{"damage_healed":0,"gold_gain":0,"player_choice":"Fought Bandits","damage_taken":0,"max_hp_gain":0,"max_hp_loss":0,"event_name":"Masked Bandits","floor":23,"gold_loss":0}],"is_beta":false,"boss_relics":[{"not_picked":["Runic Cube","Fusion Hammer"],"picked":"Mark of Pain"}],"items_purged_floors":[],"is_endless":false,"potions_floor_spawned":[1,5,7,18],"killed_by":"Masked Bandits","ascension_level":20}