{"gold_per_floor":[109,120,135,146,146,146,146,146,146,180,193,209,243,256,256,358,358,377,389,389,52,68,94,39,63,116,116,126,142,42,42,42,143,143,160,260,283,299,317,343,363,389,389,15,15,15,15,15,15,15,15,15,15,49,49],"floor_reached":56,"playtime":2684,"items_purged":["Strike_G","Strike_G"],"score":1312,"play_id":"e5254d4c-361b-4931-a323-042e8ef2ab2d","local_time":"20190130210742","is_ascension_mode":false,"campfire_choices":[{"data":"Footwork","floor":6,"key":"SMITH"},{"floor":8,"key":"RECALL"},{"data":"Neutralize","floor":15,"key":"SMITH"},{"data":"Footwork","floor":27,"key":"SMITH"},{"floor":32,"key":"REST"},{"data":"Noxious Fumes","floor":45,"key":"SMITH"},{"data":"Leg Sweep","floor":47,"key":"SMITH"},{"data":"After Image","floor":49,"key":"SMITH"},{"data":"Leg Sweep","floor":52,"key":"SMITH"}],"neow_cost":"NONE","seed_source_timestamp":115150654511970,"circlet_count":0,"master_deck":["Defend_G","Defend_G","Defend_G","Defend_G","Strike_G+1","Strike_G+1","Survivor","Neutralize+1","Footwork+1","Escape Plan","Noxious Fumes+1","Deflect","Bane","Bane","After Image+1","Poisoned Stab","Corpse Explosion+1","Terror","Footwork+1","Leg Sweep+1","Leg Sweep+1","Poisoned Stab+1","Deflect+1","Catalyst+1","Bouncing Flask","Noxious Fumes+1","Quick Slash"],"relics":["Philosopher\u0027s Stone","Singing Bowl","Art of War","Velvet Choker","Bronze Scales","Matryoshka","Tiny Chest","Snake Skull","Whetstone","Vajra","Boot","Black Star","Ice Cream","Dream Catcher","Oddly Smooth Stone","Pen Nib","Happy Flower","Orichalcum","Pantograph","Calipers","Lantern","Centennial Puzzle"],"potions_floor_usage":[13,23,33,33,36,39,40,40,55],"damage_taken":[{"damage":2,"enemies":"Cultist","floor":1,"turns":4},{"damage":0,"enemies":"Jaw Worm","floor":2,"turns":4},{"damage":4,"enemies":"Small Slimes","floor":3,"turns":4},{"damage":0,"enemies":"Red Slaver","floor":4,"turns":5},{"damage":1,"enemies":"Lagavulin","floor":10,"turns":10},{"damage":0,"enemies":"Large Slime","floor":11,"turns":5},{"damage":2,"enemies":"Exordium Thugs","floor":12,"turns":5},{"damage":13,"enemies":"3 Sentries","floor":13,"turns":6},{"damage":3,"enemies":"Lots of Slimes","floor":14,"turns":5},{"damage":1,"enemies":"Hexaghost","floor":16,"turns":9},{"damage":5,"enemies":"Spheric Guardian","floor":18,"turns":6},{"damage":6,"enemies":"2 Thieves","floor":19,"turns":4},{"damage":7,"enemies":"Snake Plant","floor":22,"turns":5},{"damage":1,"enemies":"Book of Stabbing","floor":23,"turns":6},{"damage":13,"enemies":"Shelled Parasite and Fungi","floor":28,"turns":5},{"damage":0,"enemies":"Centurion and Healer","floor":29,"turns":4},{"damage":8,"enemies":"Champ","floor":33,"turns":10},{"damage":7,"enemies":"3 Shapes","floor":35,"turns":6},{"damage":0,"enemies":"Mind Bloom Boss Battle","floor":36,"turns":8},{"damage":4,"enemies":"3 Darklings","floor":38,"turns":4},{"damage":2,"enemies":"Jaw Worm Horde","floor":39,"turns":4},{"damage":6,"enemies":"Reptomancer","floor":40,"turns":8},{"damage":1,"enemies":"Maw","floor":41,"turns":7},{"damage":0,"enemies":"Giant Head","floor":42,"turns":7},{"damage":21,"enemies":"Time Eater","floor":50,"turns":7},{"damage":24,"enemies":"Shield and Spear","floor":54,"turns":5},{"damage":55,"enemies":"The Heart","floor":55,"turns":8}],"seed_played":"-1844065750572065784","potions_obtained":[{"floor":2,"key":"GhostInAJar"},{"floor":4,"key":"Energy Potion"},{"floor":10,"key":"Explosive Potion"},{"floor":13,"key":"PowerPotion"},{"floor":19,"key":"SpeedPotion"},{"floor":23,"key":"Explosive Potion"},{"floor":33,"key":"Fruit Juice"},{"floor":36,"key":"Block Potion"},{"floor":39,"key":"Dexterity Potion"},{"floor":54,"key":"AttackPotion"}],"is_trial":false,"path_per_floor":["M","M","M","M","?","R","?","R","T","E","M","M","E","M","R","B",null,"M","M","?","$","M","E","?","T","T","R","M","M","$","?","R","B",null,"M","?","T","M","M","E","M","E","T","$","R","?","R","$","R","B",null,"R","$","E","B",null],"character_chosen":"THE_SILENT","items_purchased":["Bronze Scales","Footwork","Leg Sweep","Noxious Fumes","Calipers"],"campfire_rested":1,"item_purchase_floors":[21,21,21,44,44],"current_hp_per_floor":[68,68,64,64,64,64,64,64,64,63,63,61,48,47,47,46,72,69,63,63,63,56,57,57,57,57,57,46,46,46,31,55,54,90,85,87,87,85,83,77,78,78,78,78,78,78,78,78,78,77,98,98,98,76,45],"gold":49,"neow_bonus":"BOSS_RELIC","is_prod":false,"is_daily":false,"chose_seed":false,"campfire_upgraded":7,"win_rate":0,"timestamp":1548878862,"path_taken":["M","M","?","M","?","R","?","R","T","E","M","?","E","M","R","BOSS","M","M","?","?","?","E","?","?","T","R","M","M","$","?","R","BOSS","M","?","?","?","M","E","M","E","T","$","R","?","R","$","R","BOSS","R","$","E","BOSS"],"build_version":"2019-01-23","purchased_purges":2,"victory":true,"max_hp_per_floor":[70,70,70,70,70,70,70,70,70,70,70,70,70,72,72,72,72,74,74,74,74,74,76,76,76,76,76,78,78,78,83,83,90,90,92,94,94,96,96,96,98,98,98,98,98,98,98,98,98,98,98,98,98,100,100],"card_choices":[{"not_picked":["Prepared","Underhanded Strike"],"picked":"Footwork","floor":1},{"not_picked":["Tactician","Calculated Gamble"],"picked":"Escape Plan","floor":2},{"not_picked":["Deadly Poison","Crippling Poison"],"picked":"Noxious Fumes","floor":3},{"not_picked":["Setup","Riddle With Holes"],"picked":"Deflect","floor":4},{"not_picked":["Distraction","Cloak And Dagger"],"picked":"Bane","floor":10},{"not_picked":["Dodge and Roll","Skewer"],"picked":"Bane","floor":11},{"not_picked":["Slice","Quick Slash"],"picked":"After Image","floor":12},{"not_picked":["Outmaneuver","Tools of the Trade"],"picked":"Poisoned Stab","floor":13},{"not_picked":["Well Laid Plans","Slice","Expertise"],"picked":"Singing Bowl","floor":14},{"not_picked":["Storm of Steel","Phantasmal Killer"],"picked":"Corpse Explosion","floor":16},{"not_picked":["Outmaneuver+1","Backflip","Slice"],"picked":"Singing Bowl","floor":18},{"not_picked":["PiercingWail","Prepared"],"picked":"Terror","floor":19},{"not_picked":["Backflip+1","Cloak And Dagger"],"picked":"Leg Sweep","floor":22},{"not_picked":["Sucker Punch","Dagger Spray","Backstab"],"picked":"Singing Bowl","floor":23},{"not_picked":["Deadly Poison+1","Infinite Blades","Dodge and Roll"],"picked":"Singing Bowl","floor":28},{"not_picked":["Prepared","Infinite Blades+1"],"picked":"Poisoned Stab+1","floor":29},{"not_picked":["Corpse Explosion","Glass Knife","Tools of the Trade"],"picked":"Singing Bowl","floor":33},{"not_picked":["Blade Dance+1","Deflect","Quick Slash"],"picked":"Singing Bowl","floor":35},{"not_picked":["Dagger Throw","Underhanded Strike+1","Dagger Spray"],"picked":"Singing Bowl","floor":36},{"not_picked":["Poisoned Stab","Blade Dance","Dagger Spray"],"picked":"Singing Bowl","floor":38},{"not_picked":["Poisoned Stab+1","Quick Slash+1"],"picked":"Deflect+1","floor":39},{"not_picked":["Quick Slash+1","Backflip+1"],"picked":"Catalyst+1","floor":40},{"not_picked":["Bane+1","Flechettes+1","Quick Slash+1"],"picked":"Singing Bowl","floor":41},{"not_picked":["PiercingWail","Calculated Gamble+1"],"picked":"Bouncing Flask","floor":42},{"not_picked":["Corpse Explosion","Flying Knee","Bane+1"],"picked":"Singing Bowl","floor":54}],"player_experience":234996,"relics_obtained":[{"floor":10,"key":"Singing Bowl"},{"floor":13,"key":"Art of War"},{"floor":23,"key":"Matryoshka"},{"floor":25,"key":"Snake Skull"},{"floor":25,"key":"Whetstone"},{"floor":26,"key":"Vajra"},{"floor":26,"key":"Boot"},{"floor":36,"key":"Ice Cream"},{"floor":37,"key":"Dream Catcher"},{"floor":40,"key":"Oddly Smooth Stone"},{"floor":40,"key":"Pen Nib"},{"floor":42,"key":"Happy Flower"},{"floor":42,"key":"Orichalcum"},{"floor":43,"key":"Pantograph"},{"floor":54,"key":"Lantern"},{"floor":54,"key":"Centennial Puzzle"}],"event_choices":[{"damage_healed":0,"gold_gain":0,"player_choice":"Grow","damage_taken":0,"max_hp_gain":0,"max_hp_loss":0,"event_name":"Living Wall","floor":5,"gold_loss":0,"cards_upgraded":["Noxious Fumes"]},{"cards_removed":["Strike_G"],"damage_healed":0,"gold_gain":0,"player_choice":"Card Removal","damage_taken":0,"max_hp_gain":0,"max_hp_loss":0,"event_name":"Wheel of Change","floor":7,"gold_loss":0},{"damage_healed":0,"gold_gain":0,"player_choice":"Upgraded","damage_taken":0,"max_hp_gain":0,"max_hp_loss":0,"event_name":"Upgrade Shrine","floor":20,"gold_loss":0,"cards_upgraded":["Corpse Explosion"]},{"damage_healed":0,"gold_gain":0,"player_choice":"Obtained Relic","damage_taken":0,"relics_obtained":["Tiny Chest"],"max_hp_gain":0,"max_hp_loss":0,"event_name":"Addict","floor":24,"gold_loss":85},{"damage_healed":0,"gold_gain":0,"player_choice":"Shed Blood","damage_taken":20,"max_hp_gain":5,"max_hp_loss":0,"event_name":"Forgotten Altar","floor":31,"gold_loss":0},{"damage_healed":0,"gold_gain":0,"player_choice":"Fight","damage_taken":0,"max_hp_gain":0,"max_hp_loss":0,"event_name":"MindBloom","floor":36,"gold_loss":0},{"damage_healed":0,"gold_gain":0,"cards_transformed":["Defend_G"],"player_choice":"Transformed","damage_taken":0,"max_hp_gain":0,"max_hp_loss":0,"event_name":"Transmorgrifier","floor":46,"gold_loss":0,"cards_obtained":["Quick Slash"]}],"is_beta":false,"boss_relics":[{"not_picked":["Runic Pyramid","Ectoplasm"],"picked":"Velvet Choker"},{"not_picked":["Eternal Feather","Coffee Dripper"],"picked":"Black Star"}],"items_purged_floors":[21,30],"is_endless":false,"potions_floor_spawned":[2,4,10,12,13,19,23,33,36,39,54],"ascension_level":0}