{"gold_per_floor":[117,117,134,6,156,183,39,39,62,75,110,129,129,154,154,231,231,243,33,33,43,62,62,91,91,148,174,174,192,192,217,217,295,295,314,333,387,387,387,422,432,432,478,578,578,578,35,51,51,51,51,51,9,44,44],"floor_reached":56,"playtime":6221,"items_purged":["Strike_B","Doubt"],"score":2028,"play_id":"109334ae-265e-4b69-b1e8-48d2e195060a","local_time":"20190605143728","is_ascension_mode":true,"campfire_choices":[{"data":"Sunder","floor":8.0,"key":"SMITH"},{"floor":13,"key":"REST"},{"floor":15,"key":"REST"},{"floor":25,"key":"REST"},{"data":"Seek","floor":30,"key":"SMITH"},{"data":"Glacier","floor":32,"key":"SMITH"},{"floor":42,"key":"REST"},{"floor":49,"key":"RECALL"},{"data":"Seek","floor":52,"key":"SMITH"}],"neow_cost":"NONE","seed_source_timestamp":241913890722609,"circlet_count":0,"master_deck":["AscendersBane","Defend_B+1","Defend_B","Defend_B","Defend_B","Zap","Dualcast","Sweeping Beam+1","Ball Lightning","Compile Driver","Seek+1","Sunder+1","Cold Snap","Steam","Glacier+1","Biased Cognition","Meteor Strike","Meteor Strike","Tempest","Self Repair","Undo+1","Undo","Echo Form","Recycle+1","Seek+1","Creative AI","Hologram","Stack"],"special_seed":0,"relics":["Cracked Core","NeowsBlessing","Darkstone Periapt","Dream Catcher","Question Card","The Courier","Snecko Eye","Gremlin Horn","Tiny Chest","Juzu Bracelet","Ornamental Fan","Empty Cage","Torii","Orichalcum","Bird Faced Urn","Shuriken","FossilizedHelix","DataDisk","Anchor"],"potions_floor_usage":[11,16,24,33,37,55,55],"damage_taken":[{"damage":0.0,"enemies":"Jaw Worm","floor":1.0,"turns":1.0},{"damage":0.0,"enemies":"Small Slimes","floor":3.0,"turns":1.0},{"damage":0.0,"enemies":"3 Sentries","floor":6.0,"turns":1.0},{"damage":0.0,"enemies":"2 Louse","floor":10.0,"turns":1.0},{"damage":18,"enemies":"Lagavulin","floor":11,"turns":5},{"damage":6,"enemies":"Looter","floor":12,"turns":3},{"damage":11,"enemies":"Gremlin Nob","floor":14,"turns":4},{"damage":18,"enemies":"Slime Boss","floor":16,"turns":9},{"damage":9,"enemies":"2 Thieves","floor":18,"turns":4},{"damage":0,"enemies":"Spheric Guardian","floor":21,"turns":2},{"damage":0,"enemies":"Centurion and Healer","floor":22,"turns":4},{"damage":11,"enemies":"Book of Stabbing","floor":24,"turns":3},{"damage":0,"enemies":"Gremlin Leader","floor":27,"turns":4},{"damage":0,"enemies":"Snecko","floor":29,"turns":3},{"damage":21,"enemies":"Book of Stabbing","floor":31,"turns":4},{"damage":11,"enemies":"Collector","floor":33,"turns":8},{"damage":0,"enemies":"3 Shapes","floor":35,"turns":3},{"damage":0,"enemies":"3 Darklings","floor":36,"turns":3},{"damage":6,"enemies":"2 Orb Walkers","floor":37,"turns":4},{"damage":27,"enemies":"Nemesis","floor":40,"turns":5},{"damage":7,"enemies":"Transient","floor":41,"turns":5},{"damage":0,"enemies":"Mind Bloom Boss Battle","floor":44,"turns":5},{"damage":0,"enemies":"Jaw Worm Horde","floor":48,"turns":3},{"damage":19,"enemies":"Time Eater","floor":50,"turns":14},{"damage":67,"enemies":"Shield and Spear","floor":54,"turns":8},{"damage":17,"enemies":"The Heart","floor":55,"turns":7}],"seed_played":"859026652619890656","potions_obtained":[{"floor":6.0,"key":"SkillPotion"},{"floor":10.0,"key":"Fire Potion"},{"floor":12,"key":"SneckoOil"},{"floor":18,"key":"Block Potion"},{"floor":27,"key":"Fire Potion"},{"floor":33,"key":"LiquidBronze"},{"floor":37,"key":"Poison Potion"},{"floor":41,"key":"FocusPotion"},{"floor":48,"key":"FocusPotion"}],"is_trial":false,"path_per_floor":["M","?","M","$","?","E","$","R","T","M","E","M","R","E","R","B",null,"M","$","?","M","M","?","E","R","T","E","?","M","R","E","R","B",null,"M","M","?","?","?","E","M","R","T","?","?","T","$","M","R","B",null,"R","$","E","B",null],"character_chosen":"DEFECT","items_purchased":["Compile Driver","Sunder","Meteor Strike","Tempest","FossilizedHelix","DataDisk","Creative AI","Hologram","Stack"],"campfire_rested":4,"item_purchase_floors":[4,7,19,19,47,47,47,47,53],"current_hp_per_floor":[64,43,43,43,43,43,43,43,43,43,25,19,40,29,50,32,61,52,52,32,32,32,32,21,43,43,50,50,57,57,43,43,39,67,74,74,68,68,58,38,38,60,60,67,67,67,67,72,72,72,72,72,72,34,59],"gold":44,"neow_bonus":"THREE_ENEMY_KILL","is_prod":false,"is_daily":false,"chose_seed":false,"campfire_upgraded":4,"win_rate":0,"timestamp":1559759848,"path_taken":["M","?","M","$","?","E","$","R","T","M","E","M","R","E","R","BOSS","M","$","?","M","M","?","E","R","T","E","?","M","R","E","R","BOSS","M","M","?","?","?","E","M","R","T","?","?","?","$","M","R","BOSS","R","$","E","BOSS"],"build_version":"2019-01-23","purchased_purges":2,"victory":true,"max_hp_per_floor":[71,71,71,71,71,71,71,71,71,71,71,71,71,71,71,71,71,71,71,76,76,76,76,76,76,76,76,76,76,76,76,76,76,76,76,76,76,76,76,76,76,76,76,76,72,72,72,72,72,72,72,72,72,72,72],"card_choices":[{"not_picked":["Conserve Battery","Loop"],"picked":"Sweeping Beam","floor":1.0},{"not_picked":["Scrape","Turbo"],"picked":"Ball Lightning","floor":3.0},{"not_picked":["Streamline","Beam Cell"],"picked":"Seek","floor":6.0},{"not_picked":["FTL","Capacitor"],"picked":"Cold Snap","floor":10.0},{"not_picked":["Stack","Rebound"],"picked":"Steam","floor":11},{"not_picked":["Steam","Hologram","Blizzard"],"picked":"Glacier","floor":12},{"not_picked":["Scrape","Blizzard","Darkness","Steam"],"picked":"SKIP","floor":14},{"not_picked":["Leap","Hologram","Lockon"],"picked":"Biased Cognition","floor":15},{"not_picked":["Machine Learning","Reboot","Biased Cognition"],"picked":"Meteor Strike","floor":16},{"not_picked":["Leap","Beam Cell","Sweeping Beam","Double Energy"],"picked":"SKIP","floor":18},{"not_picked":["Double Energy","Loop","Gash","Rebound"],"picked":"SKIP","floor":21},{"not_picked":["Double Energy","Loop","Gash","Rebound"],"picked":"SKIP","floor":21},{"not_picked":["Chill","Stack","Storm"],"picked":"Self Repair","floor":22},{"not_picked":["Go for the Eyes","White Noise","Rainbow"],"picked":"Undo+1","floor":24},{"not_picked":["Rebound+1","Stack","Streamline","Turbo"],"picked":"SKIP","floor":27},{"not_picked":["Rebound","Stack","Genetic Algorithm+1","Leap"],"picked":"SKIP","floor":29},{"not_picked":["Reprogram","Turbo","Defragment"],"picked":"Undo","floor":31},{"not_picked":["Hyperbeam","Reboot","Fission"],"picked":"Echo Form","floor":33},{"not_picked":["Compile Driver+1","Coolheaded","Chaos","Steam+1"],"picked":"SKIP","floor":35},{"not_picked":["BootSequence","Hello World","Go for the Eyes"],"picked":"Recycle+1","floor":36},{"not_picked":["Barrage","Sweeping Beam","Steam Power"],"picked":"Seek","floor":40},{"not_picked":["Aggregate","Steam+1","Barrage+1","Leap"],"picked":"SKIP","floor":41},{"not_picked":["Skim+1","Chaos","Double Energy+1","Steam Power"],"picked":"SKIP","floor":48},{"not_picked":["Coolheaded","Leap","Gash","Redo"],"picked":"SKIP","floor":54}],"player_experience":2262861,"relics_obtained":[{"floor":6.0,"key":"Darkstone Periapt"},{"floor":9.0,"key":"Dream Catcher"},{"floor":11,"key":"Question Card"},{"floor":14,"key":"The Courier"},{"floor":24,"key":"Gremlin Horn"},{"floor":26,"key":"Tiny Chest"},{"floor":27,"key":"Juzu Bracelet"},{"floor":31,"key":"Ornamental Fan"},{"floor":37,"key":"Torii"},{"floor":40,"key":"Orichalcum"},{"floor":44,"key":"Bird Faced Urn"},{"floor":46,"key":"Shuriken"},{"floor":54,"key":"Anchor"}],"event_choices":[{"damage_healed":0.0,"max_hp_gain":0.0,"max_hp_loss":0.0,"gold_gain":0.0,"event_name":"Shining Light","player_choice":"Entered Light","floor":2.0,"gold_loss":0.0,"damage_taken":21.0,"cards_upgraded":["Defend_B","Sweeping Beam"]},{"damage_healed":0.0,"max_hp_gain":0.0,"max_hp_loss":0.0,"gold_gain":150.0,"event_name":"Liars Game","player_choice":"AGREE","floor":5.0,"gold_loss":0.0,"damage_taken":0.0,"cards_obtained":["Doubt"]},{"damage_healed":0,"gold_gain":0,"player_choice":"Shed Blood","damage_taken":25,"max_hp_gain":5,"max_hp_loss":0,"event_name":"Forgotten Altar","floor":20,"gold_loss":0},{"cards_removed":["Strike_B"],"damage_healed":0,"gold_gain":0,"player_choice":"Elegance","damage_taken":0,"max_hp_gain":0,"max_hp_loss":0,"event_name":"Back to Basics","floor":23,"gold_loss":0},{"damage_healed":0,"gold_gain":0,"player_choice":"Got Potions","damage_taken":0,"max_hp_gain":0,"max_hp_loss":0,"event_name":"Lab","floor":28,"gold_loss":0},{"damage_healed":0,"gold_gain":0,"player_choice":"Fight","damage_taken":0,"max_hp_gain":0,"max_hp_loss":0,"event_name":"Mysterious Sphere","floor":37,"gold_loss":0},{"damage_healed":0,"gold_gain":0,"player_choice":"Ignored","damage_taken":0,"max_hp_gain":0,"max_hp_loss":0,"event_name":"Tomb of Lord Red Mask","floor":38,"gold_loss":0},{"damage_healed":0,"gold_gain":0,"player_choice":"Memory 3","damage_taken":10,"max_hp_gain":0,"max_hp_loss":0,"event_name":"SensoryStone","floor":39,"gold_loss":0},{"damage_healed":0,"gold_gain":0,"player_choice":"Fight","damage_taken":0,"max_hp_gain":0,"max_hp_loss":0,"event_name":"MindBloom","floor":44,"gold_loss":0},{"damage_healed":0,"gold_gain":0,"player_choice":"Max HP","damage_taken":0,"max_hp_gain":0,"max_hp_loss":4,"event_name":"Winding Halls","floor":45,"gold_loss":0}],"is_beta":false,"boss_relics":[{"not_picked":["Cursed Key","FrozenCore"],"picked":"Snecko Eye"},{"not_picked":["Calling Bell","Lizard Tail"],"picked":"Empty Cage"}],"items_purged_floors":[4,7],"is_endless":false,"potions_floor_spawned":[6,10,12,18,22,27,29,33,37,41,44,48],"ascension_level":16}