{"path_per_floor":["M","M","M","M","M","R","M","M","T","E","R","?","R","$","R","B",null,"M","?","?","?","M","R","E","M","T","?","E","M","R","$","R","B",null,"M","$","M","$","M","M","M","?","T"],"character_chosen":"IRONCLAD","items_purchased":["Apotheosis","Toxic Egg 2","Blind","Mummified Hand"],"gold_per_floor":[113,125,139,157,177,177,194,210,257,286,286,286,286,73,73,202,202,216,216,416,416,431,431,472,491,542,467,502,516,516,154,154,280,280,299,299,318,76,96,120,141,474,474,474],"floor_reached":44,"campfire_rested":1,"playtime":1288,"current_hp_per_floor":[73,79,78,44,35,35,41,47,47,52,52,52,52,52,52,33,80,80,80,80,80,82,82,66,53,53,53,43,44,70,70,70,57,88,56,56,58,58,54,43,28,28,28,0],"items_purged":[],"gold":474,"score":477,"play_id":"afacc102-1cc1-4439-9e3f-6adaf0f56d28","local_time":"20180414003820","is_prod":false,"is_daily":false,"chose_seed":false,"is_ascension_mode":false,"campfire_upgraded":6,"timestamp":1523633900,"path_taken":["M","M","M","M","M","R","M","M","T","E","R","?","R","?","R","BOSS","M","?","?","?","M","R","E","?","T","?","E","M","R","$","R","BOSS","M","$","M","$","M","M","M","?","T","M"],"build_version":"2018-04-12","seed_source_timestamp":186346033043228,"purchased_purges":0,"victory":false,"master_deck":["Strike_R","Strike_R","Strike_R","Strike_R","Strike_R","Defend_R","Defend_R","Bash","Flame Barrier","Perfected Strike+1","Twin Strike","Corruption+1","Perfected Strike+1","Perfected Strike+1","Pommel Strike","Apotheosis+1","Double Tap","Body Slam+1","Spot Weakness+1","Blind+1","Exhume+1","Battle Trance+1","Burning Pact+1","Flex+1"],"max_hp_per_floor":[80,80,80,80,80,80,80,80,80,80,80,80,80,80,80,80,80,80,80,80,80,82,82,82,84,84,84,86,88,88,88,88,88,88,90,90,90,90,92,92,92,92,92,92],"relics":["Burning Blood","Singing Bowl","Self Forming Clay","Mark of Pain","Ornamental Fan","Blood Vial","Omamori","Toxic Egg 2","Eternal Feather","Mummified Hand","Darkstone Periapt"],"card_choices":[{"not_picked":["Havoc","Armaments"],"picked":"Perfected Strike","floor":1.0},{"not_picked":["Shockwave","Reckless Charge"],"picked":"Twin Strike","floor":2.0},{"not_picked":["Entrench","Clash"],"picked":"Corruption","floor":4.0},{"not_picked":["Clash","Pummel"],"picked":"Perfected Strike","floor":5.0},{"not_picked":["Feel No Pain","Reckless Charge"],"picked":"Perfected Strike","floor":8.0},{"not_picked":["Sentinel","Ghostly Armor"],"picked":"Pommel Strike","floor":10.0},{"not_picked":["Feed","Exhume"],"picked":"Double Tap","floor":16.0},{"not_picked":["Havoc","Clothesline"],"picked":"Body Slam","floor":18.0},{"not_picked":["Headbutt","Rupture"],"picked":"Spot Weakness","floor":24},{"not_picked":["Fiend Fire","Barricade"],"picked":"Exhume","floor":33},{"not_picked":["Anger","Armaments"],"picked":"Battle Trance","floor":37},{"not_picked":["Sword Boomerang","Anger"],"picked":"Burning Pact","floor":40},{"not_picked":["Fire Breathing","Headbutt"],"picked":"Flex","floor":41}],"player_experience":123407,"potions_floor_usage":[33,44,44],"damage_taken":[{"damage":13.0,"enemies":"Jaw Worm","floor":1.0,"turns":4.0},{"damage":0.0,"enemies":"2 Louse","floor":2.0,"turns":2.0},{"damage":7.0,"enemies":"Small Slimes","floor":3.0,"turns":3.0},{"damage":40.0,"enemies":"Exordium Thugs","floor":4.0,"turns":4.0},{"damage":15.0,"enemies":"2 Fungi Beasts","floor":5.0,"turns":3.0},{"damage":0.0,"enemies":"3 Louse","floor":7.0,"turns":4.0},{"damage":0.0,"enemies":"Red Slaver","floor":8.0,"turns":3.0},{"damage":1.0,"enemies":"Lagavulin","floor":10.0,"turns":4.0},{"damage":25.0,"enemies":"The Guardian","floor":16.0,"turns":7.0},{"damage":0.0,"enemies":"3 Byrds","floor":18.0,"turns":1.0},{"damage":2.0,"enemies":"Spheric Guardian","floor":22.0,"turns":3.0},{"damage":22,"enemies":"Gremlin Leader","floor":24,"turns":4},{"damage":21,"enemies":"Snake Plant","floor":25,"turns":2},{"damage":20,"enemies":"Book of Stabbing","floor":28,"turns":3},{"damage":9,"enemies":"3 Cultists","floor":29,"turns":5},{"damage":21,"enemies":"Champ","floor":33,"turns":5},{"damage":40,"enemies":"3 Darklings","floor":35,"turns":5},{"damage":6,"enemies":"Orb Walker","floor":37,"turns":2},{"damage":14,"enemies":"Sphere and 2 Shapes","floor":39,"turns":4},{"damage":19,"enemies":"3 Darklings","floor":40,"turns":5},{"damage":23,"enemies":"4 Shapes","floor":41,"turns":6},{"damage":36,"enemies":"Maw","floor":44,"turns":4}],"event_choices":[{"event_name":"Golden Idol","player_choice":"Take Wound","floor":12.0,"damage_taken":0.0},{"event_name":"The Lab","player_choice":"Got Potions","floor":19.0,"damage_taken":0.0},{"event_name":"The Joust","player_choice":"Bet on Owner","floor":20.0,"damage_taken":0.0},{"event_name":"Fountain of Cleansing","player_choice":"Removed Curse","floor":21.0,"damage_taken":0.0},{"event_name":"Beggar","player_choice":"Gave Gold","floor":27,"damage_taken":0},{"event_name":"The Moai Head","player_choice":"Gave Idol","floor":42,"damage_taken":0}],"boss_relics":[{"not_picked":["Runic Pyramid","Philosopher\u0027s Stone"],"picked":"Eternal Feather"}],"potions_floor_spawned":[2,3,7,16,18,24,29,33,35,37,41],"seed_played":"5107168195846438006","killed_by":"Maw","ascension_level":0,"is_trial":false}