{"gold_per_floor":[113,38,38,52,66,95,107,149,216,228,240,9,38,55,55,133,133,111,121,148,148,168,168,131,145,169,194,206,106,106,119,119,192,192,206,216,1,14,14,14,34,34,34,34,34,34,34,49,49,49],"floor_reached":51,"playtime":1724,"items_purged":["Strike_R","Blood for Blood+1","Flex+1"],"score":1361,"play_id":"92aba048-31ef-4bc6-8a9a-0535cab57d59","local_time":"20190406151530","is_ascension_mode":true,"campfire_choices":[{"data":"Bash","floor":7,"key":"SMITH"},{"data":"Sword Boomerang","floor":10,"key":"SMITH"},{"floor":15,"key":"REST"},{"data":"Corruption","floor":23,"key":"SMITH"},{"floor":30,"key":"REST"},{"floor":32,"key":"REST"},{"data":"Body Slam","floor":40,"key":"SMITH"},{"data":"Barricade","floor":42,"key":"SMITH"},{"floor":44,"key":"REST"},{"floor":49,"key":"REST"}],"neow_cost":"NONE","seed_source_timestamp":79728760107708,"circlet_count":0,"master_deck":["AscendersBane","Defend_R","Defend_R","Defend_R","Defend_R","Bash+1","Flame Barrier","Disarm","Heavy Blade","Sword Boomerang+1","Twin Strike","Shockwave","Evolve","Barricade+1","Corruption+1","Spot Weakness","Feel No Pain","Entrench","Power Through","Shrug It Off","Impervious","Shrug It Off+1","Feel No Pain","Body Slam+1","Havoc+1","Flame Barrier+1","Apotheosis","Shrug It Off+1"],"relics":["Burning Blood","Blood Vial","MawBank","Ancient Tea Set","Tiny Chest","Dream Catcher","Red Skull","Letter Opener","Astrolabe","Happy Flower","Bronze Scales","Orichalcum","Art of War","Sozu","Bottled Lightning"],"potions_floor_usage":[8,13,13,16,18,22,33,33],"damage_taken":[{"damage":3,"enemies":"2 Louse","floor":1,"turns":3},{"damage":0,"enemies":"Jaw Worm","floor":4,"turns":6},{"damage":4,"enemies":"Cultist","floor":5,"turns":5},{"damage":65,"enemies":"3 Sentries","floor":6,"turns":15},{"damage":10,"enemies":"Gremlin Nob","floor":8,"turns":3},{"damage":9,"enemies":"Lagavulin","floor":13,"turns":7},{"damage":12,"enemies":"Exordium Wildlife","floor":14,"turns":3},{"damage":0,"enemies":"Slime Boss","floor":16,"turns":3},{"damage":27,"enemies":"2 Thieves","floor":18,"turns":4},{"damage":16,"enemies":"Shell Parasite","floor":19,"turns":5},{"damage":34,"enemies":"3 Cultists","floor":22,"turns":5},{"damage":15,"enemies":"Centurion and Healer","floor":25,"turns":4},{"damage":10,"enemies":"Cultist and Chosen","floor":28,"turns":5},{"damage":17,"enemies":"Shelled Parasite and Fungi","floor":31,"turns":3},{"damage":1,"enemies":"Automaton","floor":33,"turns":6},{"damage":6,"enemies":"Orb Walker","floor":35,"turns":5},{"damage":4,"enemies":"3 Shapes","floor":36,"turns":8},{"damage":53,"enemies":"Jaw Worm Horde","floor":38,"turns":6},{"damage":9,"enemies":"Transient","floor":41,"turns":6},{"damage":16,"enemies":"Maw","floor":48,"turns":7},{"damage":31,"enemies":"Awakened One","floor":50,"turns":10}],"seed_played":"-40734740789715703","potions_obtained":[{"floor":5,"key":"PowerPotion"},{"floor":8,"key":"EntropicBrew"},{"floor":14,"key":"Strength Potion"},{"floor":16,"key":"Fruit Juice"},{"floor":18,"key":"Swift Potion"},{"floor":28,"key":"AttackPotion"},{"floor":31,"key":"PowerPotion"}],"is_trial":false,"path_per_floor":["M","?","$","M","M","E","R","E","T","R","T","$","E","M","R","B",null,"M","M","T","T","M","R","$","M","T","T","M","$","R","M","R","B",null,"M","M","$","M","$","R","M","R","T","R","?","?","$","M","R","B",null],"character_chosen":"IRONCLAD","items_purchased":["Red Skull","Feel No Pain","Feel No Pain"],"campfire_rested":5,"item_purchase_floors":[12,24,37],"current_hp_per_floor":[73,73,73,75,75,16,16,14,14,14,14,14,13,9,31,39,66,52,44,44,44,18,18,18,11,11,11,9,9,33,24,48,55,74,76,80,80,33,33,33,32,32,32,56,56,56,56,48,72,49],"gold":49,"neow_bonus":"RANDOM_COMMON_RELIC","is_prod":false,"is_daily":false,"chose_seed":false,"campfire_upgraded":5,"win_rate":0,"timestamp":1554538530,"path_taken":["M","?","$","M","M","E","R","E","T","R","?","$","E","M","R","BOSS","M","M","?","?","M","R","?","?","T","?","M","$","R","M","R","BOSS","M","M","$","M","$","R","M","R","T","R","?","?","?","M","R","BOSS"],"build_version":"2019-01-23","purchased_purges":3,"victory":true,"max_hp_per_floor":[75,75,75,75,75,75,75,75,75,75,75,75,75,75,75,75,75,80,80,80,80,80,80,80,80,80,80,80,80,80,80,80,80,80,80,80,80,80,80,80,80,80,80,80,80,80,80,80,80,80],"card_choices":[{"not_picked":["Cleave","Warcry"],"picked":"Flame Barrier","floor":1},{"not_picked":["Power Through","Havoc"],"picked":"Disarm","floor":4},{"not_picked":["Bludgeon","Armaments"],"picked":"Heavy Blade","floor":5},{"not_picked":["Fire Breathing","Clash"],"picked":"Sword Boomerang","floor":6},{"not_picked":["Warcry","Blood for Blood"],"picked":"Twin Strike","floor":8},{"not_picked":["Uppercut","Thunderclap"],"picked":"Shockwave","floor":13},{"not_picked":["Thunderclap","Headbutt","Perfected Strike"],"picked":"SKIP","floor":14},{"not_picked":["Flex","Dropkick"],"picked":"Evolve","floor":15},{"not_picked":["Exhume","Fiend Fire"],"picked":"Barricade","floor":16},{"not_picked":["Anger","Warcry"],"picked":"Corruption","floor":18},{"not_picked":["Battle Trance+1","Pummel"],"picked":"Spot Weakness","floor":19},{"not_picked":["Fire Breathing","Seeing Red","Sword Boomerang"],"picked":"SKIP","floor":22},{"not_picked":["Uppercut","Rage"],"picked":"Entrench","floor":25},{"not_picked":["Twin Strike","Disarm"],"picked":"Power Through","floor":28},{"not_picked":["Anger","Body Slam"],"picked":"Shrug It Off","floor":30},{"not_picked":["Disarm+1","Sword Boomerang","Seeing Red"],"picked":"SKIP","floor":31},{"not_picked":["Barricade","Exhume"],"picked":"Impervious","floor":33},{"not_picked":["Sever Soul","Clash","Heavy Blade"],"picked":"SKIP","floor":35},{"not_picked":["Evolve","Dual Wield+1"],"picked":"Shrug It Off+1","floor":36},{"not_picked":["Havoc","Carnage"],"picked":"Body Slam","floor":38},{"not_picked":["Pummel","Warcry"],"picked":"Havoc+1","floor":41},{"not_picked":["Havoc","Sever Soul"],"picked":"Flame Barrier+1","floor":44},{"not_picked":["Deep Breath","Metamorphosis"],"picked":"Apotheosis","floor":46},{"not_picked":["Dual Wield","Armaments"],"picked":"Shrug It Off+1","floor":48}],"player_experience":429141,"relics_obtained":[{"floor":6,"key":"MawBank"},{"floor":8,"key":"Ancient Tea Set"},{"floor":9,"key":"Tiny Chest"},{"floor":11,"key":"Dream Catcher"},{"floor":13,"key":"Letter Opener"},{"floor":20,"key":"Happy Flower"},{"floor":21,"key":"Bronze Scales"},{"floor":26,"key":"Orichalcum"},{"floor":27,"key":"Art of War"},{"floor":43,"key":"Bottled Lightning"}],"event_choices":[{"cards_removed":["Strike_R"],"damage_healed":0,"gold_gain":0,"player_choice":"Card Removal","damage_taken":0,"max_hp_gain":0,"max_hp_loss":0,"event_name":"The Cleric","floor":2,"gold_loss":75},{"cards_removed":["Juggernaut"],"damage_healed":0,"gold_gain":0,"player_choice":"Removed Power","damage_taken":0,"max_hp_gain":0,"max_hp_loss":0,"event_name":"Falling","floor":45,"gold_loss":0},{"damage_healed":0,"gold_gain":0,"player_choice":"Memory 1","damage_taken":0,"max_hp_gain":0,"max_hp_loss":0,"event_name":"SensoryStone","floor":46,"gold_loss":0}],"is_beta":false,"boss_relics":[{"not_picked":["Runic Pyramid","Fusion Hammer"],"picked":"Astrolabe"},{"not_picked":["Calling Bell","Runic Cube"],"picked":"Sozu"}],"items_purged_floors":[12,29,37],"is_endless":false,"potions_floor_spawned":[5,8,14,16,18,28,31,41],"ascension_level":18}