{"gold_per_floor":[110,185,185,204,224,224,224,239,293,233,252,252,109,119,119,220,220,237,237,251,201,201,7,7,22,45,60,88,106,118,128,128,233,233,252,264,310,329,23,23,38,69,69,395,395,408,26,42,42,171,171],"floor_reached":51,"playtime":2970,"items_purged":["Strike_B","Strike_B","Defend_B"],"score":798,"play_id":"6dfef498-74bd-4d47-b00b-cf4fac055cf6","local_time":"20180717010812","daily_mods":["Heirloom","Allstar","Time Dilation","Vintage"],"is_ascension_mode":false,"campfire_choices":[{"data":"Apotheosis","floor":6,"key":"SMITH"},{"data":"Defragment","floor":15,"key":"SMITH"},{"data":"Zap","floor":24,"key":"SMITH"},{"data":"Dualcast","floor":32,"key":"SMITH"},{"data":"Magnetism","floor":40,"key":"SMITH"},{"data":"Doom and Gloom","floor":45,"key":"SMITH"},{"data":"Buffer","floor":49,"key":"SMITH"}],"neow_cost":"","seed_source_timestamp":14353558441624,"circlet_count":0,"master_deck":["Zap+1","Dualcast+1","Apotheosis+1","Bandage Up","Magnetism+1","Blind","Finesse","Defragment+1","Seek+1","Doom and Gloom+1","BootSequence+1","Reboot+1","Conserve Battery+1","Ball Lightning+1","Gash+1","Gash+1","Beam Cell+1","Redo+1","Buffer+1","Meteor Strike+1","Undo+1","Turbo+1","Streamline+1","Ball Lightning+1"],"relics":["Cracked Core","Thread and Needle","DataDisk","The Courier","Question Card","Du-Vu Doll","Omamori","Whetstone","Boot","Orichalcum","Black Star","Bronze Scales","Pen Nib","Molten Egg 2","Turnip","Vajra","Anchor","Darkstone Periapt","Toxic Egg 2","Bag of Marbles","Ancient Tea Set","Shuriken","Smiling Mask","Nuclear Battery","Dream Catcher","Centennial Puzzle","Sundial","Bird Faced Urn","Bottled Tornado","Lantern","Potion Belt","Bag of Preparation","Gremlin Horn","Old Coin","Ginger","Blood Vial","Mummified Hand","Symbiotic Virus","Tiny Chest","Pandora\u0027s Box"],"potions_floor_usage":[16,20,25,28,50],"damage_taken":[{"damage":0,"enemies":"2 Louse","floor":1,"turns":2},{"damage":0,"enemies":"Jaw Worm","floor":4,"turns":3},{"damage":0,"enemies":"Small Slimes","floor":5,"turns":3},{"damage":0,"enemies":"Exordium Wildlife","floor":8,"turns":3},{"damage":0,"enemies":"Exordium Thugs","floor":11,"turns":3},{"damage":0,"enemies":"Lots of Slimes","floor":14,"turns":4},{"damage":17,"enemies":"Hexaghost","floor":16,"turns":9},{"damage":0,"enemies":"3 Byrds","floor":18,"turns":5},{"damage":0,"enemies":"Spheric Guardian","floor":20,"turns":3},{"damage":6,"enemies":"Slaver and Parasite","floor":25,"turns":5},{"damage":2,"enemies":"Centurion and Healer","floor":27,"turns":4},{"damage":11,"enemies":"Slavers","floor":28,"turns":3},{"damage":0,"enemies":"Cultist and Chosen","floor":29,"turns":4},{"damage":3,"enemies":"Chosen and Byrds","floor":30,"turns":5},{"damage":3,"enemies":"Centurion and Healer","floor":31,"turns":5},{"damage":51,"enemies":"Automaton","floor":33,"turns":9},{"damage":0,"enemies":"Flame Bruiser 1 Orb","floor":35,"turns":4},{"damage":0,"enemies":"Orb Walker","floor":36,"turns":3},{"damage":5,"floor":37,"turns":3},{"damage":7,"enemies":"Flame Bruiser 2 Orb","floor":38,"turns":4},{"damage":0,"enemies":"Maw","floor":41,"turns":4},{"damage":1,"enemies":"Nemesis","floor":42,"turns":3},{"damage":0,"enemies":"Giant Head","floor":44,"turns":6},{"damage":0,"enemies":"Transient","floor":46,"turns":5},{"damage":0,"enemies":"Sphere and 2 Shapes","floor":48,"turns":1},{"damage":5,"enemies":"Donu and Deca","floor":50,"turns":6}],"seed_played":"608142394555858612","potions_obtained":[{"floor":1,"key":"PowerPotion"},{"floor":8,"key":"Fire Potion"},{"floor":14,"key":"Fire Potion"},{"floor":16,"key":"SteroidPotion"},{"floor":27,"key":"Block Potion"},{"floor":28,"key":"SteroidPotion"},{"floor":29,"key":"SteroidPotion"},{"floor":42,"key":"SteroidPotion"},{"floor":44,"key":"Swift Potion"},{"floor":50,"key":"EssenceOfSteel"}],"is_trial":true,"path_per_floor":["M","?","?","M","M","R","?","M","T","$","M","?","$","M","R","B",null,"M","?","M","?","?","$","R","M","T","M","E","M","M","M","R","B",null,"M","M","?","M","$","R","M","E","T","E","R","M","$","M","R","B"],"character_chosen":"DEFECT","items_purchased":["Defragment","Molten Egg 2","Ball Lightning+1","Gash+1","Gash+1","Bottled Tornado","Mummified Hand","Buffer"],"campfire_rested":0,"item_purchase_floors":[13,23,39,39,39,39,47,47],"current_hp_per_floor":[75,64,69,69,75,75,75,80,80,80,80,80,80,80,80,73,80,80,80,80,80,80,80,80,80,80,80,75,80,77,77,77,32,80,80,80,75,74,74,74,80,80,80,80,80,80,80,80,80,75,80],"gold":171,"neow_bonus":"","is_prod":false,"is_daily":false,"chose_seed":false,"campfire_upgraded":7,"win_rate":0,"timestamp":1531757292,"path_taken":["M","?","?","M","M","R","?","M","T","$","?","?","$","M","R","BOSS","M","?","M","?","?","$","R","M","T","M","E","M","?","M","R","BOSS","M","M","?","M","$","R","M","E","T","E","R","M","$","M","R","BOSS"],"build_version":"2018-07-12","purchased_purges":3,"victory":false,"max_hp_per_floor":[75,75,80,80,80,80,80,80,80,80,80,80,80,80,80,80,80,80,80,80,80,80,80,80,80,80,80,80,80,80,80,80,80,80,80,80,80,80,80,80,80,80,80,80,80,80,80,80,80,80,80],"card_choices":[{"not_picked":["Meteor Strike","Multi-Cast","Buffer"],"picked":"Seek","floor":16},{"not_picked":["Skim","Scrape+1","Stack"],"picked":"BootSequence+1","floor":28},{"not_picked":["Fission+1","Machine Learning","Thunder Strike+1"],"picked":"Reboot+1","floor":33},{"not_picked":["Ball Lightning+1","Storm","Steam+1"],"picked":"Conserve Battery+1","floor":37},{"not_picked":["Sweeping Beam+1","Heatsinks","Doom and Gloom+1"],"picked":"Beam Cell+1","floor":42},{"not_picked":["Darkness+1","Multi-Cast+1","Leap+1"],"picked":"Redo+1","floor":44},{"not_picked":["Electrodynamics","Seek+1","Machine Learning"],"picked":"Meteor Strike+1","floor":50}],"player_experience":191586,"relics_obtained":[{"floor":1,"key":"DataDisk"},{"floor":4,"key":"The Courier"},{"floor":5,"key":"Question Card"},{"floor":8,"key":"Du-Vu Doll"},{"floor":9,"key":"Omamori"},{"floor":11,"key":"Whetstone"},{"floor":14,"key":"Boot"},{"floor":16,"key":"Orichalcum"},{"floor":18,"key":"Bronze Scales"},{"floor":20,"key":"Pen Nib"},{"floor":25,"key":"Turnip"},{"floor":26,"key":"Vajra"},{"floor":27,"key":"Anchor"},{"floor":28,"key":"Darkstone Periapt"},{"floor":28,"key":"Toxic Egg 2"},{"floor":29,"key":"Bag of Marbles"},{"floor":30,"key":"Ancient Tea Set"},{"floor":31,"key":"Shuriken"},{"floor":33,"key":"Smiling Mask"},{"floor":35,"key":"Dream Catcher"},{"floor":36,"key":"Centennial Puzzle"},{"floor":37,"key":"Sundial"},{"floor":38,"key":"Bird Faced Urn"},{"floor":41,"key":"Lantern"},{"floor":42,"key":"Potion Belt"},{"floor":42,"key":"Bag of Preparation"},{"floor":43,"key":"Gremlin Horn"},{"floor":44,"key":"Old Coin"},{"floor":44,"key":"Ginger"},{"floor":46,"key":"Blood Vial"},{"floor":48,"key":"Symbiotic Virus"},{"floor":50,"key":"Tiny Chest"}],"event_choices":[{"event_name":"World of Goop","player_choice":"Gather Gold","floor":2,"damage_taken":0},{"event_name":"Big Fish","player_choice":"Donut","floor":3,"damage_taken":0},{"event_name":"Liars Game","player_choice":"disagreed","floor":7,"damage_taken":0},{"event_name":"The Woman in Blue","player_choice":"Bought 0 Potions","floor":12,"damage_taken":0},{"event_name":"Accursed Blacksmith","player_choice":"Forge","floor":19,"damage_taken":0},{"event_name":"The Joust","player_choice":"Bet on Murderer","floor":21,"damage_taken":0},{"event_name":"Transmorgrifier","player_choice":"Transform","floor":22,"damage_taken":0},{"event_name":"Mysterious Sphere","player_choice":"Fight","floor":37,"damage_taken":0}],"boss_relics":[{"not_picked":["Ectoplasm","Runic Dome"],"picked":"Black Star"},{"not_picked":["Runic Pyramid","Velvet Choker"],"picked":"Nuclear Battery"},{"not_picked":["Eternal Feather","Astrolabe"],"picked":"Pandora\u0027s Box"}],"items_purged_floors":[10,13,47],"is_endless":true,"potions_floor_spawned":[1,8,14,16,27,28,29,31,33,35,42,44,46,48,50],"ascension_level":0}