{"gold_per_floor":[115,215,229,41,59,59,59,59,82,140,14,77,93,129,129,129],"floor_reached":16,"playtime":1220,"items_purged":["Strike_R"],"score":102,"play_id":"985819b6-6a81-4a04-926e-2699a2f62880","local_time":"20190115233518","is_ascension_mode":false,"campfire_choices":[{"data":"Armaments","floor":6,"key":"SMITH"},{"data":"Pommel Strike","floor":8,"key":"SMITH"},{"floor":15,"key":"REST"}],"neow_cost":"NONE","seed_source_timestamp":468514919357287,"circlet_count":0,"master_deck":["Strike_R","Strike_R","Strike_R","Strike_R+1","Defend_R","Defend_R","Defend_R+1","Defend_R+1","Bash","Sword Boomerang","Pommel Strike+1","HandOfGreed+1","Armaments+1","Battle Trance","Shrug It Off","Cleave","Perfected Strike","Dual Wield"],"relics":["Burning Blood","War Paint","Omamori","Gremlin Horn"],"potions_floor_usage":[10,16],"damage_taken":[{"damage":0,"enemies":"Cultist","floor":1,"turns":3},{"damage":4,"enemies":"Small Slimes","floor":3,"turns":4},{"damage":6,"enemies":"Jaw Worm","floor":5,"turns":2},{"damage":13,"enemies":"Gremlin Nob","floor":10,"turns":4},{"damage":6,"enemies":"Exordium Thugs","floor":12,"turns":4},{"damage":0,"enemies":"Lots of Slimes","floor":13,"turns":2},{"damage":7,"enemies":"Large Slime","floor":14,"turns":5},{"damage":81,"enemies":"Hexaghost","floor":16,"turns":10}],"seed_played":"-2118300839319305557","potions_obtained":[{"floor":5,"key":"PowerPotion"},{"floor":12,"key":"SteroidPotion"},{"floor":14,"key":"EssenceOfSteel"}],"is_trial":false,"path_per_floor":["M","?","M","$","M","R","?","R","T","E","$","M","M","M","R","B"],"character_chosen":"IRONCLAD","items_purchased":["HandOfGreed","Shrug It Off"],"campfire_rested":1,"item_purchase_floors":[4,11],"current_hp_per_floor":[80,80,80,80,80,80,64,64,64,57,57,57,63,62,80,0],"gold":129,"neow_bonus":"RANDOM_COMMON_RELIC","is_prod":false,"is_daily":false,"chose_seed":false,"campfire_upgraded":2,"win_rate":0.0,"timestamp":1547613318,"path_taken":["M","?","?","$","M","R","?","R","T","E","?","M","M","M","R","BOSS"],"build_version":"2019-01-10","purchased_purges":1,"victory":false,"max_hp_per_floor":[80,80,80,80,80,80,80,80,80,80,80,80,80,80,80,80],"card_choices":[{"not_picked":["Entrench","Battle Trance"],"picked":"Sword Boomerang","floor":1},{"not_picked":["Feel No Pain","Sever Soul"],"picked":"Pommel Strike","floor":3},{"not_picked":["Twin Strike","Thunderclap"],"picked":"Armaments","floor":5},{"not_picked":["Reckless Charge","Power Through"],"picked":"Battle Trance","floor":10},{"not_picked":["Heavy Blade","Clash"],"picked":"Cleave","floor":12},{"not_picked":["Clash","Fiend Fire"],"picked":"Perfected Strike","floor":13},{"not_picked":["Sword Boomerang","Feel No Pain"],"picked":"Dual Wield","floor":14}],"player_experience":51641,"relics_obtained":[{"floor":9,"key":"Omamori"},{"floor":10,"key":"Gremlin Horn"}],"event_choices":[{"damage_healed":0,"gold_gain":100,"player_choice":"Pray","damage_taken":0,"max_hp_gain":0,"max_hp_loss":0,"event_name":"Golden Shrine","floor":2,"gold_loss":0},{"damage_healed":0,"gold_gain":0,"player_choice":"Entered Light","damage_taken":16,"max_hp_gain":0,"max_hp_loss":0,"event_name":"Shining Light","floor":7,"gold_loss":0,"cards_upgraded":["Strike_R","HandOfGreed"]}],"is_beta":false,"boss_relics":[],"items_purged_floors":[11],"is_endless":false,"potions_floor_spawned":[5,12,14],"killed_by":"Hexaghost","ascension_level":0}