{"gold_per_floor":[116,116,116,1,21,55,55,75,100,123,7,30,30,0,0,0],"floor_reached":16,"playtime":526,"items_purged":["Strike_B"],"score":238,"play_id":"7f76c393-49f8-4a6b-95cb-e5314e7bdde7","local_time":"20190525090423","is_ascension_mode":true,"campfire_choices":[{"data":"Sunder","floor":7,"key":"SMITH"},{"data":"Machine Learning","floor":15,"key":"SMITH"}],"neow_cost":"NONE","seed_source_timestamp":175995063201497,"circlet_count":0,"master_deck":["AscendersBane","Strike_B","Strike_B","Strike_B","Defend_B+1","Defend_B","Defend_B","Defend_B","Zap","Dualcast","Sunder+1","Reinforced Body","Genetic Algorithm","Hologram","BootSequence","Machine Learning+1","Ball Lightning","Self Repair+1"],"relics":["Cracked Core","NeowsBlessing","Golden Idol","Pen Nib","Ancient Tea Set"],"potions_floor_usage":[12,16],"damage_taken":[{"damage":0,"enemies":"Jaw Worm","floor":1,"turns":1},{"damage":0,"enemies":"2 Louse","floor":5,"turns":1},{"damage":0,"enemies":"Gremlin Nob","floor":6,"turns":1},{"damage":0,"enemies":"Cultist","floor":8,"turns":2},{"damage":0,"enemies":"Blue Slaver","floor":10,"turns":3},{"damage":7,"enemies":"3 Louse","floor":12,"turns":4},{"damage":56,"enemies":"Slime Boss","floor":16,"turns":6}],"seed_played":"6449259218477817440","potions_obtained":[{"floor":1,"key":"Swift Potion"},{"floor":6,"key":"EssenceOfSteel"}],"is_trial":false,"path_per_floor":["M","?","?","$","M","E","R","M","T","M","$","M","?","?","R","B"],"character_chosen":"DEFECT","items_purchased":["Reinforced Body","Genetic Algorithm","Self Repair"],"campfire_rested":0,"item_purchase_floors":[4,4,11],"current_hp_per_floor":[64,64,64,64,64,64,64,64,64,64,64,64,45,45,45,0],"gold":0,"neow_bonus":"THREE_ENEMY_KILL","is_prod":false,"is_daily":false,"chose_seed":false,"campfire_upgraded":2,"win_rate":0,"timestamp":1558800263,"path_taken":["M","?","?","?","?","E","R","M","T","M","$","M","?","?","R","BOSS"],"build_version":"2019-01-23","purchased_purges":1,"victory":false,"max_hp_per_floor":[71,64,64,64,64,64,64,64,64,64,64,64,64,64,64,64],"card_choices":[{"not_picked":["Turbo","Leap"],"picked":"Sunder","floor":1},{"not_picked":["Conserve Battery","Tempest"],"picked":"Hologram","floor":5},{"not_picked":["Scrape","Static Discharge"],"picked":"BootSequence","floor":6},{"not_picked":["Compile Driver","Aggregate"],"picked":"Machine Learning","floor":8},{"not_picked":["Conserve Battery","Steam Power"],"picked":"Ball Lightning","floor":10},{"not_picked":["Heatsinks","Leap","Compile Driver"],"picked":"SKIP","floor":12}],"player_experience":743736,"relics_obtained":[{"floor":6,"key":"Pen Nib"},{"floor":9,"key":"Ancient Tea Set"}],"event_choices":[{"damage_healed":0,"gold_gain":0,"player_choice":"Lose Max HP","damage_taken":0,"relics_obtained":["Golden Idol"],"max_hp_gain":0,"max_hp_loss":7,"event_name":"Golden Idol","floor":2,"gold_loss":0},{"damage_healed":0,"gold_gain":0,"player_choice":"Ignored","damage_taken":0,"max_hp_gain":0,"max_hp_loss":0,"event_name":"Liars Game","floor":3,"gold_loss":0},{"damage_healed":0,"gold_gain":0,"player_choice":"Entered Light","damage_taken":19,"max_hp_gain":0,"max_hp_loss":0,"event_name":"Shining Light","floor":13,"gold_loss":0,"cards_upgraded":["Defend_B","Self Repair"]},{"damage_healed":0,"gold_gain":0,"player_choice":"Left Gold","damage_taken":0,"max_hp_gain":0,"max_hp_loss":0,"event_name":"World of Goop","floor":14,"gold_loss":30}],"is_beta":false,"boss_relics":[],"items_purged_floors":[11],"is_endless":false,"potions_floor_spawned":[1,6,8],"killed_by":"Slime Boss","ascension_level":18}