{"gold_per_floor":[110,130,130,145,145,145,210,210,210,222,273,286,286,297,297,397,397,414,105,105,123,139,139,157,174,174,199,219,250,58,58,58,161,161,177,190,412,412,412,412,426,436,488,516,528,528,547,573,573,573],"floor_reached":51,"playtime":3463,"items_purged":["Defend_B"],"score":796,"play_id":"ada02e8e-e2d8-4bdd-b215-a4398f382372","local_time":"20190423140157","is_ascension_mode":false,"campfire_choices":[{"data":"Redo","floor":6,"key":"SMITH"},{"floor":8,"key":"REST"},{"data":"Scrape","floor":13,"key":"SMITH"},{"floor":15,"key":"REST"},{"data":"Seek","floor":23,"key":"SMITH"},{"data":"Redo","floor":32,"key":"SMITH"},{"data":"Zap","floor":40,"key":"SMITH"},{"data":"Steam","floor":46,"key":"SMITH"},{"floor":49,"key":"REST"}],"neow_cost":"TEN_PERCENT_HP_LOSS","seed_source_timestamp":970232151246160,"circlet_count":0,"master_deck":["Strike_B","Strike_B+1","Strike_B","Strike_B","Zap+1","All For One","Scrape+1","Gash+1","Redo+1","Melter","Steam+1","Gash","Seek+1","PanicButton","Gash","Go for the Eyes","Redo+1","Self Repair+1","Scrape+1","Redo+1","Gash","All For One","Scrape+1","Go for the Eyes+1","Double Energy+1"],"relics":["Cracked Core","Oddly Smooth Stone","Du-Vu Doll","Blood Vial","Philosopher\u0027s Stone","Bag of Preparation","Frozen Egg 2","Red Mask","Kunai","Toy Ornithopter","Lizard Tail","Ancient Tea Set","Boot","Dodecahedron"],"potions_floor_usage":[22,22,29,33,33,45,50,50,50],"damage_taken":[{"damage":6,"enemies":"Cultist","floor":1,"turns":3},{"damage":1,"enemies":"Jaw Worm","floor":2,"turns":3},{"damage":0,"enemies":"Small Slimes","floor":4,"turns":3},{"damage":6,"enemies":"Gremlin Nob","floor":7,"turns":3},{"damage":10,"enemies":"Looter","floor":10,"turns":2},{"damage":0,"enemies":"Blue Slaver","floor":12,"turns":2},{"damage":10,"enemies":"Exordium Thugs","floor":14,"turns":3},{"damage":35,"enemies":"The Guardian","floor":16,"turns":7},{"damage":0,"enemies":"Chosen","floor":18,"turns":3},{"damage":1,"enemies":"Shell Parasite","floor":21,"turns":3},{"damage":0,"enemies":"Centurion and Healer","floor":22,"turns":3},{"damage":12,"enemies":"Snake Plant","floor":24,"turns":3},{"damage":7,"enemies":"3 Cultists","floor":25,"turns":4},{"damage":0,"enemies":"Masked Bandits","floor":27,"turns":3},{"damage":0,"enemies":"Chosen and Byrds","floor":28,"turns":3},{"damage":3,"enemies":"Book of Stabbing","floor":29,"turns":3},{"damage":40,"enemies":"Automaton","floor":33,"turns":6},{"damage":15,"enemies":"3 Shapes","floor":35,"turns":2},{"damage":0,"enemies":"Orb Walker","floor":36,"turns":1},{"damage":18,"enemies":"Writhing Mass","floor":41,"turns":3},{"damage":0,"enemies":"Transient","floor":42,"turns":5},{"damage":10,"enemies":"Giant Head","floor":44,"turns":3},{"damage":0,"enemies":"Jaw Worm Horde","floor":45,"turns":3},{"damage":9,"enemies":"3 Darklings","floor":47,"turns":3},{"damage":0,"enemies":"Reptomancer","floor":48,"turns":2},{"damage":70,"enemies":"Time Eater","floor":50,"turns":6}],"seed_played":"7500507121692941445","potions_obtained":[{"floor":1,"key":"AttackPotion"},{"floor":7,"key":"LiquidBronze"},{"floor":16,"key":"Swift Potion"},{"floor":21,"key":"Explosive Potion"},{"floor":22,"key":"SkillPotion"},{"floor":24,"key":"FearPotion"},{"floor":33,"key":"LiquidBronze"},{"floor":35,"key":"SkillPotion"},{"floor":36,"key":"LiquidBronze"},{"floor":47,"key":"SkillPotion"}],"is_trial":false,"path_per_floor":["M","M","?","M","?","R","?","R","T","M","T","M","R","M","R","B",null,"M","$","?","M","M","R","M","M","T","?","M","E","$","?","R","B",null,"M","M","?","?","?","R","M","M","T","E","M","R","M","E","R","B",null],"character_chosen":"DEFECT","items_purchased":["Bag of Preparation","PanicButton","Toy Ornithopter"],"campfire_rested":3,"item_purchase_floors":[19,19,30],"current_hp_per_floor":[62,61,47,47,40,40,34,54,54,44,44,46,46,38,58,25,68,68,68,68,67,68,68,56,51,51,53,65,68,68,68,68,33,68,63,65,65,65,65,65,49,51,51,43,60,60,53,55,68,13],"gold":573,"neow_bonus":"THREE_RARE_CARDS","is_prod":false,"is_daily":false,"chose_seed":false,"campfire_upgraded":6,"win_rate":0.0,"timestamp":1556053317,"path_taken":["M","?","?","M","?","R","?","R","T","M","?","M","R","?","R","BOSS","M","$","?","M","M","R","?","M","T","?","M","E","$","?","R","BOSS","M","M","?","?","?","R","?","M","T","E","M","R","M","E","R","BOSS"],"build_version":"2019-01-23","purchased_purges":1,"victory":true,"max_hp_per_floor":[68,68,68,68,68,68,68,68,68,68,68,68,68,68,68,68,68,68,68,68,68,68,68,68,68,68,68,68,68,68,68,68,68,68,68,68,68,68,68,68,68,68,68,68,68,68,68,68,68,68],"card_choices":[{"not_picked":["Fission","Rainbow"],"picked":"All For One","floor":0},{"not_picked":["Aggregate","Streamline"],"picked":"Scrape","floor":1},{"not_picked":["Compile Driver","Steam"],"picked":"Gash","floor":2},{"not_picked":["Leap","Coolheaded"],"picked":"Redo","floor":4},{"not_picked":["Force Field","Streamline"],"picked":"Melter","floor":10},{"not_picked":["Rainbow","Compile Driver"],"picked":"Steam","floor":12},{"not_picked":["Rebound","Redo"],"picked":"Gash","floor":14},{"not_picked":["Amplify","Thunder Strike"],"picked":"Seek","floor":16},{"not_picked":["Skim","Stack","Sweeping Beam"],"picked":"SKIP","floor":18},{"not_picked":["Conserve Battery","Recycle+1"],"picked":"Gash","floor":21},{"not_picked":["Turbo+1","Sunder"],"picked":"Go for the Eyes","floor":22},{"not_picked":["Sunder+1","Cold Snap","Ball Lightning+1"],"picked":"SKIP","floor":24},{"not_picked":["Conserve Battery","Lockon+1"],"picked":"Redo","floor":25},{"not_picked":["Go for the Eyes","Electrodynamics+1"],"picked":"Self Repair+1","floor":27},{"not_picked":["Cold Snap","Sweeping Beam"],"picked":"Scrape+1","floor":28},{"not_picked":["Leap","Hello World+1"],"picked":"Redo+1","floor":29},{"not_picked":["Multi-Cast","Meteor Strike"],"picked":"All For One","floor":33},{"not_picked":["Steam","Darkness+1"],"picked":"Scrape+1","floor":35},{"not_picked":["Leap+1","Compile Driver+1"],"picked":"Go for the Eyes+1","floor":36},{"not_picked":["Compile Driver","Sweeping Beam+1","Genetic Algorithm+1"],"picked":"SKIP","floor":41},{"not_picked":["Doom and Gloom+1","Heatsinks+1","Leap"],"picked":"SKIP","floor":42},{"not_picked":["Melter","Darkness+1","Conserve Battery+1"],"picked":"SKIP","floor":44},{"not_picked":["Conserve Battery","Cold Snap+1","Skim+1"],"picked":"SKIP","floor":45},{"not_picked":["Reboot","Recycle","Conserve Battery"],"picked":"SKIP","floor":47},{"not_picked":["Steam Power","Genetic Algorithm+1"],"picked":"Double Energy+1","floor":48}],"player_experience":61355,"relics_obtained":[{"floor":7,"key":"Oddly Smooth Stone"},{"floor":9,"key":"Du-Vu Doll"},{"floor":11,"key":"Blood Vial"},{"floor":26,"key":"Frozen Egg 2"},{"floor":27,"key":"Red Mask"},{"floor":29,"key":"Kunai"},{"floor":43,"key":"Ancient Tea Set"},{"floor":44,"key":"Boot"},{"floor":48,"key":"Dodecahedron"}],"event_choices":[{"damage_healed":0,"gold_gain":0,"player_choice":"Entered Light","damage_taken":14,"max_hp_gain":0,"max_hp_loss":0,"event_name":"Shining Light","floor":3,"gold_loss":0,"cards_upgraded":["Strike_B","Gash"]},{"cards_removed":["Defend_B"],"damage_healed":0,"gold_gain":0,"player_choice":"Card Removal","damage_taken":7,"max_hp_gain":0,"max_hp_loss":0,"event_name":"Golden Wing","floor":5,"gold_loss":0},{"damage_healed":0,"gold_gain":0,"player_choice":"Searched \u00272\u0027 times","damage_taken":0,"max_hp_gain":0,"max_hp_loss":0,"event_name":"Dead Adventurer","floor":7,"gold_loss":0},{"cards_removed":["Defend_B"],"damage_healed":0,"gold_gain":0,"player_choice":"Purged","damage_taken":0,"max_hp_gain":0,"max_hp_loss":0,"event_name":"Purifier","floor":20,"gold_loss":0},{"damage_healed":0,"gold_gain":0,"player_choice":"Fought Bandits","damage_taken":0,"max_hp_gain":0,"max_hp_loss":0,"event_name":"Masked Bandits","floor":27,"gold_loss":0},{"damage_healed":0,"gold_gain":0,"player_choice":"Read","damage_taken":0,"max_hp_gain":0,"max_hp_loss":0,"event_name":"The Library","floor":31,"gold_loss":0,"cards_obtained":["Gash"]},{"damage_healed":0,"gold_gain":222,"player_choice":"Wore Mask","damage_taken":0,"max_hp_gain":0,"max_hp_loss":0,"event_name":"Tomb of Lord Red Mask","floor":37,"gold_loss":0},{"cards_removed":["Dualcast"],"damage_healed":0,"gold_gain":0,"player_choice":"Removed Skill","damage_taken":0,"max_hp_gain":0,"max_hp_loss":0,"event_name":"Falling","floor":38,"gold_loss":0},{"cards_removed":["Defend_B"],"damage_healed":0,"gold_gain":0,"player_choice":"Offered Basic","damage_taken":0,"max_hp_gain":0,"max_hp_loss":0,"event_name":"Bonfire Elementals","floor":39,"gold_loss":0}],"is_beta":false,"boss_relics":[{"not_picked":["Eternal Feather","Velvet Choker"],"picked":"Philosopher\u0027s Stone"},{"not_picked":["Astrolabe","Coffee Dripper"],"picked":"Lizard Tail"}],"items_purged_floors":[19],"is_endless":false,"potions_floor_spawned":[1,7,16,21,22,24,27,33,35,36,42,47],"ascension_level":0}