{"gold_per_floor":[117,137,49,49,49,49,49,49,49,49,73,73,97,113,113,209,209,228,8,8,27,27],"floor_reached":22,"playtime":1246,"items_purged":[],"score":327,"play_id":"96090ebd-8511-40f2-ad05-5d8188a41e9a","local_time":"20190527001133","is_ascension_mode":true,"campfire_choices":[{"data":"Zap","floor":6,"key":"SMITH"},{"data":"Sweeping Beam","floor":8,"key":"SMITH"},{"floor":10,"key":"REST"},{"data":"Coolheaded","floor":15,"key":"SMITH"}],"neow_cost":"NONE","seed_source_timestamp":182348998326383,"circlet_count":0,"master_deck":["AscendersBane","Strike_B","Defend_B","Defend_B","Defend_B","Defend_B","Zap+1","Dualcast","Sweeping Beam+1","Cold Snap","BootSequence","Coolheaded+1","Leap","Multi-Cast+1","Core Surge+1","Compile Driver+1","Steam+1"],"relics":["Nuclear Battery","Golden Idol","Strawberry","Ornamental Fan","Smiling Mask","Ancient Tea Set","Astrolabe","Lee\u0027s Waffle"],"potions_floor_usage":[14,16,16],"damage_taken":[{"damage":8,"enemies":"Cultist","floor":1,"turns":5},{"damage":0,"enemies":"2 Louse","floor":2,"turns":2},{"damage":1,"enemies":"Small Slimes","floor":13,"turns":4},{"damage":2,"enemies":"Looter","floor":14,"turns":4},{"damage":49,"enemies":"Hexaghost","floor":16,"turns":15},{"damage":14,"enemies":"3 Byrds","floor":18,"turns":4},{"damage":29,"enemies":"Chosen","floor":21,"turns":6},{"damage":45,"enemies":"Snecko","floor":22,"turns":5}],"seed_played":"5353146225200753765","potions_obtained":[{"floor":2,"key":"FearPotion"},{"floor":13,"key":"EntropicBrew"}],"is_trial":false,"path_per_floor":["M","M","$","?","?","R","$","R","T","R","T","?","M","M","R","B",null,"M","$","?","M","M"],"character_chosen":"DEFECT","items_purchased":["BootSequence","Lee\u0027s Waffle"],"campfire_rested":1,"item_purchase_floors":[3,19],"current_hp_per_floor":[56,56,56,56,37,37,37,37,37,58,58,58,57,55,55,6,55,41,78,69,40,0],"gold":27,"neow_bonus":"BOSS_RELIC","is_prod":false,"is_daily":false,"chose_seed":false,"campfire_upgraded":3,"win_rate":0,"timestamp":1558941093,"path_taken":["M","M","?","?","?","R","$","R","T","R","?","?","M","?","R","BOSS","M","$","?","M","M"],"build_version":"2019-01-23","purchased_purges":0,"victory":false,"max_hp_per_floor":[71,71,71,64,71,71,71,71,71,71,71,71,71,71,71,71,71,71,78,78,78,78],"card_choices":[{"not_picked":["Gash","Streamline"],"picked":"Sweeping Beam","floor":1},{"not_picked":["Redo","Barrage"],"picked":"Cold Snap","floor":2},{"not_picked":["Streamline","Stack"],"picked":"Coolheaded","floor":13},{"not_picked":["Stack","Aggregate"],"picked":"Leap","floor":14},{"not_picked":["Leap","Sweeping Beam","Cold Snap"],"picked":"SKIP","floor":18},{"not_picked":["Creative AI","Storm+1"],"picked":"Steam+1","floor":21}],"player_experience":749789,"relics_obtained":[{"floor":9,"key":"Ornamental Fan"},{"floor":11,"key":"Smiling Mask"}],"event_choices":[{"damage_healed":0,"gold_gain":0,"player_choice":"Lose Max HP","damage_taken":0,"relics_obtained":["Golden Idol"],"max_hp_gain":0,"max_hp_loss":7,"event_name":"Golden Idol","floor":4,"gold_loss":0},{"damage_healed":0,"gold_gain":0,"player_choice":"Success","damage_taken":26,"relics_obtained":["Strawberry"],"max_hp_gain":0,"max_hp_loss":0,"event_name":"Scrap Ooze","floor":5,"gold_loss":0},{"damage_healed":0,"gold_gain":0,"player_choice":"Gave Potion","damage_taken":0,"relics_obtained":["Ancient Tea Set"],"max_hp_gain":0,"max_hp_loss":0,"event_name":"WeMeetAgain","floor":12,"gold_loss":0},{"damage_healed":0,"gold_gain":0,"player_choice":"Stopped","damage_taken":9,"max_hp_gain":0,"max_hp_loss":0,"event_name":"Cursed Tome","floor":20,"gold_loss":0}],"is_beta":false,"boss_relics":[{"not_picked":["Velvet Choker","Fusion Hammer"],"picked":"Astrolabe"}],"items_purged_floors":[],"is_endless":false,"potions_floor_spawned":[2,13],"killed_by":"Snecko","ascension_level":18}