{"gold_per_floor":[110,222,249,261,348,389,420,447,459,471],"floor_reached":10,"playtime":313,"items_purged":[],"score":168,"play_id":"5aa342b1-7f39-4cb3-b015-16e6420e0b23","local_time":"20180728163141","daily_mods":["Heirloom","Insanity","Time Dilation","Vintage"],"is_ascension_mode":false,"campfire_choices":[],"neow_cost":"","seed_source_timestamp":0,"circlet_count":0,"master_deck":["Immolate","Warcry","Clothesline","Limit Break","Berserk","Whirlwind","Fire Breathing","Disarm","Warcry","Feed","Brutality","Brutality","Second Wind","Twin Strike","Dark Embrace+1","Rage","Flame Barrier","Perfected Strike","True Grit","Exhume","Barricade","Corruption","Demon Form","Anger","Limit Break","Flame Barrier","Perfected Strike","Fiend Fire","Shockwave","Uppercut","Dropkick","Warcry+1","Pommel Strike","Strike_R","Spot Weakness","Clash","Limit Break","Twin Strike","Carnage","Hemokinesis","Rupture","Corruption","Double Tap","Sever Soul","Sword Boomerang","Combust","Rupture","Wild Strike","Whirlwind","Evolve","Searing Blow"],"relics":["Burning Blood","Ice Cream","MawBank","Nunchaku","Letter Opener","Ancient Tea Set","Paper Frog","Bottled Flame"],"potions_floor_usage":[],"damage_taken":[{"damage":11,"enemies":"Jaw Worm","floor":1,"turns":3},{"damage":0,"enemies":"Cultist","floor":3,"turns":3},{"damage":20,"enemies":"Lagavulin","floor":6,"turns":5},{"damage":6,"enemies":"2 Louse","floor":7,"turns":3},{"damage":14,"enemies":"2 Fungi Beasts","floor":8,"turns":3},{"damage":19,"enemies":"Exordium Wildlife","floor":10,"turns":3}],"seed_played":"-1705225512171103096","potions_obtained":[{"floor":1,"key":"Weak Potion"},{"floor":3,"key":"AttackPotion"},{"floor":8,"key":"LiquidBronze"}],"is_trial":true,"path_per_floor":["M","?","M","?","?","E","M","M","T"],"character_chosen":"IRONCLAD","items_purchased":[],"campfire_rested":0,"item_purchase_floors":[],"current_hp_per_floor":[75,75,80,64,53,39,39,31,31,12],"gold":471,"neow_bonus":"","is_prod":false,"is_daily":false,"chose_seed":false,"campfire_upgraded":0,"win_rate":0,"timestamp":1532763101,"path_taken":["M","?","M","?","?","E","M","?","T","M"],"build_version":"2018-07-26","purchased_purges":0,"victory":false,"max_hp_per_floor":[80,80,80,80,80,80,80,80,80,80],"card_choices":[{"not_picked":["Shrug It Off","Bludgeon"],"picked":"Searing Blow","floor":6}],"player_experience":243462,"relics_obtained":[{"floor":1,"key":"MawBank"},{"floor":3,"key":"Nunchaku"},{"floor":6,"key":"Letter Opener"},{"floor":7,"key":"Ancient Tea Set"},{"floor":8,"key":"Paper Frog"},{"floor":9,"key":"Bottled Flame"}],"event_choices":[{"event_name":"Golden Shrine","player_choice":"Pray","floor":2,"damage_taken":0},{"event_name":"Shining Light","player_choice":"Entered Light","floor":4,"damage_taken":0},{"event_name":"World of Goop","player_choice":"Gather Gold","floor":5,"damage_taken":0}],"is_beta":false,"boss_relics":[],"items_purged_floors":[],"is_endless":true,"potions_floor_spawned":[1,3,8],"killed_by":"Exordium Wildlife","ascension_level":0}