{"gold_per_floor":[119,119,139,155,155,155,190,190,190,204,231,241,256,181,181,255,255,266,77,77,20,34,63,78,113,113,138,138,156,184,99,99,170,170,188,126,1,19,35,0,28,39,39,39,65,65,77,109,109,109,109,109,109,142,142],"floor_reached":56,"playtime":6815,"items_purged":["Strike_R","Strike_R","Strike_R+1"],"score":2365,"play_id":"0d2a9a49-597e-4895-82cc-95d86cb67cd1","local_time":"20190524181948","is_ascension_mode":true,"campfire_choices":[{"data":"Shockwave","floor":6.0,"key":"SMITH"},{"data":"Bludgeon","floor":15.0,"key":"SMITH"},{"data":"Demon Form","floor":32.0,"key":"SMITH"},{"floor":44.0,"key":"RECALL"},{"data":"Impervious","floor":46.0,"key":"SMITH"},{"data":"Feel No Pain","floor":49.0,"key":"SMITH"},{"data":"Second Wind","floor":52.0,"key":"SMITH"}],"neow_cost":"TEN_PERCENT_HP_LOSS","seed_source_timestamp":292846197726845,"circlet_count":0,"master_deck":["AscendersBane","Strike_R+1","Defend_R+1","Defend_R+1","Defend_R+1","Defend_R+1","Bash","Bludgeon+1","Shockwave+1","True Grit+1","Rampage","Headbutt","Headbutt","Demon Form+1","Feel No Pain+1","Flame Barrier+1","Carnage","Battle Trance","Barricade","Feel No Pain+1","Second Wind+1","Impervious+1","Clothesline+1"],"special_seed":0,"relics":["Burning Blood","Mummified Hand","Pantograph","Vajra","Dodecahedron","Snecko Eye","Regal Pillow","Art of War","Gremlin Horn","War Paint","Du-Vu Doll","Thread and Needle","Coffee Dripper","Pear","Red Mask","Orichalcum","Centennial Puzzle","Mango","Paper Frog"],"potions_floor_usage":[55],"damage_taken":[{"damage":4.0,"enemies":"Small Slimes","floor":1.0,"turns":2.0},{"damage":0.0,"enemies":"2 Louse","floor":3.0,"turns":4.0},{"damage":4.0,"enemies":"Jaw Worm","floor":4.0,"turns":3.0},{"damage":31.0,"enemies":"3 Sentries","floor":7.0,"turns":12.0},{"damage":11.0,"enemies":"2 Fungi Beasts","floor":10.0,"turns":4.0},{"damage":18.0,"enemies":"Lagavulin","floor":11.0,"turns":5.0},{"damage":4.0,"enemies":"Blue Slaver","floor":12.0,"turns":4.0},{"damage":2.0,"enemies":"Large Slime","floor":13.0,"turns":6.0},{"damage":16.0,"enemies":"Hexaghost","floor":16.0,"turns":6.0},{"damage":6.0,"enemies":"2 Thieves","floor":18.0,"turns":2.0},{"damage":0.0,"enemies":"Shell Parasite","floor":22.0,"turns":1.0},{"damage":15.0,"enemies":"Gremlin Leader","floor":23.0,"turns":5.0},{"damage":5.0,"enemies":"Snecko","floor":24.0,"turns":3.0},{"damage":27.0,"enemies":"Slavers","floor":25.0,"turns":4.0},{"damage":15.0,"enemies":"Book of Stabbing","floor":27.0,"turns":4.0},{"damage":4.0,"enemies":"Cultist and Chosen","floor":29.0,"turns":4.0},{"damage":18.0,"enemies":"Slavers","floor":30.0,"turns":4.0},{"damage":0.0,"enemies":"Champ","floor":33.0,"turns":8.0},{"damage":0.0,"enemies":"Orb Walker","floor":35.0,"turns":2.0},{"damage":0.0,"enemies":"3 Shapes","floor":38.0,"turns":3.0},{"damage":8.0,"enemies":"Sphere and 2 Shapes","floor":39.0,"turns":5.0},{"damage":0.0,"enemies":"Giant Head","floor":41.0,"turns":6.0},{"damage":0.0,"enemies":"Writhing Mass","floor":42.0,"turns":5.0},{"damage":3.0,"enemies":"Nemesis","floor":45.0,"turns":5.0},{"damage":2.0,"enemies":"4 Shapes","floor":47.0,"turns":3.0},{"damage":0.0,"enemies":"Giant Head","floor":48.0,"turns":5.0},{"damage":0.0,"enemies":"Time Eater","floor":50.0,"turns":9.0},{"damage":0.0,"enemies":"Shield and Spear","floor":54.0,"turns":6.0},{"damage":16,"enemies":"The Heart","floor":55,"turns":10}],"seed_played":"8104308389730394726","potions_obtained":[{"floor":4.0,"key":"Block Potion"},{"floor":7.0,"key":"PowerPotion"},{"floor":13.0,"key":"Swift Potion"},{"floor":16.0,"key":"Dexterity Potion"},{"floor":22.0,"key":"AttackPotion"},{"floor":24.0,"key":"Fire Potion"},{"floor":30.0,"key":"EssenceOfSteel"},{"floor":39.0,"key":"SneckoOil"}],"is_trial":false,"path_per_floor":["M","?","M","M","?","R","E","?","T","M","E","M","M","$","R","B",null,"M","$","?","$","M","E","M","E","T","E","?","M","E","?","R","B",null,"M","?","$","M","M","?","E","M","T","R","E","R","M","E","R","B",null,"R","$","E","B",null],"character_chosen":"IRONCLAD","items_purchased":["Flame Barrier","Fire Potion"],"campfire_rested":0,"item_purchase_floors":[19,21],"current_hp_per_floor":[68,61,67,68,57,57,32,54,54,49,37,39,43,43,43,58,66,66,66,66,66,68,59,60,39,39,30,30,32,20,20,20,51,64,68,78,78,78,76,76,78,78,78,78,78,78,78,92,92,92,92,92,92,92,82],"gold":142,"neow_bonus":"THREE_RARE_CARDS","is_prod":false,"is_daily":false,"chose_seed":false,"campfire_upgraded":6,"win_rate":0,"timestamp":1558736388,"path_taken":["M","?","M","M","?","R","E","?","T","M","E","M","?","$","R","BOSS","M","$","?","$","M","E","M","E","T","E","?","M","E","?","R","BOSS","M","?","?","?","M","?","E","M","T","R","E","R","M","E","R","BOSS","R","$","E","BOSS"],"build_version":"2019-01-23","purchased_purges":3,"victory":true,"max_hp_per_floor":[68,68,68,68,68,68,68,68,68,68,68,68,68,68,68,68,68,68,68,68,68,68,68,68,68,68,68,68,68,68,68,68,68,68,68,78,78,78,78,78,78,78,78,78,78,78,78,92,92,92,92,92,92,92,92],"card_choices":[{"not_picked":["Berserk","Barricade"],"picked":"Bludgeon","floor":0.0},{"not_picked":["Sword Boomerang","Perfected Strike"],"picked":"Shockwave","floor":1.0},{"not_picked":["Dropkick","Havoc","Flex"],"picked":"SKIP","floor":3.0},{"not_picked":["Dual Wield","Twin Strike"],"picked":"True Grit","floor":4.0},{"not_picked":["Warcry","Iron Wave"],"picked":"Rampage","floor":7.0},{"not_picked":["Searing Blow","Perfected Strike"],"picked":"Headbutt","floor":10.0},{"not_picked":["Warcry","Double Tap"],"picked":"Headbutt","floor":11.0},{"not_picked":["Flex","Clothesline","Headbutt"],"picked":"SKIP","floor":12.0},{"not_picked":["Second Wind","Heavy Blade","Perfected Strike"],"picked":"SKIP","floor":13.0},{"not_picked":["Limit Break","Offering"],"picked":"Demon Form","floor":16.0},{"not_picked":["Headbutt","Sword Boomerang"],"picked":"Feel No Pain","floor":18.0},{"not_picked":["Thunderclap","Spot Weakness","Iron Wave"],"picked":"SKIP","floor":22.0},{"not_picked":["Power Through","Reckless Charge"],"picked":"Battle Trance","floor":23.0},{"not_picked":["Sword Boomerang","Headbutt","Blood for Blood"],"picked":"SKIP","floor":24.0},{"not_picked":["Shockwave+1","Clash","Cleave"],"picked":"SKIP","floor":25.0},{"not_picked":["Ghostly Armor","Twin Strike"],"picked":"Barricade","floor":27.0},{"not_picked":["Infernal Blade","Flex"],"picked":"Feel No Pain+1","floor":29.0},{"not_picked":["Clash","True Grit"],"picked":"Second Wind","floor":30.0},{"not_picked":["Immolate","Barricade"],"picked":"Impervious","floor":33.0},{"not_picked":["Perfected Strike+1","Anger","Headbutt"],"picked":"SKIP","floor":35.0},{"not_picked":["Bloodletting","Clash+1"],"picked":"Clothesline+1","floor":38.0},{"not_picked":["Thunderclap","Clothesline","Sever Soul"],"picked":"SKIP","floor":39.0},{"not_picked":["Heavy Blade","True Grit","Inflame"],"picked":"SKIP","floor":41.0},{"not_picked":["Headbutt","Anger","Shrug It Off"],"picked":"SKIP","floor":42.0},{"not_picked":["Offering","True Grit","Twin Strike"],"picked":"SKIP","floor":45.0},{"not_picked":["Seeing Red","Clothesline+1","Iron Wave"],"picked":"SKIP","floor":47.0},{"not_picked":["Shrug It Off","Hemokinesis","Whirlwind"],"picked":"SKIP","floor":48.0},{"not_picked":["Seeing Red+1","Hemokinesis+1","Dropkick+1"],"picked":"SKIP","floor":54.0}],"player_experience":2177570,"relics_obtained":[{"floor":7.0,"key":"Pantograph"},{"floor":9.0,"key":"Vajra"},{"floor":11.0,"key":"Dodecahedron"},{"floor":23.0,"key":"Regal Pillow"},{"floor":25.0,"key":"Art of War"},{"floor":26.0,"key":"Gremlin Horn"},{"floor":27.0,"key":"War Paint"},{"floor":30.0,"key":"Du-Vu Doll"},{"floor":41.0,"key":"Orichalcum"},{"floor":45.0,"key":"Centennial Puzzle"},{"floor":48.0,"key":"Mango"},{"floor":54.0,"key":"Paper Frog"}],"event_choices":[{"cards_removed":["Strike_R"],"damage_healed":0.0,"max_hp_gain":0.0,"max_hp_loss":0.0,"gold_gain":0.0,"event_name":"Golden Wing","player_choice":"Card Removal","floor":2.0,"gold_loss":0.0,"damage_taken":7.0},{"damage_healed":0.0,"max_hp_gain":0.0,"max_hp_loss":0.0,"gold_gain":0.0,"event_name":"Scrap Ooze","player_choice":"Success","floor":5.0,"gold_loss":0.0,"damage_taken":11.0,"relics_obtained":["Mummified Hand"]},{"damage_healed":22.0,"max_hp_gain":0.0,"max_hp_loss":0.0,"gold_gain":0.0,"event_name":"Big Fish","player_choice":"Banana","floor":8.0,"gold_loss":0.0,"damage_taken":0.0},{"damage_healed":0.0,"max_hp_gain":0.0,"max_hp_loss":0.0,"gold_gain":0.0,"event_name":"The Library","player_choice":"Read","floor":20.0,"gold_loss":0.0,"damage_taken":0.0,"cards_obtained":["Carnage"]},{"damage_healed":0.0,"max_hp_gain":0.0,"max_hp_loss":0.0,"gold_gain":0.0,"event_name":"Back to Basics","player_choice":"Simplicity","floor":28.0,"gold_loss":0.0,"damage_taken":0.0,"cards_upgraded":["Strike_R","Strike_R","Defend_R","Defend_R","Defend_R","Defend_R"]},{"damage_healed":0.0,"max_hp_gain":0.0,"max_hp_loss":0.0,"gold_gain":0.0,"event_name":"Addict","player_choice":"Obtained Relic","floor":31.0,"gold_loss":85.0,"damage_taken":0.0,"relics_obtained":["Thread and Needle"]},{"damage_healed":0.0,"max_hp_gain":0.0,"max_hp_loss":0.0,"gold_gain":0.0,"event_name":"WeMeetAgain","player_choice":"Paid Gold","floor":36.0,"gold_loss":62.0,"damage_taken":0.0,"relics_obtained":["Pear"]},{"damage_healed":0.0,"max_hp_gain":0.0,"max_hp_loss":0.0,"gold_gain":0.0,"event_name":"Tomb of Lord Red Mask","player_choice":"Paid","floor":40.0,"gold_loss":35.0,"damage_taken":0.0,"relics_obtained":["Red Mask"]}],"is_beta":false,"boss_relics":[{"not_picked":["Orrery","Empty Cage"],"picked":"Snecko Eye"},{"not_picked":["Philosopher\u0027s Stone","Cursed Key"],"picked":"Coffee Dripper"}],"items_purged_floors":[14,19,37],"is_endless":false,"potions_floor_spawned":[4,7,13,16,22,24,30,39,41,47,48,54],"ascension_level":16}