{"gold_per_floor":[118,14,34,50,50,80,5,5,5,5,32,32,67,77,77,156,156,169,169,31,46,46,46,77,77,77,77,27,27,60,71,71,71],"floor_reached":33,"playtime":1068,"items_purged":["Strike_R","Strike_R","Strike_R"],"score":648,"play_id":"5092c9b8-6cab-4eb6-9a98-6f83b98fcb94","local_time":"20190425150905","is_ascension_mode":true,"campfire_choices":[{"data":"Shockwave","floor":8.0,"key":"SMITH"},{"floor":12.0,"key":"REST"},{"data":"Anger","floor":15.0,"key":"SMITH"},{"data":"Corruption","floor":23.0,"key":"SMITH"},{"data":"Demon Form","floor":25.0,"key":"SMITH"},{"data":"Clothesline","floor":32.0,"key":"SMITH"}],"neow_cost":"NONE","seed_source_timestamp":168787114601878,"circlet_count":0,"master_deck":["AscendersBane","Strike_R+1","Defend_R","Defend_R","Defend_R","Defend_R","Bash+1","Carnage","Shrug It Off","Hemokinesis+1","Power Through","Shockwave+1","Anger+1","Ghostly Armor","Demon Form+1","Battle Trance","Corruption+1","Clothesline+1","Ghostly","Ghostly","Ghostly"],"special_seed":0,"relics":["Burning Blood","Mercury Hourglass","Smiling Mask","PreservedInsect","Strawberry","Busted Crown","Blood Vial","Gremlin Horn","Dodecahedron"],"potions_floor_usage":[],"damage_taken":[{"damage":1.0,"enemies":"Cultist","floor":1.0,"turns":3.0},{"damage":7.0,"enemies":"Jaw Worm","floor":3.0,"turns":3.0},{"damage":0.0,"enemies":"2 Louse","floor":4.0,"turns":2.0},{"damage":37.0,"enemies":"3 Sentries","floor":6.0,"turns":9.0},{"damage":3.0,"enemies":"Gremlin Nob","floor":11.0,"turns":3.0},{"damage":17.0,"enemies":"3 Sentries","floor":13.0,"turns":5.0},{"damage":0.0,"enemies":"2 Fungi Beasts","floor":14.0,"turns":3.0},{"damage":32.0,"enemies":"The Guardian","floor":16.0,"turns":8.0},{"damage":13.0,"enemies":"2 Thieves","floor":18.0,"turns":3.0},{"damage":14.0,"enemies":"3 Byrds","floor":21.0,"turns":5.0},{"damage":3.0,"enemies":"Gremlin Leader","floor":24.0,"turns":5.0},{"damage":9.0,"enemies":"Book of Stabbing","floor":30.0,"turns":5.0},{"damage":2.0,"enemies":"Snecko","floor":31.0,"turns":5.0},{"damage":39,"enemies":"Collector","floor":33,"turns":7}],"seed_played":"-7872204397690655502","potions_obtained":[{"floor":1.0,"key":"AttackPotion"},{"floor":4.0,"key":"FearPotion"},{"floor":13.0,"key":"Strength Potion"},{"floor":21.0,"key":"SmokeBomb"},{"floor":31.0,"key":"Poison Potion"}],"is_trial":false,"path_per_floor":["M","$","M","M","?","E","$","R","T","?","E","R","E","M","R","B",null,"M","?","$","M","?","R","E","R","T","?","$","$","E","M","R","B"],"character_chosen":"IRONCLAD","items_purchased":["Shrug It Off","Hemokinesis","Corruption"],"campfire_rested":1,"item_purchase_floors":[2,2,20],"current_hp_per_floor":[73,73,72,75,52,21,21,21,21,21,24,46,42,48,48,22,67,60,60,60,52,41,41,41,41,41,41,41,41,38,41,41,2],"gold":71,"neow_bonus":"UPGRADE_CARD","is_prod":false,"is_daily":false,"chose_seed":false,"campfire_upgraded":5,"win_rate":0,"timestamp":1556179745,"path_taken":["M","$","M","M","?","E","?","R","T","?","E","R","E","M","R","BOSS","M","?","$","M","?","R","E","R","T","?","?","$","E","M","R","BOSS"],"build_version":"2019-01-23","purchased_purges":3,"victory":false,"max_hp_per_floor":[75,75,75,75,75,75,75,75,75,75,75,75,82,82,82,82,82,82,82,82,82,41,41,41,41,41,41,41,41,41,41,41,41],"card_choices":[{"not_picked":["Searing Blow","Bloodletting"],"picked":"Carnage","floor":1.0},{"not_picked":["Twin Strike","Flex"],"picked":"Power Through","floor":3.0},{"not_picked":["Cleave","Flex"],"picked":"Shockwave","floor":4.0},{"not_picked":["Hemokinesis","Perfected Strike","Fire Breathing"],"picked":"SKIP","floor":6.0},{"not_picked":["Headbutt","Body Slam"],"picked":"Anger","floor":11.0},{"not_picked":["Wild Strike","Bloodletting","Clash"],"picked":"SKIP","floor":13.0},{"not_picked":["Heavy Blade","Rupture"],"picked":"Ghostly Armor","floor":14.0},{"not_picked":["Exhume","Juggernaut"],"picked":"Demon Form","floor":16.0},{"not_picked":["Thunderclap"],"picked":"SKIP","floor":18.0},{"not_picked":[],"picked":"Clothesline","floor":21.0},{"not_picked":["Iron Wave"],"picked":"SKIP","floor":24.0},{"not_picked":["Iron Wave"],"picked":"SKIP","floor":30.0},{"not_picked":["Headbutt"],"picked":"SKIP","floor":31.0}],"player_experience":437985,"relics_obtained":[{"floor":6.0,"key":"Mercury Hourglass"},{"floor":9.0,"key":"Smiling Mask"},{"floor":11.0,"key":"PreservedInsect"},{"floor":13.0,"key":"Strawberry"},{"floor":24.0,"key":"Blood Vial"},{"floor":26.0,"key":"Gremlin Horn"},{"floor":30.0,"key":"Dodecahedron"}],"event_choices":[{"damage_healed":0.0,"max_hp_gain":0.0,"max_hp_loss":0.0,"gold_gain":0.0,"event_name":"Shining Light","player_choice":"Entered Light","floor":5.0,"gold_loss":0.0,"damage_taken":23.0,"cards_upgraded":["Hemokinesis","Strike_R"]},{"cards_removed":["Strike_R"],"damage_healed":0.0,"max_hp_gain":0.0,"max_hp_loss":0.0,"gold_gain":0.0,"event_name":"Living Wall","player_choice":"Forget","floor":10.0,"gold_loss":0.0,"damage_taken":0.0},{"damage_healed":0.0,"max_hp_gain":0.0,"max_hp_loss":0.0,"gold_gain":0.0,"event_name":"The Library","player_choice":"Read","floor":19.0,"gold_loss":0.0,"damage_taken":0.0,"cards_obtained":["Battle Trance"]},{"damage_healed":0.0,"max_hp_gain":0.0,"max_hp_loss":41.0,"gold_gain":0.0,"event_name":"Ghosts","player_choice":"Became a Ghost","floor":22.0,"gold_loss":0.0,"damage_taken":0.0,"cards_obtained":["Ghostly","Ghostly","Ghostly"]},{"damage_healed":0.0,"max_hp_gain":0.0,"max_hp_loss":0.0,"gold_gain":0.0,"event_name":"Vampires","player_choice":"Ignored","floor":27.0,"gold_loss":0.0,"damage_taken":0.0}],"is_beta":false,"boss_relics":[{"not_picked":["Calling Bell","Tiny House"],"picked":"Busted Crown"}],"items_purged_floors":[7,20,28],"is_endless":false,"potions_floor_spawned":[1,4,13,21,31],"killed_by":"Collector","ascension_level":20}