{"path_per_floor":["M","M","M","M","M","M","M","?","T","M","R","M","E","?","R","B",null,"M","$","M","M","?","R","M","T","T"],"character_chosen":"THE_SILENT","items_purchased":["Apotheosis","Flash of Steel"],"gold_per_floor":[116,133,150,167,183,194,212,212,236,248,248,263,297,247,247,350,350,367,9,28,40,40,40,53,53,129,129],"floor_reached":27,"campfire_rested":1,"playtime":1220,"current_hp_per_floor":[68,59,58,46,36,36,31,31,31,31,31,29,29,29,50,19,70,31,31,21,19,19,19,8,8,8,0],"items_purged":["Defend_G"],"gold":129,"score":246,"play_id":"836c083e-aa18-4949-b677-48ca3f30fd3d","local_time":"20180408170350","is_prod":false,"is_daily":false,"is_ascension_mode":false,"campfire_upgraded":2,"timestamp":1523174630,"path_taken":["M","M","M","M","M","M","M","?","T","M","R","M","E","?","R","BOSS","M","$","M","M","?","R","M","?","T","?"],"build_version":"2018-04-05v2","purchased_purges":1,"victory":false,"master_deck":["Defend_G","Defend_G","Strike_G","Strike_G","Survivor","Neutralize","Malaise","Dash+1","All Out Attack","Flying Knee","Quick Slash","Backflip","Underhanded Strike","Well Laid Plans","Slice","Adrenaline","Adrenaline","Outmaneuver+1","Die Die Die+1","Prepared+1","Dagger Spray","Apotheosis+1","Flash of Steel","Riddle With Holes+1","Burst","Dagger Throw+1"],"max_hp_per_floor":[70,70,70,70,70,70,70,70,70,70,70,70,70,70,70,70,70,70,70,70,70,70,70,70,70,70,70],"relics":["Ring of the Snake","Oddly Smooth Stone","Anchor","Ancient Tea Set","Astrolabe","Tingsha","Bottled Flame"],"card_choices":[{"not_picked":["Distraction","Outmaneuver"],"picked":"Malaise","floor":1},{"not_picked":["Deflect","PiercingWail"],"picked":"Dash","floor":2},{"not_picked":["Dodge and Roll","Quick Slash"],"picked":"All Out Attack","floor":3},{"not_picked":["PiercingWail","Caltrops"],"picked":"Flying Knee","floor":4},{"not_picked":["Caltrops","Poisoned Stab"],"picked":"Quick Slash","floor":5},{"not_picked":["Dagger Throw","Well Laid Plans"],"picked":"Backflip","floor":6},{"not_picked":["Dodge and Roll","Slice"],"picked":"Underhanded Strike","floor":7},{"not_picked":["Dash","Crippling Poison"],"picked":"Well Laid Plans","floor":10},{"not_picked":["Bullet Time","Sucker Punch"],"picked":"Slice","floor":12},{"not_picked":["Masterful Stab","Doppelganger"],"picked":"Adrenaline","floor":13},{"not_picked":["Wraith Form","Envenom"],"picked":"Adrenaline","floor":16},{"not_picked":["PiercingWail","Quick Slash"],"picked":"Dagger Spray","floor":18},{"not_picked":["Deadly Poison","Cloak And Dagger"],"picked":"Riddle With Holes","floor":20},{"not_picked":["Eviscerate","Predator"],"picked":"Burst","floor":21},{"not_picked":["Slice","Deflect"],"picked":"Dagger Throw","floor":24}],"player_experience":118039,"potions_floor_usage":[16,16],"damage_taken":[{"damage":2,"enemies":"Jaw Worm","floor":1,"turns":4},{"damage":9,"enemies":"Cultist","floor":2,"turns":6},{"damage":1,"enemies":"2 Louse","floor":3,"turns":3},{"damage":12,"enemies":"Exordium Thugs","floor":4,"turns":6},{"damage":10,"enemies":"Large Slime","floor":5,"turns":8},{"damage":0,"enemies":"2 Fungi Beasts","floor":6,"turns":4},{"damage":5,"enemies":"Looter","floor":7,"turns":4},{"damage":0,"enemies":"Exordium Wildlife","floor":10,"turns":2},{"damage":2,"enemies":"Large Slime","floor":12,"turns":6},{"damage":0,"enemies":"3 Sentries","floor":13,"turns":6},{"damage":46,"enemies":"The Guardian","floor":16,"turns":15},{"damage":39,"enemies":"Chosen","floor":18,"turns":8},{"damage":10,"enemies":"2 Thieves","floor":20,"turns":3},{"damage":2,"enemies":"Centurion and Healer","floor":21,"turns":3},{"damage":11,"enemies":"Chosen and Byrds","floor":24,"turns":5}],"event_choices":[{"event_name":"Bonfire Elementals","player_choice":"BASIC","floor":8,"damage_taken":0},{"event_name":"The Cleric","player_choice":"Card Removal","floor":14,"damage_taken":0},{"event_name":"Vampires","player_choice":"Ignored","floor":22,"damage_taken":0}],"boss_relics":[{"not_picked":["Black Star","White Beast Statue"],"picked":"Astrolabe"}],"potions_floor_spawned":[1,5,7,12,24],"seed_played":"4036650533976188133","ascension_level":0,"is_trial":false}