{"gold_per_floor":[119,134,59,69,69,97,97,122,145,175,175,186,186,197,197,296,296,307,307],"floor_reached":19,"playtime":893,"items_purged":["Decay"],"score":249,"play_id":"13717bab-2e28-44c6-a9ed-1fde09256897","local_time":"20190528185347","is_ascension_mode":true,"campfire_choices":[{"data":"Conserve Battery","floor":7.0,"key":"SMITH"},{"floor":11.0,"key":"REST"},{"data":"Defragment","floor":13.0,"key":"SMITH"},{"data":"Conserve Battery","floor":15.0,"key":"SMITH"}],"neow_cost":"CURSE","seed_source_timestamp":74787918978700,"circlet_count":0,"master_deck":["Strike_B","Strike_B","Strike_B","Strike_B","Defend_B","Defend_B","Defend_B","Defend_B","Zap","Dualcast","Go for the Eyes","Conserve Battery+1","Cold Snap+1","Gash","Capacitor","Defragment+1","Conserve Battery+1","Seek","Leap+1"],"special_seed":0,"relics":["Cracked Core","Regal Pillow","Centennial Puzzle","Art of War","Inserter"],"potions_floor_usage":[19,19,19],"damage_taken":[{"damage":1.0,"enemies":"2 Louse","floor":1.0,"turns":2.0},{"damage":6.0,"enemies":"Jaw Worm","floor":2.0,"turns":2.0},{"damage":0.0,"enemies":"Cultist","floor":4.0,"turns":3.0},{"damage":24.0,"enemies":"Gremlin Nob","floor":6.0,"turns":5.0},{"damage":38.0,"enemies":"Lagavulin","floor":8.0,"turns":10.0},{"damage":6.0,"enemies":"Gremlin Nob","floor":10.0,"turns":3.0},{"damage":4.0,"enemies":"Looter","floor":12.0,"turns":3.0},{"damage":0.0,"enemies":"Exordium Thugs","floor":14.0,"turns":4.0},{"damage":4.0,"enemies":"The Guardian","floor":16.0,"turns":16.0},{"damage":21.0,"enemies":"Spheric Guardian","floor":18.0,"turns":6.0},{"damage":21,"enemies":"Colosseum Slavers","floor":19,"turns":6},{"damage":67,"enemies":"Colosseum Nobs","floor":19,"turns":4}],"seed_played":"8852202654212085661","potions_obtained":[{"floor":4.0,"key":"LiquidBronze"},{"floor":6.0,"key":"Fruit Juice"},{"floor":8.0,"key":"FearPotion"},{"floor":12.0,"key":"SpeedPotion"},{"floor":14.0,"key":"Poison Potion"}],"is_trial":false,"path_per_floor":["M","M","$","M","?","E","R","E","T","E","R","M","R","M","R","B",null,"M","?"],"character_chosen":"DEFECT","items_purchased":[],"campfire_rested":1,"item_purchase_floors":[],"current_hp_per_floor":[88,82,82,82,82,58,58,20,20,14,55,51,51,51,51,47,89,68,0],"gold":307,"neow_bonus":"TWENTY_PERCENT_HP_BONUS","is_prod":false,"is_daily":false,"chose_seed":false,"campfire_upgraded":3,"win_rate":0,"timestamp":1559094827,"path_taken":["M","M","$","M","?","E","R","E","T","E","R","M","R","M","R","BOSS","M","?"],"build_version":"2019-01-23","purchased_purges":1,"victory":false,"max_hp_per_floor":[89,89,89,89,89,89,89,89,89,89,89,89,89,89,89,89,89,89,94],"card_choices":[{"not_picked":["Stack","Ball Lightning"],"picked":"Go for the Eyes","floor":1.0},{"not_picked":["Tempest","Meteor Strike"],"picked":"Conserve Battery","floor":2.0},{"not_picked":["FTL","Storm"],"picked":"Cold Snap","floor":4.0},{"not_picked":["Compile Driver","Redo","Reinforced Body"],"picked":"SKIP","floor":6.0},{"not_picked":["Turbo","FTL"],"picked":"Gash","floor":8.0},{"not_picked":["Reprogram","Multi-Cast"],"picked":"Capacitor","floor":10.0},{"not_picked":["Streamline","Chaos"],"picked":"Defragment","floor":12.0},{"not_picked":["Barrage","Force Field"],"picked":"Conserve Battery","floor":14.0},{"not_picked":["Meteor Strike","Buffer"],"picked":"Seek","floor":16.0},{"not_picked":["Sweeping Beam","Stack"],"picked":"Leap+1","floor":18.0}],"player_experience":103169,"relics_obtained":[{"floor":6.0,"key":"Regal Pillow"},{"floor":8.0,"key":"Centennial Puzzle"},{"floor":10.0,"key":"Art of War"}],"event_choices":[{"damage_healed":0.0,"max_hp_gain":0.0,"max_hp_loss":0.0,"gold_gain":0.0,"event_name":"Living Wall","player_choice":"Grow","floor":5.0,"gold_loss":0.0,"damage_taken":0.0,"cards_upgraded":["Cold Snap"]},{"damage_healed":0,"gold_gain":0,"player_choice":"Fight","damage_taken":0,"max_hp_gain":0,"max_hp_loss":0,"event_name":"Colosseum","floor":19,"gold_loss":0},{"damage_healed":0,"gold_gain":0,"player_choice":"Fought Nobs","damage_taken":0,"max_hp_gain":0,"max_hp_loss":0,"event_name":"Colosseum","floor":19,"gold_loss":0}],"is_beta":false,"boss_relics":[{"not_picked":["White Beast Statue","Coffee Dripper"],"picked":"Inserter"}],"items_purged_floors":[3],"is_endless":false,"potions_floor_spawned":[4,6,8,12,14,18],"killed_by":"Colosseum Nobs","ascension_level":4}