{"gold_per_floor":[209,227,246,246,41,41,76,93,93,107,127,147,147,182,182,286,286,298,315,331,346,346,346,346,357,357,377,7,23,23,38,38,38],"floor_reached":33,"playtime":1816,"items_purged":["Defend_B"],"score":387,"play_id":"8cdb112a-468d-4ae4-951c-c34c4da5e200","local_time":"20190427142037","is_ascension_mode":true,"campfire_choices":[{"data":"Zap","floor":6,"key":"SMITH"},{"floor":13,"key":"REST"},{"floor":15,"key":"REST"},{"floor":23,"key":"REST"},{"floor":30,"key":"REST"},{"floor":32,"key":"REST"}],"neow_cost":"NONE","seed_source_timestamp":1067429544035002,"circlet_count":0,"master_deck":["Strike_B","Strike_B","Strike_B","Defend_B","Defend_B","Defend_B","Zap+1","Dualcast","Barrage","Compile Driver","Cold Snap","Double Energy","Barrage","Leap","Echo Form","Barrage","FTL","Core Surge","Buffer","Ball Lightning","Cold Snap","Cold Snap","Cold Snap","Compile Driver+1"],"relics":["FrozenCore","Lee\u0027s Waffle","Pen Nib","Bag of Preparation","Mercury Hourglass","CultistMask","Gremlin Horn","Cables"],"potions_floor_usage":[12,27,33,33],"damage_taken":[{"damage":6,"enemies":"Jaw Worm","floor":1,"turns":5},{"damage":1,"enemies":"Cultist","floor":2,"turns":3},{"damage":10,"enemies":"2 Louse","floor":3,"turns":3},{"damage":14,"enemies":"Gremlin Nob","floor":7,"turns":4},{"damage":2,"enemies":"Red Slaver","floor":8,"turns":3},{"damage":16,"enemies":"Large Slime","floor":10,"turns":6},{"damage":0,"enemies":"2 Fungi Beasts","floor":11,"turns":2},{"damage":13,"enemies":"Lots of Slimes","floor":12,"turns":2},{"damage":28,"enemies":"3 Sentries","floor":14,"turns":6},{"damage":0,"enemies":"Slime Boss","floor":16,"turns":6},{"damage":1,"enemies":"Chosen","floor":18,"turns":4},{"damage":7,"enemies":"Spheric Guardian","floor":19,"turns":3},{"damage":16,"enemies":"Chosen and Byrds","floor":20,"turns":4},{"damage":24,"enemies":"Shelled Parasite and Fungi","floor":21,"turns":5},{"damage":34,"enemies":"Snake Plant","floor":25,"turns":5},{"damage":9,"enemies":"3 Cultists","floor":27,"turns":4},{"damage":9,"enemies":"Centurion and Healer","floor":29,"turns":6},{"damage":14,"enemies":"Shelled Parasite and Fungi","floor":31,"turns":4},{"damage":41,"enemies":"Champ","floor":33,"turns":11}],"seed_played":"5908421831635012667","potions_obtained":[{"floor":3,"key":"GamblersBrew"},{"floor":8,"key":"Explosive Potion"},{"floor":10,"key":"Fire Potion"},{"floor":12,"key":"Explosive Potion"},{"floor":29,"key":"SneckoOil"}],"is_trial":false,"path_per_floor":["M","M","M","?","$","R","E","M","T","M","M","M","R","E","R","B",null,"M","M","M","M","?","R","?","M","T","M","$","M","R","M","R","B"],"character_chosen":"DEFECT","items_purchased":["Lee\u0027s Waffle","Cables","Cold Snap"],"campfire_rested":5,"item_purchase_floors":[5,28,28],"current_hp_per_floor":[69,68,58,58,82,82,68,66,66,50,50,37,61,33,57,57,82,81,74,58,34,34,58,58,24,24,15,15,6,30,16,40,0],"gold":38,"neow_bonus":"HUNDRED_GOLD","is_prod":false,"is_daily":false,"chose_seed":false,"campfire_upgraded":1,"win_rate":0,"timestamp":1556400037,"path_taken":["M","M","M","?","$","R","E","M","T","M","M","?","R","E","R","BOSS","M","M","M","M","?","R","?","M","T","?","$","M","R","M","R","BOSS"],"build_version":"2019-01-23","purchased_purges":1,"victory":false,"max_hp_per_floor":[75,75,75,75,82,82,82,82,82,82,82,82,82,82,82,82,82,82,82,82,82,82,82,82,82,82,82,82,82,82,82,82,82],"card_choices":[{"not_picked":["Stack","Redo"],"picked":"Barrage","floor":1},{"not_picked":["Loop","Turbo"],"picked":"Compile Driver","floor":2},{"not_picked":["Redo","Tempest"],"picked":"Cold Snap","floor":3},{"not_picked":["All For One","Steam"],"picked":"Double Energy","floor":7},{"not_picked":["Beam Cell","Go for the Eyes"],"picked":"Barrage","floor":8},{"not_picked":["Darkness","Storm"],"picked":"Leap","floor":10},{"not_picked":["Ball Lightning","Darkness"],"picked":"Echo Form","floor":11},{"not_picked":["Cold Snap","Gash"],"picked":"Barrage","floor":12},{"not_picked":["Core Surge","Aggregate"],"picked":"FTL","floor":14},{"not_picked":["Biased Cognition","Hyperbeam"],"picked":"Core Surge","floor":16},{"not_picked":["Coolheaded","Sweeping Beam","Storm"],"picked":"SKIP","floor":18},{"not_picked":["Hologram","Fusion","Compile Driver"],"picked":"SKIP","floor":19},{"not_picked":["Stack+1","Gash"],"picked":"Buffer","floor":20},{"not_picked":["Gash","Leap"],"picked":"Ball Lightning","floor":21},{"not_picked":["Aggregate","Sweeping Beam"],"picked":"Cold Snap","floor":25},{"not_picked":["Gash","Reprogram"],"picked":"Cold Snap","floor":27},{"not_picked":["Rainbow","Beam Cell+1","Rebound+1"],"picked":"SKIP","floor":29},{"not_picked":["Steam","Sweeping Beam"],"picked":"Compile Driver+1","floor":31}],"player_experience":136523,"relics_obtained":[{"floor":7,"key":"Pen Nib"},{"floor":9,"key":"Bag of Preparation"},{"floor":14,"key":"Mercury Hourglass"},{"floor":26,"key":"Gremlin Horn"}],"event_choices":[{"cards_removed":["Strike_B"],"damage_healed":0,"gold_gain":0,"player_choice":"Offered Basic","damage_taken":0,"max_hp_gain":0,"max_hp_loss":0,"event_name":"Bonfire Elementals","floor":4,"gold_loss":0},{"damage_healed":0,"gold_gain":0,"player_choice":"Ignored","damage_taken":0,"max_hp_gain":0,"max_hp_loss":0,"event_name":"The Mausoleum","floor":22,"gold_loss":0},{"damage_healed":0,"gold_gain":0,"player_choice":"Trade","damage_taken":0,"relics_obtained":["CultistMask"],"max_hp_gain":0,"max_hp_loss":0,"event_name":"FaceTrader","floor":24,"gold_loss":0}],"is_beta":false,"boss_relics":[{"not_picked":["Astrolabe","Pandora\u0027s Box"],"picked":"FrozenCore"}],"items_purged_floors":[28],"is_endless":false,"potions_floor_spawned":[3,8,10,11,12,25,29,31],"killed_by":"Champ","ascension_level":3}