{"gold_per_floor":[210,210,224,36,55,55,69,69,93,128,154,186,198,30,30,134,134,123,31,44,44,59,59,75,75,75,87,97,97,97,112,112,112],"floor_reached":33,"playtime":1775,"items_purged":["Strike_B","Strike_B"],"score":402,"play_id":"ed4a9c98-0900-44ed-b254-ee0313e8cbcd","local_time":"20190512000640","is_ascension_mode":true,"campfire_choices":[{"data":"Streamline","floor":6,"key":"SMITH"},{"data":"Go for the Eyes","floor":13,"key":"SMITH"},{"floor":15,"key":"REST"},{"data":"Defragment","floor":23,"key":"SMITH"},{"data":"Dualcast","floor":25,"key":"SMITH"},{"floor":30,"key":"REST"},{"data":"Conserve Battery","floor":32,"key":"SMITH"}],"neow_cost":"NONE","seed_source_timestamp":517102535554898,"circlet_count":0,"master_deck":["AscendersBane","Strike_B","Defend_B","Defend_B","Defend_B","Defend_B","Zap+1","Dualcast+1","Conserve Battery+1","Streamline+1","Self Repair","Go for the Eyes+1","Self Repair","Dramatic Entrance+1","Defragment+1"],"relics":["FrozenCore","Regal Pillow","MawBank","Du-Vu Doll"],"potions_floor_usage":[10,10,12,12,24,28,31,33],"damage_taken":[{"damage":2,"enemies":"Jaw Worm","floor":1,"turns":3},{"damage":0,"enemies":"Cultist","floor":3,"turns":4},{"damage":0,"enemies":"2 Louse","floor":5,"turns":1},{"damage":6,"enemies":"Blue Slaver","floor":7,"turns":4},{"damage":10,"enemies":"3 Sentries","floor":10,"turns":7},{"damage":3,"enemies":"3 Louse","floor":11,"turns":3},{"damage":0,"enemies":"Lots of Slimes","floor":12,"turns":2},{"damage":46,"enemies":"The Guardian","floor":16,"turns":12},{"damage":15,"enemies":"2 Thieves","floor":18,"turns":4},{"damage":10,"enemies":"Spheric Guardian","floor":20,"turns":6},{"damage":22,"enemies":"Snecko","floor":22,"turns":7},{"damage":11,"enemies":"Sentry and Sphere","floor":24,"turns":8},{"damage":24,"enemies":"3 Cultists","floor":27,"turns":7},{"damage":20,"enemies":"Snake Plant","floor":28,"turns":4},{"damage":30,"enemies":"Snecko","floor":31,"turns":7},{"damage":59,"enemies":"Collector","floor":33,"turns":12}],"seed_played":"-5591292521323748591","potions_obtained":[{"floor":1,"key":"Fire Potion"},{"floor":7,"key":"GamblersBrew"},{"floor":10,"key":"AttackPotion"},{"floor":11,"key":"SkillPotion"},{"floor":16,"key":"SteroidPotion"},{"floor":22,"key":"Block Potion"},{"floor":24,"key":"Ancient Potion"},{"floor":27,"key":"Poison Potion"},{"floor":28,"key":"Dexterity Potion"},{"floor":31,"key":"PowerPotion"}],"is_trial":false,"path_per_floor":["M","?","M","$","M","R","M","?","T","E","M","M","R","$","R","B",null,"M","$","M","?","M","R","M","R","T","M","M","?","R","M","R","B"],"character_chosen":"DEFECT","items_purchased":["Streamline","Self Repair","Self Repair","Dramatic Entrance"],"campfire_rested":2,"item_purchase_floors":[4,4,14,19],"current_hp_per_floor":[66,66,66,66,66,66,60,60,60,57,61,61,61,61,75,43,67,66,66,70,70,62,62,65,65,65,55,49,49,75,59,59,0],"gold":112,"neow_bonus":"HUNDRED_GOLD","is_prod":false,"is_daily":false,"chose_seed":false,"campfire_upgraded":5,"win_rate":0,"timestamp":1557644800,"path_taken":["M","?","?","$","M","R","M","?","T","E","?","?","R","?","R","BOSS","M","$","M","?","M","R","?","R","T","M","M","?","R","M","R","BOSS"],"build_version":"2019-01-23","purchased_purges":2,"victory":false,"max_hp_per_floor":[75,75,75,75,75,75,75,75,75,75,75,75,75,75,75,75,75,75,75,75,75,75,75,75,75,75,75,75,75,75,75,75,75],"card_choices":[{"not_picked":["Lockon","Sweeping Beam","Reprogram"],"picked":"SKIP","floor":1},{"not_picked":["Cold Snap","Redo"],"picked":"Conserve Battery","floor":3},{"not_picked":["Rebound","Glacier","Hologram"],"picked":"SKIP","floor":5},{"not_picked":["Go for the Eyes","Conserve Battery","Rebound"],"picked":"SKIP","floor":7},{"not_picked":["Conserve Battery","Consume"],"picked":"Go for the Eyes","floor":10},{"not_picked":["Beam Cell","Consume","Hologram"],"picked":"SKIP","floor":11},{"not_picked":["Sweeping Beam","Beam Cell","Aggregate"],"picked":"SKIP","floor":12},{"not_picked":["Sweeping Beam","Beam Cell","Aggregate"],"picked":"SKIP","floor":12},{"not_picked":["Rebound","Ball Lightning","Reinforced Body"],"picked":"SKIP","floor":18},{"not_picked":["Hologram","Gash","Turbo"],"picked":"SKIP","floor":20},{"not_picked":["Consume","Storm"],"picked":"Defragment","floor":22},{"not_picked":["Sweeping Beam","Undo","Conserve Battery"],"picked":"SKIP","floor":24},{"not_picked":["Stack","Glacier","Conserve Battery"],"picked":"SKIP","floor":27},{"not_picked":["Storm","Stack","Redo"],"picked":"SKIP","floor":28},{"not_picked":["Aggregate","Recycle","Undo"],"picked":"SKIP","floor":31}],"player_experience":484353,"relics_obtained":[{"floor":9,"key":"Regal Pillow"},{"floor":10,"key":"MawBank"},{"floor":26,"key":"Du-Vu Doll"}],"event_choices":[{"cards_removed":["Strike_B"],"damage_healed":0,"gold_gain":0,"player_choice":"Purged","damage_taken":0,"max_hp_gain":0,"max_hp_loss":0,"event_name":"Purifier","floor":2,"gold_loss":0},{"damage_healed":0,"gold_gain":0,"player_choice":"Forge","damage_taken":0,"max_hp_gain":0,"max_hp_loss":0,"event_name":"Accursed Blacksmith","floor":8,"gold_loss":0,"cards_upgraded":["Zap"]},{"damage_healed":0,"gold_gain":0,"player_choice":"Upgraded","damage_taken":0,"max_hp_gain":0,"max_hp_loss":0,"event_name":"Upgrade Shrine","floor":21,"gold_loss":0,"cards_upgraded":["Dramatic Entrance"]},{"damage_healed":0,"gold_gain":0,"player_choice":"Ignored","damage_taken":0,"max_hp_gain":0,"max_hp_loss":0,"event_name":"Cursed Tome","floor":29,"gold_loss":0}],"is_beta":false,"boss_relics":[{"not_picked":["Snecko Eye","Fusion Hammer"],"picked":"FrozenCore"}],"items_purged_floors":[4,14],"is_endless":false,"potions_floor_spawned":[1,7,10,11,16,22,24,27,28,31],"killed_by":"Collector","ascension_level":12}