{"gold_per_floor":[116,128,144,163,176,206,206,225,304,304,479,50,63,90,90,188,188,201,212,86,185,205,238,238,249,306,316,316],"floor_reached":28,"playtime":2213,"items_purged":["Doubt","Defend_B"],"score":279,"play_id":"0322d2a7-1c4f-4b9d-be4b-c13411bf72cd","local_time":"20190426113105","is_ascension_mode":true,"campfire_choices":[{"floor":7,"key":"REST"},{"data":"Zap","floor":10,"key":"SMITH"},{"floor":15,"key":"REST"},{"floor":24,"key":"REST"}],"neow_cost":"NONE","seed_source_timestamp":1046329821359785,"circlet_count":0,"master_deck":["Strike_B","Strike_B","Strike_B","Strike_B","Defend_B","Defend_B","Defend_B","Zap+1","Dualcast","Blind","Coolheaded","Conserve Battery","Cold Snap","Compile Driver","Ball Lightning","Core Surge","Cold Snap","Chill","Barrage","Buffer","Ball Lightning","Redo+1","Ball Lightning","BootSequence","Barrage","Barrage"],"relics":["Cracked Core","Turnip","Shuriken","Blood Vial","Runic Capacitor","Regal Pillow","Fusion Hammer","Pocketwatch","Tiny Chest"],"potions_floor_usage":[19,23,23,23,28],"damage_taken":[{"damage":0,"enemies":"Small Slimes","floor":1,"turns":3},{"damage":2,"enemies":"2 Louse","floor":2,"turns":3},{"damage":0,"enemies":"Cultist","floor":3,"turns":4},{"damage":0,"enemies":"Large Slime","floor":4,"turns":6},{"damage":2,"enemies":"Blue Slaver","floor":5,"turns":4},{"damage":14,"enemies":"3 Sentries","floor":6,"turns":7},{"damage":12,"enemies":"Lots of Slimes","floor":8,"turns":4},{"damage":14,"enemies":"Red Slaver","floor":13,"turns":2},{"damage":10,"enemies":"Gremlin Nob","floor":14,"turns":4},{"damage":22,"enemies":"The Guardian","floor":16,"turns":12},{"damage":11,"enemies":"Shell Parasite","floor":18,"turns":5},{"damage":24,"enemies":"2 Thieves","floor":19,"turns":4},{"damage":31,"enemies":"Snake Plant","floor":22,"turns":4},{"damage":13,"enemies":"Gremlin Leader","floor":23,"turns":7},{"damage":11,"enemies":"Sentry and Sphere","floor":25,"turns":6},{"damage":10,"enemies":"Cultist and Chosen","floor":27,"turns":5},{"damage":41,"enemies":"Slavers","floor":28,"turns":3}],"seed_played":"2403379222164293693","potions_obtained":[{"floor":2,"key":"Ancient Potion"},{"floor":3,"key":"Regen Potion"},{"floor":6,"key":"Swift Potion"},{"floor":16,"key":"EssenceOfSteel"},{"floor":19,"key":"SkillPotion"},{"floor":25,"key":"Explosive Potion"}],"is_trial":false,"path_per_floor":["M","M","M","M","M","E","R","M","T","R","?","$","M","E","R","B",null,"M","M","$","?","M","E","R","M","T","M","E"],"character_chosen":"DEFECT","items_purchased":["Blood Vial","Runic Capacitor","Ball Lightning"],"campfire_rested":3,"item_purchase_floors":[12,12,20],"current_hp_per_floor":[75,73,73,73,71,57,75,63,63,63,63,63,51,43,75,53,75,64,51,51,51,22,11,48,39,39,31,0],"gold":316,"neow_bonus":"RANDOM_COLORLESS","is_prod":false,"is_daily":false,"chose_seed":false,"campfire_upgraded":1,"win_rate":0,"timestamp":1556303465,"path_taken":["M","M","M","M","M","E","R","M","T","R","?","$","M","E","R","BOSS","M","M","$","?","M","E","R","M","T","M","E"],"build_version":"2019-01-23","purchased_purges":2,"victory":false,"max_hp_per_floor":[75,75,75,75,75,75,75,75,75,75,75,75,75,75,75,75,75,75,75,75,75,75,75,75,75,75,75,75],"card_choices":[{"not_picked":["Defragment","Rebound"],"picked":"Coolheaded","floor":1},{"not_picked":["Hello World","Redo"],"picked":"Conserve Battery","floor":2},{"not_picked":["Turbo","Coolheaded"],"picked":"Cold Snap","floor":3},{"not_picked":["Streamline","Go for the Eyes"],"picked":"Compile Driver","floor":4},{"not_picked":["Streamline","Auto Shields"],"picked":"Ball Lightning","floor":5},{"not_picked":["Reinforced Body","Skim"],"picked":"Core Surge","floor":6},{"not_picked":["Auto Shields","Consume"],"picked":"Cold Snap","floor":8},{"not_picked":["Double Energy","Redo"],"picked":"Chill","floor":13},{"not_picked":["Auto Shields","Static Discharge"],"picked":"Barrage","floor":14},{"not_picked":["Thunder Strike","All For One"],"picked":"Buffer","floor":16},{"not_picked":["Stack","Sweeping Beam"],"picked":"Ball Lightning","floor":18},{"not_picked":["Sweeping Beam","Rebound"],"picked":"Redo+1","floor":19},{"not_picked":["Beam Cell","Sunder","Heatsinks"],"picked":"SKIP","floor":22},{"not_picked":["Leap","Turbo+1"],"picked":"BootSequence","floor":23},{"not_picked":["Rip and Tear","Rebound"],"picked":"Barrage","floor":25},{"not_picked":["Go for the Eyes+1","Reboot"],"picked":"Barrage","floor":27}],"player_experience":118886,"relics_obtained":[{"floor":6,"key":"Turnip"},{"floor":9,"key":"Shuriken"},{"floor":14,"key":"Regal Pillow"},{"floor":23,"key":"Pocketwatch"},{"floor":26,"key":"Tiny Chest"}],"event_choices":[{"damage_healed":0,"gold_gain":175,"player_choice":"AGREE","damage_taken":0,"max_hp_gain":0,"max_hp_loss":0,"event_name":"Liars Game","floor":11,"gold_loss":0,"cards_obtained":["Doubt"]},{"damage_healed":0,"gold_gain":99,"player_choice":"Stole From Cult","damage_taken":0,"max_hp_gain":0,"max_hp_loss":0,"event_name":"Nest","floor":21,"gold_loss":0}],"is_beta":false,"boss_relics":[{"not_picked":["Orrery","Coffee Dripper"],"picked":"Fusion Hammer"}],"items_purged_floors":[12,20],"is_endless":false,"potions_floor_spawned":[2,3,6,14,16,19,25],"killed_by":"Slavers","ascension_level":2}