{"gold_per_floor":[111,127,142,159,159,159,259,259,259,273,291,316,165,240,240,343,343,360,460,473,492,502,502,527,541,541,560,560,560,575,575,575,676,676,696,45,45,45,64,64,98,98,98,141,151,161,161,71,71,71],"floor_reached":51,"playtime":1061,"items_purged":["Pommel Strike","Writhe"],"score":951,"play_id":"2dbd0a16-caaf-4f1a-9a33-d734db40dcd7","local_time":"20180927165541","daily_mods":["Draft","Heirloom","Time Dilation","Vintage"],"is_ascension_mode":false,"campfire_choices":[{"data":"Panacea","floor":6,"key":"SMITH"},{"data":"Flex","floor":8,"key":"SMITH"},{"data":"Rampage","floor":15,"key":"SMITH"},{"data":"Flex","floor":23,"key":"SMITH"},{"data":"Exhume","floor":32,"key":"SMITH"},{"data":"Offering","floor":40,"key":"SMITH"},{"data":"Pummel","floor":42,"key":"SMITH"},{"data":"Heavy Blade","floor":49,"key":"SMITH"}],"neow_cost":"","seed_source_timestamp":0,"circlet_count":0,"master_deck":["Panacea+1","Sword Boomerang","Flex+1","Finesse","Heavy Blade+1","Clash","Trip","Twin Strike","Sword Boomerang+1","Pummel+1","Clash","Flex+1","Rampage+1","Offering+1","Exhume+1","Flash of Steel","Deep Breath+1","Dramatic Entrance","PanicButton+1","Violence+1","Madness+1","Corruption+1","Spot Weakness+1"],"relics":["Burning Blood","WingedGreaves","Paper Frog","Letter Opener","Anchor","Matryoshka","Pen Nib","Pantograph","Gambling Chip","StoneCalendar","Ginger","PreservedInsect","Bag of Marbles","Empty Cage","Ancient Tea Set","Charon\u0027s Ashes","Question Card","Blue Candle","Kunai","Gremlin Horn","Orichalcum","Toxic Egg 2","Regal Pillow","Ornamental Fan","Self Forming Clay","Mercury Hourglass","The Courier","Bird Faced Urn","Lizard Tail","Frozen Egg 2","Molten Egg 2","Pear","Darkstone Periapt","Nunchaku","Mummified Hand","Tiny Chest","Red Skull","Singing Bowl","Shovel"],"potions_floor_usage":[16],"damage_taken":[{"damage":0,"enemies":"2 Louse","floor":1,"turns":1},{"damage":0,"enemies":"Jaw Worm","floor":2,"turns":1},{"damage":0,"enemies":"Cultist","floor":3,"turns":1},{"damage":0,"enemies":"Large Slime","floor":4,"turns":2},{"damage":0,"enemies":"Exordium Thugs","floor":10,"turns":1},{"damage":2,"enemies":"Blue Slaver","floor":11,"turns":2},{"damage":0,"enemies":"Gremlin Nob","floor":12,"turns":1},{"damage":0,"enemies":"Slime Boss","floor":16,"turns":2},{"damage":6,"enemies":"Shell Parasite","floor":18,"turns":1},{"damage":6,"enemies":"Colosseum Slavers","floor":19,"turns":1},{"damage":0,"enemies":"Colosseum Nobs","floor":19,"turns":1},{"damage":0,"enemies":"2 Thieves","floor":20,"turns":1},{"damage":2,"enemies":"Centurion and Healer","floor":21,"turns":2},{"damage":0,"enemies":"Snecko","floor":22,"turns":1},{"damage":0,"enemies":"Slavers","floor":24,"turns":1},{"damage":6,"enemies":"3 Cultists","floor":25,"turns":1},{"damage":0,"enemies":"Shelled Parasite and Fungi","floor":27,"turns":1},{"damage":0,"enemies":"Centurion and Healer","floor":30,"turns":1},{"damage":6,"enemies":"Collector","floor":33,"turns":1},{"damage":6,"enemies":"3 Darklings","floor":35,"turns":1},{"damage":0,"enemies":"3 Shapes","floor":39,"turns":1},{"damage":6,"enemies":"2 Orb Walkers","floor":41,"turns":1},{"damage":0,"enemies":"3 Darklings","floor":44,"turns":1},{"damage":0,"enemies":"Reptomancer","floor":45,"turns":2},{"damage":0,"enemies":"Spire Growth","floor":46,"turns":2},{"damage":44,"enemies":"Awakened One","floor":50,"turns":3}],"seed_played":"2832002564019493924","potions_obtained":[{"floor":1,"key":"SkillPotion"},{"floor":3,"key":"Dexterity Potion"},{"floor":11,"key":"Block Potion"},{"floor":19,"key":"Weak Potion"},{"floor":24,"key":"SteroidPotion"}],"is_trial":true,"path_per_floor":["M","M","M","M","?","R","?","R","T","M","M","E","$","?","R","B",null,"M","?","M","M","M","R","E","M","T","M","?","?","M","?","R","B",null,"M","$","?","$","M","R","E","R","T","M","M","M","T","?","R","B"],"character_chosen":"IRONCLAD","items_purchased":["Rampage","Molten Egg 2","Pear","Madness+1","Corruption+1"],"campfire_rested":0,"item_purchase_floors":[13,36,36,36,36],"current_hp_per_floor":[80,80,80,80,68,68,68,68,68,74,78,80,80,69,69,80,80,80,80,80,80,80,80,80,80,80,80,40,40,46,46,46,71,80,80,90,90,90,90,90,90,90,90,90,90,90,90,90,90,54],"gold":71,"neow_bonus":"","is_prod":false,"is_daily":false,"chose_seed":false,"campfire_upgraded":8,"win_rate":0,"timestamp":1538034941,"path_taken":["M","M","M","M","?","R","?","R","T","M","M","E","$","?","R","BOSS","M","?","M","M","M","R","E","M","T","?","?","?","M","?","R","BOSS","M","$","?","$","M","R","E","R","T","M","M","M","?","?","R","BOSS"],"build_version":"2018-09-20","purchased_purges":2,"victory":true,"max_hp_per_floor":[80,80,80,80,80,80,80,80,80,80,80,80,80,80,80,80,80,80,80,80,80,80,80,80,80,80,80,80,80,80,80,80,80,80,80,90,90,90,90,90,90,90,90,90,90,90,90,90,90,90],"card_choices":[{"not_picked":["Sword Boomerang","Anger"],"picked":"Panacea","floor":0},{"not_picked":["Headbutt","Havoc"],"picked":"Sword Boomerang","floor":0},{"not_picked":["Twin Strike","Iron Wave"],"picked":"Flex","floor":0},{"not_picked":["Armaments","Twin Strike"],"picked":"Finesse","floor":0},{"not_picked":["Twin Strike","Clothesline"],"picked":"Heavy Blade","floor":0},{"not_picked":["Ghostly Armor","Iron Wave"],"picked":"Clash","floor":0},{"not_picked":["Cleave","Deep Breath"],"picked":"Shrug It Off","floor":0},{"not_picked":["Anger","Perfected Strike"],"picked":"Trip","floor":0},{"not_picked":["Havoc","Warcry"],"picked":"Anger","floor":0},{"not_picked":["Clothesline","Feel No Pain"],"picked":"Pommel Strike","floor":0},{"not_picked":["Armaments","Iron Wave"],"picked":"Pommel Strike","floor":0},{"not_picked":["Shockwave","Body Slam"],"picked":"Twin Strike","floor":0},{"not_picked":["Body Slam","Deep Breath"],"picked":"Sword Boomerang","floor":0},{"not_picked":["Clothesline","Thunderclap"],"picked":"Pummel","floor":0},{"not_picked":["Armaments","Heavy Blade"],"picked":"Clash","floor":0},{"not_picked":["Flame Barrier","Wild Strike"],"picked":"Flex","floor":12},{"not_picked":["Secret Weapon","Fiend Fire"],"picked":"Offering","floor":16},{"not_picked":["Shrug It Off","Wild Strike+1"],"picked":"Body Slam+1","floor":19},{"not_picked":["Sword Boomerang","Pommel Strike","Headbutt"],"picked":"Exhume","floor":24},{"not_picked":["Secret Technique+1","Apotheosis+1","Secret Weapon+1"],"picked":"Violence+1","floor":33},{"not_picked":["Cleave+1","Sword Boomerang+1","Disarm+1"],"picked":"Spot Weakness+1","floor":41}],"player_experience":288170,"relics_obtained":[{"floor":1,"key":"Paper Frog"},{"floor":2,"key":"Letter Opener"},{"floor":3,"key":"Anchor"},{"floor":4,"key":"Matryoshka"},{"floor":9,"key":"Pantograph"},{"floor":9,"key":"Gambling Chip"},{"floor":10,"key":"StoneCalendar"},{"floor":11,"key":"Ginger"},{"floor":12,"key":"PreservedInsect"},{"floor":16,"key":"Bag of Marbles"},{"floor":18,"key":"Ancient Tea Set"},{"floor":19,"key":"Charon\u0027s Ashes"},{"floor":19,"key":"Question Card"},{"floor":20,"key":"Blue Candle"},{"floor":21,"key":"Kunai"},{"floor":22,"key":"Gremlin Horn"},{"floor":24,"key":"Orichalcum"},{"floor":25,"key":"Toxic Egg 2"},{"floor":26,"key":"Regal Pillow"},{"floor":26,"key":"Ornamental Fan"},{"floor":27,"key":"Self Forming Clay"},{"floor":30,"key":"Mercury Hourglass"},{"floor":33,"key":"Bird Faced Urn"},{"floor":35,"key":"Frozen Egg 2"},{"floor":39,"key":"Darkstone Periapt"},{"floor":41,"key":"Nunchaku"},{"floor":43,"key":"Mummified Hand"},{"floor":44,"key":"Tiny Chest"},{"floor":45,"key":"Red Skull"},{"floor":46,"key":"Singing Bowl"},{"floor":47,"key":"Shovel"}],"event_choices":[{"event_name":"Scrap Ooze","player_choice":"success","floor":5,"damage_taken":12},{"event_name":"Golden Shrine","player_choice":"Pray","floor":7,"damage_taken":0},{"event_name":"World of Goop","player_choice":"Gather Gold","floor":14,"damage_taken":0},{"event_name":"Colosseum","player_choice":"Fight","floor":19,"damage_taken":0},{"event_name":"Colosseum","player_choice":"Fought Nobs","floor":19,"damage_taken":0},{"event_name":"Knowing Skull","player_choice":"CARD CARD CARD CARD ","floor":28,"damage_taken":0},{"event_name":"Ghosts","player_choice":"Ignored","floor":29,"damage_taken":0},{"event_name":"The Mausoleum","player_choice":"Yes","floor":31,"damage_taken":0},{"event_name":"Bonfire Elementals","player_choice":"COMMON","floor":37,"damage_taken":0},{"event_name":"Designer","player_choice":"Full Service","floor":48,"damage_taken":0}],"is_beta":false,"boss_relics":[{"not_picked":["Runic Pyramid","Busted Crown"],"picked":"Empty Cage"},{"not_picked":["Velvet Choker","Cursed Key"],"picked":"Lizard Tail"}],"items_purged_floors":[13,36],"is_endless":false,"potions_floor_spawned":[1,3,11,19,21,24,25,27,35,45,46],"ascension_level":0}