{"gold_per_floor":[111,111,126,76,89,129,129,167,167,167,187,59,59,10,10,140,140,164,89,89,110,110,110,29,29,29,49,70,86,122,136,136,261,261,274,1273,1297,1297,1316,1316,1316,1331,1355,1206,1224,97,97,118,118,118],"floor_reached":51,"playtime":1469,"items_purged":["Strike_R","Normality","Normality"],"score":725,"play_id":"3e649e1a-17fe-43ed-bab1-4bf6b2cf327b","local_time":"20190423200502","is_ascension_mode":false,"campfire_choices":[{"data":"Cleave","floor":7.0,"key":"SMITH"},{"floor":13.0,"key":"REST"},{"data":"Fire Breathing","floor":15.0,"key":"SMITH"},{"data":"True Grit","floor":23.0,"key":"SMITH"},{"floor":32.0,"key":"REST"},{"data":"Offering","floor":40.0,"key":"SMITH"},{"floor":49,"key":"REST"}],"neow_cost":"NONE","seed_source_timestamp":745349823637140,"circlet_count":0,"master_deck":["Strike_R","Defend_R","Defend_R+1","Defend_R+1","Defend_R+1","Bash","Thunderclap","Cleave+1","Fire Breathing+1","Rampage+1","Whirlwind+1","Shrug It Off","Thunderclap+1","Immolate+1","True Grit+1","Offering+1","Intimidate","Demon Form","Bludgeon+1","Madness","Madness+1","Parasite","Disarm+1","Sadistic Nature","Shrug It Off","Panacea","Sucker Punch+1"],"special_seed":0,"relics":["Burning Blood","NeowsBlessing","Golden Idol","Oddly Smooth Stone","Molten Egg 2","Lantern","Lizard Tail","Incense Burner","Ornamental Fan","Pocketwatch","Mark of Pain","Boot","War Paint","Shuriken","Letter Opener","PrismaticShard"],"potions_floor_usage":[45,45,50],"damage_taken":[{"damage":0.0,"enemies":"2 Louse","floor":1.0,"turns":1.0},{"damage":0.0,"enemies":"Small Slimes","floor":3.0,"turns":1.0},{"damage":0.0,"enemies":"Jaw Worm","floor":5.0,"turns":1.0},{"damage":20.0,"enemies":"Gremlin Nob","floor":6.0,"turns":4.0},{"damage":37.0,"enemies":"Lagavulin","floor":8.0,"turns":8.0},{"damage":2.0,"enemies":"Large Slime","floor":11.0,"turns":4.0},{"damage":39.0,"enemies":"The Guardian","floor":16.0,"turns":11.0},{"damage":14.0,"enemies":"2 Thieves","floor":18.0,"turns":2.0},{"damage":1.0,"enemies":"Chosen","floor":21.0,"turns":3.0},{"damage":20.0,"enemies":"Centurion and Healer","floor":27.0,"turns":3.0},{"damage":36.0,"enemies":"Snake Plant","floor":28.0,"turns":3.0},{"damage":7.0,"enemies":"Chosen and Byrds","floor":29.0,"turns":3.0},{"damage":9.0,"enemies":"Book of Stabbing","floor":30.0,"turns":3.0},{"damage":6.0,"enemies":"3 Cultists","floor":31.0,"turns":1.0},{"damage":49.0,"enemies":"Collector","floor":33.0,"turns":9.0},{"damage":15.0,"enemies":"3 Shapes","floor":35.0,"turns":1.0},{"damage":6.0,"enemies":"Orb Walker","floor":39.0,"turns":1.0},{"damage":21.0,"enemies":"Writhing Mass","floor":42.0,"turns":5.0},{"damage":17,"enemies":"Jaw Worm Horde","floor":45,"turns":3},{"damage":12,"enemies":"Sphere and 2 Shapes","floor":48,"turns":4},{"damage":18,"enemies":"Time Eater","floor":50,"turns":8}],"seed_played":"-594061775697487624","potions_obtained":[{"floor":3.0,"key":"BloodPotion"},{"floor":8.0,"key":"Fruit Juice"},{"floor":21.0,"key":"Weak Potion"},{"floor":27.0,"key":"AttackPotion"},{"floor":29.0,"key":"SkillPotion"},{"floor":31.0,"key":"Fire Potion"},{"floor":33.0,"key":"Weak Potion"},{"floor":35.0,"key":"Swift Potion"},{"floor":42.0,"key":"SteroidPotion"},{"floor":45,"key":"Swift Potion"}],"is_trial":false,"path_per_floor":["M","?","M","?","M","E","R","E","T","?","M","$","R","$","R","B",null,"M","?","?","M","?","R","$","?","T","M","M","M","E","M","R","B",null,"M","?","T","?","M","R","?","M","T","$","M","$","?","M","R","B",null],"character_chosen":"IRONCLAD","items_purchased":["Shrug It Off","Thunderclap+1","Offering","AttackPotion","Shuriken","Energy Potion","Letter Opener","PrismaticShard","Sadistic Nature","Shrug It Off"],"campfire_rested":3,"item_purchase_floors":[12,14,24,44,46,46,46,46,46,46],"current_hp_per_floor":[80,60,66,66,72,58,58,32,32,15,19,19,44,44,44,19,85,77,77,77,82,82,82,82,82,82,68,38,37,34,34,59,16,85,76,76,76,76,76,76,65,50,50,50,39,39,39,33,58,46],"gold":118,"neow_bonus":"THREE_ENEMY_KILL","is_prod":false,"is_daily":false,"chose_seed":false,"campfire_upgraded":4,"win_rate":0,"timestamp":1556042702,"path_taken":["M","?","M","?","M","E","R","E","T","?","M","?","R","$","R","BOSS","M","?","?","M","?","R","?","?","T","M","M","M","E","M","R","BOSS","M","?","?","?","?","R","?","M","T","$","M","$","?","M","R","BOSS"],"build_version":"2019-01-23","purchased_purges":3,"victory":true,"max_hp_per_floor":[80,80,80,80,80,80,80,85,85,85,85,85,85,85,85,85,85,85,85,85,85,85,85,85,85,85,85,85,85,85,85,85,85,85,85,85,85,85,85,85,85,85,85,85,85,85,85,85,85,85],"card_choices":[{"not_picked":["Iron Wave","Warcry"],"picked":"Thunderclap","floor":1.0},{"not_picked":["Twin Strike","Battle Trance"],"picked":"Cleave","floor":3.0},{"not_picked":["Carnage","Corruption"],"picked":"Fire Breathing","floor":5.0},{"not_picked":["Corruption","Limit Break","Headbutt"],"picked":"SKIP","floor":6.0},{"not_picked":["Blood for Blood","Ghostly Armor"],"picked":"Rampage","floor":8.0},{"not_picked":["Clothesline+1","Twin Strike+1"],"picked":"Whirlwind+1","floor":11.0},{"not_picked":["Fiend Fire+1","Brutality"],"picked":"Immolate+1","floor":16.0},{"not_picked":["Sword Boomerang+1","Heavy Blade+1","Twin Strike+1"],"picked":"SKIP","floor":18.0},{"not_picked":["Anger+1","Whirlwind+1","Clothesline+1"],"picked":"SKIP","floor":21.0},{"not_picked":["Headbutt+1","Seeing Red","Reckless Charge+1"],"picked":"SKIP","floor":27.0},{"not_picked":["Perfected Strike+1","Sword Boomerang+1","Pommel Strike+1"],"picked":"SKIP","floor":28.0},{"not_picked":["Clash+1","Body Slam+1","Dropkick+1"],"picked":"SKIP","floor":29.0},{"not_picked":["Warcry","True Grit+1"],"picked":"Intimidate","floor":30.0},{"not_picked":["Twin Strike+1","Sword Boomerang+1","Bloodletting"],"picked":"SKIP","floor":31.0},{"not_picked":["Brutality","Offering"],"picked":"Demon Form","floor":33.0},{"not_picked":["Sever Soul+1","Entrench+1","Thunderclap+1"],"picked":"SKIP","floor":35.0},{"not_picked":["Searing Blow+1","Wild Strike+1","Iron Wave+1"],"picked":"SKIP","floor":39.0},{"not_picked":["Warcry","Armaments+1","Sever Soul+1"],"picked":"SKIP","floor":42.0},{"not_picked":["Perfected Strike+1","True Grit"],"picked":"Disarm+1","floor":45},{"not_picked":["Blind","Bandage Up"],"picked":"Panacea","floor":47},{"not_picked":["Outmaneuver","Leap"],"picked":"Sucker Punch+1","floor":48}],"player_experience":266671,"relics_obtained":[{"floor":6.0,"key":"Oddly Smooth Stone"},{"floor":8.0,"key":"Molten Egg 2"},{"floor":9.0,"key":"Lantern"},{"floor":26.0,"key":"Ornamental Fan"},{"floor":30.0,"key":"Pocketwatch"},{"floor":37.0,"key":"Boot"},{"floor":43.0,"key":"War Paint"}],"event_choices":[{"damage_healed":0.0,"max_hp_gain":0.0,"max_hp_loss":0.0,"gold_gain":0.0,"event_name":"Golden Idol","player_choice":"Take Damage","floor":2.0,"gold_loss":0.0,"damage_taken":20.0,"relics_obtained":["Golden Idol"]},{"cards_removed":["Strike_R"],"damage_healed":0.0,"max_hp_gain":0.0,"max_hp_loss":0.0,"gold_gain":0.0,"event_name":"The Cleric","player_choice":"Card Removal","floor":4.0,"gold_loss":50.0,"damage_taken":0.0},{"damage_healed":0.0,"max_hp_gain":0.0,"max_hp_loss":0.0,"gold_gain":0.0,"event_name":"Shining Light","player_choice":"Entered Light","floor":10.0,"gold_loss":0.0,"damage_taken":17.0,"cards_upgraded":["Defend_R","Defend_R"]},{"cards_removed":["Strike_R"],"damage_healed":0.0,"max_hp_gain":0.0,"max_hp_loss":0.0,"gold_gain":0.0,"event_name":"Beggar","player_choice":"Gave Gold","floor":19.0,"gold_loss":75.0,"damage_taken":0.0},{"damage_healed":0.0,"max_hp_gain":0.0,"max_hp_loss":0.0,"gold_gain":0.0,"event_name":"The Mausoleum","player_choice":"Opened","floor":20.0,"gold_loss":0.0,"damage_taken":0.0,"relics_obtained":["Incense Burner"]},{"damage_healed":0.0,"max_hp_gain":0.0,"max_hp_loss":0.0,"gold_gain":0.0,"event_name":"The Library","player_choice":"Read","floor":22.0,"gold_loss":0.0,"damage_taken":0.0,"cards_obtained":["True Grit"]},{"cards_removed":["Strike_R"],"damage_healed":0.0,"max_hp_gain":0.0,"max_hp_loss":0.0,"gold_gain":0.0,"event_name":"Back to Basics","player_choice":"Elegance","floor":25.0,"gold_loss":0.0,"damage_taken":0.0},{"damage_healed":0.0,"max_hp_gain":0.0,"max_hp_loss":0.0,"gold_gain":999.0,"event_name":"MindBloom","player_choice":"Gold","floor":36.0,"gold_loss":0.0,"damage_taken":0.0,"cards_obtained":["Normality","Normality"]},{"damage_healed":0.0,"max_hp_gain":0.0,"max_hp_loss":0.0,"gold_gain":0.0,"event_name":"Match and Keep!","player_choice":"1 cards matched","floor":38.0,"gold_loss":0.0,"damage_taken":0.0,"cards_obtained":["Bludgeon"]},{"damage_healed":0.0,"max_hp_gain":0.0,"max_hp_loss":0.0,"gold_gain":0.0,"event_name":"Winding Halls","player_choice":"Embrace Madness","floor":41.0,"gold_loss":0.0,"damage_taken":11.0,"cards_obtained":["Madness","Madness"]},{"damage_healed":0,"gold_gain":0,"player_choice":"Memory 1","damage_taken":0,"max_hp_gain":0,"max_hp_loss":0,"event_name":"SensoryStone","floor":47,"gold_loss":0}],"is_beta":false,"boss_relics":[{"not_picked":["Eternal Feather","Runic Cube"],"picked":"Lizard Tail"},{"not_picked":["Snecko Eye","Orrery"],"picked":"Mark of Pain"}],"items_purged_floors":[12,44,46],"is_endless":false,"potions_floor_spawned":[3,8,21,27,29,31,33,35,42,45],"ascension_level":0}