{"gold_per_floor":[117,117,127,52,52,87,97,97,123,123,138,138,66,66,66,170,170,186,204,204,204],"floor_reached":21,"playtime":735,"items_purged":["Strike_R"],"score":202,"play_id":"804eba32-8a20-4880-b791-15c897ba5775","local_time":"20190424202829","is_ascension_mode":false,"campfire_choices":[{"data":"Havoc","floor":10,"key":"SMITH"},{"data":"Run Through","floor":12,"key":"SMITH"},{"data":"Metallicize","floor":15,"key":"SMITH"}],"neow_cost":"NONE","seed_source_timestamp":3343320445094,"circlet_count":0,"master_deck":["Strike_R","Strike_R","Defend_R","Defend_R","Defend_R","Bash","Combust+1","ReplayTheSpireMod:Strike From Hell","Havoc+1","Run Through+1","Metallicize+1","Replay:Many Hands","Combust","Run Through","Guardian:Gem_White","Guardian:Gem_Blue"],"relics":["Burning Blood","NeowsBlessing","Potion Belt","Pet Ghost","Empty Cage"],"potions_floor_usage":[16,16,16,19],"damage_taken":[{"damage":0,"enemies":"Jaw Worm","floor":1,"turns":1},{"damage":0,"enemies":"Cultist","floor":3,"turns":1},{"damage":0,"enemies":"Lagavulin","floor":6,"turns":1},{"damage":5,"enemies":"2 Louse","floor":7,"turns":3},{"damage":8,"enemies":"Large Slime","floor":11,"turns":4},{"damage":23,"enemies":"Fading Forest","floor":16,"turns":11},{"damage":28,"enemies":"theJungle:MUSHROOMGANG","floor":18,"turns":5},{"damage":26,"enemies":"Shell Parasite","floor":19,"turns":5},{"damage":0,"enemies":"theJungle:Snecko_Cultist_And_Trap","floor":21,"turns":2}],"seed_played":"-5952832218852593026","potions_obtained":[{"floor":1,"key":"AttackPotion"},{"floor":8,"key":"Venom Potion"},{"floor":8,"key":"Dexterity Potion"},{"floor":8,"key":"Energy Potion"},{"floor":18,"key":"GamblersBrew"},{"floor":19,"key":"Fruit Juice"}],"is_trial":false,"path_per_floor":["M","?","M","$","?","E","M","?","T","R","M","R","$","?","R","B",null,"M","M","?","M"],"character_chosen":"IRONCLAD","items_purchased":["Metallicize"],"campfire_rested":0,"item_purchase_floors":[13],"current_hp_per_floor":[80,80,80,80,80,80,80,80,80,80,78,78,78,71,71,64,80,58,43,43,43],"gold":204,"neow_bonus":"THREE_ENEMY_KILL","is_prod":false,"is_daily":false,"chose_seed":false,"campfire_upgraded":3,"win_rate":0,"timestamp":1556130509,"path_taken":["M","?","?","$","?","E","M","?","T","R","?","R","$","?","R","BOSS","M","M","?","M"],"build_version":"2019-01-23","purchased_purges":1,"victory":false,"max_hp_per_floor":[80,80,80,80,80,80,80,80,80,80,80,80,80,80,80,80,80,80,85,85,85],"card_choices":[{"not_picked":["Hemokinesis","Body Slam"],"picked":"Combust","floor":1},{"not_picked":["Dual Wield","Body Slam","Wild Strike"],"picked":"SKIP","floor":3},{"not_picked":["Thunderclap","Body Slam"],"picked":"ReplayTheSpireMod:Strike From Hell","floor":6},{"not_picked":["hubris:CleavingFinish","ReplayTheSpireMod:Corrosion Curse"],"picked":"Havoc","floor":7},{"not_picked":["ReplayTheSpireMod:Strike From Hell","Body Slam"],"picked":"Run Through","floor":11},{"not_picked":["Immolate","Impervious"],"picked":"Replay:Many Hands","floor":16},{"not_picked":["Warcry+1","Pummel"],"picked":"Combust","floor":18},{"not_picked":["Massacre","hubris:CleavingFinish"],"picked":"Run Through","floor":19}],"player_experience":279886,"relics_obtained":[{"floor":6,"key":"Potion Belt"},{"floor":9,"key":"Pet Ghost"}],"event_choices":[{"damage_healed":0,"gold_gain":0,"player_choice":"Bought 0 Potions","damage_taken":0,"max_hp_gain":0,"max_hp_loss":0,"event_name":"The Woman in Blue","floor":2,"gold_loss":0},{"damage_healed":0,"gold_gain":0,"player_choice":"Grow","damage_taken":0,"max_hp_gain":0,"max_hp_loss":0,"event_name":"Living Wall","floor":5,"gold_loss":0,"cards_upgraded":["Combust"]},{"damage_healed":0,"gold_gain":0,"player_choice":"Got Potions","damage_taken":0,"max_hp_gain":0,"max_hp_loss":0,"event_name":"Lab","floor":8,"gold_loss":0},{"cards_removed":["Strike_R"],"damage_healed":0,"gold_gain":0,"player_choice":"Card Removal","damage_taken":7,"max_hp_gain":0,"max_hp_loss":0,"event_name":"Golden Wing","floor":14,"gold_loss":0}],"is_beta":false,"boss_relics":[{"not_picked":["Pandora\u0027s Box","Velvet Choker"],"picked":"Empty Cage"}],"items_purged_floors":[4],"is_endless":false,"potions_floor_spawned":[1,18,19],"killed_by":"theJungle:Snecko_Cultist_And_Trap","ascension_level":0}