{"gold_per_floor":[109,184,184,184,149,149,16,32,59,59,97,113,153,173,173,302,302,316,14,14,34,34,34,59,59,59,80,95,95,45,45,45,168,168,182,182,202,9,9,9,9],"floor_reached":41,"playtime":3347,"items_purged":["Strike_R","Defend_R","Defend_R"],"score":422,"play_id":"88388d5c-b7f9-4981-9754-89d7729ef5c0","local_time":"20190115225943","is_ascension_mode":false,"campfire_choices":[{"data":"Spot Weakness","floor":6,"key":"SMITH"},{"floor":10,"key":"REST"},{"floor":15,"key":"REST"},{"data":"Limit Break","floor":23,"key":"SMITH"},{"floor":25,"key":"REST"},{"floor":32,"key":"REST"},{"floor":40,"key":"REST"}],"neow_cost":"NONE","seed_source_timestamp":464252651165607,"circlet_count":0,"master_deck":["Defend_R","Defend_R","Bash","Impatience","Spot Weakness+1","Armaments","Combust","Infernal Blade","Infernal Blade","Fire Breathing","Dropkick","Burning Pact","Limit Break+1","Seeing Red+1","Corruption+1","Anger+1","Shrug It Off","Armaments+1","Shrug It Off+1","Battle Trance+1","Second Wind+1","Thunderclap","Bite","Bite","Bite","Bite","Bite","Demon Form","Flex+1","Madness+1","Madness+1","Rupture"],"relics":["Burning Blood","Lantern","Golden Idol","Smiling Mask","Mango","Charon\u0027s Ashes","Astrolabe","Toxic Egg 2","Darkstone Periapt","Sozu","Bag of Marbles"],"potions_floor_usage":[16,33,33,33],"damage_taken":[{"damage":7,"enemies":"Small Slimes","floor":1,"turns":4},{"damage":9,"enemies":"2 Louse","floor":8,"turns":3},{"damage":26,"enemies":"Gremlin Nob","floor":11,"turns":4},{"damage":0,"enemies":"Cultist","floor":12,"turns":2},{"damage":31,"enemies":"3 Sentries","floor":13,"turns":5},{"damage":1,"enemies":"3 Louse","floor":14,"turns":2},{"damage":50,"enemies":"Slime Boss","floor":16,"turns":8},{"damage":21,"enemies":"Shell Parasite","floor":18,"turns":4},{"damage":26,"enemies":"2 Thieves","floor":21,"turns":4},{"damage":33,"enemies":"Centurion and Healer","floor":24,"turns":5},{"damage":15,"enemies":"3 Cultists","floor":27,"turns":4},{"damage":30,"enemies":"Cultist and Chosen","floor":28,"turns":6},{"damage":64,"enemies":"Champ","floor":33,"turns":12},{"damage":26,"enemies":"3 Darklings","floor":35,"turns":6},{"damage":9,"enemies":"3 Shapes","floor":37,"turns":3},{"damage":102,"enemies":"Giant Head","floor":41,"turns":7}],"seed_played":"-7615993623180603431","potions_obtained":[{"floor":11,"key":"Strength Potion"},{"floor":14,"key":"Explosive Potion"},{"floor":18,"key":"FearPotion"},{"floor":27,"key":"PowerPotion"}],"is_trial":false,"path_per_floor":["M","?","?","?","?","R","$","M","T","R","E","M","E","M","R","B",null,"M","$","?","M","?","R","M","R","T","M","M","?","$","?","R","B",null,"M","?","M","$","?","R","E"],"character_chosen":"IRONCLAD","items_purchased":["Armaments","Combust","Toxic Egg 2","Bag of Marbles"],"campfire_rested":5,"item_purchase_floors":[7,7,19,38],"current_hp_per_floor":[79,68,56,36,56,56,56,53,53,77,71,77,52,57,85,41,94,79,79,79,59,59,59,32,60,60,51,27,27,27,27,46,17,65,50,42,45,45,45,64,0],"gold":9,"neow_bonus":"RANDOM_COLORLESS","is_prod":false,"is_daily":false,"chose_seed":false,"campfire_upgraded":2,"win_rate":0.0,"timestamp":1547611183,"path_taken":["M","?","?","?","?","R","$","M","T","R","E","M","E","M","R","BOSS","M","$","?","M","?","R","M","R","T","?","M","?","?","?","R","BOSS","M","?","M","$","?","R","E"],"build_version":"2019-01-10","purchased_purges":3,"victory":false,"max_hp_per_floor":[80,80,80,80,80,80,80,80,80,80,94,94,94,94,94,94,94,94,94,94,94,94,94,94,94,94,94,94,94,94,65,65,65,65,65,65,65,65,65,65,65],"card_choices":[{"not_picked":["Clash","Wild Strike"],"picked":"Spot Weakness","floor":1},{"not_picked":["Heavy Blade","Headbutt"],"picked":"Infernal Blade","floor":8},{"not_picked":["Iron Wave","Flex"],"picked":"Infernal Blade","floor":11},{"not_picked":["True Grit","Pummel"],"picked":"Fire Breathing","floor":12},{"not_picked":["Rampage","Heavy Blade"],"picked":"Dropkick","floor":13},{"not_picked":["Perfected Strike","Reckless Charge"],"picked":"Burning Pact","floor":14},{"not_picked":["Impervious","Double Tap"],"picked":"Limit Break","floor":16},{"not_picked":["Headbutt","Warcry"],"picked":"Shrug It Off","floor":18},{"not_picked":["Twin Strike","Perfected Strike"],"picked":"Shrug It Off+1","floor":21},{"not_picked":["Armaments+1","Twin Strike"],"picked":"Battle Trance+1","floor":24},{"not_picked":["Perfected Strike","Entrench+1"],"picked":"Second Wind+1","floor":27},{"not_picked":["Second Wind+1","Wild Strike"],"picked":"Thunderclap","floor":28},{"not_picked":["Berserk","Juggernaut"],"picked":"Demon Form","floor":33},{"not_picked":["Twin Strike","Clothesline"],"picked":"Flex+1","floor":35},{"not_picked":["Sword Boomerang","Anger+1"],"picked":"Rupture","floor":37}],"player_experience":48294,"relics_obtained":[{"floor":9,"key":"Smiling Mask"},{"floor":11,"key":"Mango"},{"floor":13,"key":"Charon\u0027s Ashes"},{"floor":26,"key":"Darkstone Periapt"}],"event_choices":[{"damage_healed":0,"gold_gain":75,"player_choice":"Gather Gold","damage_taken":11,"max_hp_gain":0,"max_hp_loss":0,"event_name":"World of Goop","floor":2,"gold_loss":0},{"damage_healed":0,"gold_gain":0,"player_choice":"Success","damage_taken":12,"relics_obtained":["Lantern"],"max_hp_gain":0,"max_hp_loss":0,"event_name":"Scrap Ooze","floor":3,"gold_loss":0},{"damage_healed":0,"gold_gain":0,"player_choice":"Take Damage","damage_taken":20,"relics_obtained":["Golden Idol"],"max_hp_gain":0,"max_hp_loss":0,"event_name":"Golden Idol","floor":4,"gold_loss":0},{"damage_healed":20,"gold_gain":0,"player_choice":"Healed","damage_taken":0,"max_hp_gain":0,"max_hp_loss":0,"event_name":"The Cleric","floor":5,"gold_loss":35},{"damage_healed":0,"gold_gain":0,"player_choice":"Read","damage_taken":0,"max_hp_gain":0,"max_hp_loss":0,"event_name":"The Library","floor":20,"gold_loss":0,"cards_obtained":["Armaments"]},{"damage_healed":0,"gold_gain":0,"player_choice":"Ignored","damage_taken":0,"max_hp_gain":0,"max_hp_loss":0,"event_name":"NoteForYourself","floor":22,"gold_loss":0},{"damage_healed":0,"gold_gain":0,"player_choice":"Ignored","damage_taken":0,"max_hp_gain":0,"max_hp_loss":0,"event_name":"Ghosts","floor":29,"gold_loss":0},{"damage_healed":0,"gold_gain":0,"player_choice":"Became a vampire","damage_taken":0,"max_hp_gain":0,"max_hp_loss":29,"event_name":"Vampires","floor":31,"gold_loss":0,"cards_obtained":["Bite","Bite","Bite","Bite","Bite"]},{"damage_healed":0,"gold_gain":0,"player_choice":"Embrace Madness","damage_taken":8,"max_hp_gain":0,"max_hp_loss":0,"event_name":"Winding Halls","floor":36,"gold_loss":0,"cards_obtained":["Madness","Madness"]},{"damage_healed":0,"gold_gain":0,"player_choice":"Ignored","damage_taken":0,"max_hp_gain":0,"max_hp_loss":0,"event_name":"Mysterious Sphere","floor":39,"gold_loss":0}],"is_beta":false,"boss_relics":[{"not_picked":["Fusion Hammer","Black Star"],"picked":"Astrolabe"},{"not_picked":["Lizard Tail","Runic Cube"],"picked":"Sozu"}],"items_purged_floors":[19,30,38],"is_endless":false,"potions_floor_spawned":[11,14,18,27,28],"killed_by":"Giant Head","ascension_level":0}