{"gold_per_floor":[112,37,37,51,64,64,89,89,135,35,49,64,64,64,64,64],"floor_reached":16,"playtime":796,"items_purged":["Strike_B","Strike_B"],"score":170,"play_id":"d093a8ed-62cf-4658-9f8a-6e26827b8020","local_time":"20190520224858","is_ascension_mode":true,"campfire_choices":[{"data":"Conserve Battery","floor":6,"key":"SMITH"},{"floor":13,"key":"REST"},{"data":"Chill","floor":15,"key":"SMITH"}],"neow_cost":"NONE","seed_source_timestamp":50441457729854,"circlet_count":0,"master_deck":["AscendersBane","Strike_B","Defend_B","Defend_B","Defend_B","Defend_B","Zap","Dualcast","Conserve Battery+1","Reboot","BootSequence","Chill+1","Loop","Genetic Algorithm"],"relics":["Cracked Core","NeowsBlessing","Vajra","Strawberry"],"potions_floor_usage":[7,7,16],"damage_taken":[{"damage":0,"enemies":"Cultist","floor":1,"turns":1},{"damage":0,"enemies":"2 Louse","floor":4,"turns":1},{"damage":0,"enemies":"Jaw Worm","floor":5,"turns":1},{"damage":25,"enemies":"3 Sentries","floor":7,"turns":8},{"damage":0,"enemies":"Exordium Thugs","floor":11,"turns":7},{"damage":7,"enemies":"Red Slaver","floor":12,"turns":6},{"damage":64,"enemies":"Hexaghost","floor":16,"turns":11}],"seed_played":"8881561455217050241","potions_obtained":[{"floor":1,"key":"SkillPotion"},{"floor":4,"key":"AttackPotion"},{"floor":11,"key":"Strength Potion"}],"is_trial":false,"path_per_floor":["M","$","?","M","M","R","E","?","T","$","M","M","R","$","R","B"],"character_chosen":"DEFECT","items_purchased":[],"campfire_rested":1,"item_purchase_floors":[],"current_hp_per_floor":[64,64,64,64,64,64,39,39,46,46,46,39,62,62,62,0],"gold":64,"neow_bonus":"THREE_ENEMY_KILL","is_prod":false,"is_daily":false,"chose_seed":false,"campfire_upgraded":2,"win_rate":0,"timestamp":1558417738,"path_taken":["M","?","?","?","M","R","E","?","T","?","?","M","R","?","R","BOSS"],"build_version":"2019-01-23","purchased_purges":2,"victory":false,"max_hp_per_floor":[71,71,71,71,71,71,71,71,78,78,78,78,78,78,78,78],"card_choices":[{"not_picked":["Steam","Chaos"],"picked":"Conserve Battery","floor":1},{"not_picked":["Rebound","Turbo"],"picked":"BootSequence","floor":4},{"not_picked":["Chaos","Gash","Beam Cell"],"picked":"SKIP","floor":5},{"not_picked":["Chaos","Gash","Beam Cell"],"picked":"SKIP","floor":5},{"not_picked":["Chaos","Gash","Beam Cell"],"picked":"SKIP","floor":5},{"not_picked":["Rebound","Darkness"],"picked":"Chill","floor":7},{"not_picked":["Conserve Battery","Turbo"],"picked":"Genetic Algorithm","floor":11},{"not_picked":["Leap","Hologram","Barrage"],"picked":"SKIP","floor":12}],"player_experience":652678,"relics_obtained":[{"floor":7,"key":"Vajra"},{"floor":9,"key":"Strawberry"}],"event_choices":[{"damage_healed":0,"gold_gain":0,"player_choice":"1 cards matched","damage_taken":0,"max_hp_gain":0,"max_hp_loss":0,"event_name":"Match and Keep!","floor":3,"gold_loss":0,"cards_obtained":["Reboot"]},{"damage_healed":0,"gold_gain":0,"cards_transformed":["Strike_B"],"player_choice":"Transformed","damage_taken":0,"max_hp_gain":0,"max_hp_loss":0,"event_name":"Transmorgrifier","floor":8,"gold_loss":0,"cards_obtained":["Loop"]}],"is_beta":false,"boss_relics":[],"items_purged_floors":[2,10],"is_endless":false,"potions_floor_spawned":[1,4,11],"killed_by":"Hexaghost","ascension_level":14}