{"gold_per_floor":[113,113,113,123,142,142,14,41,41,74,74,99,115,40,40,143,143,163,163,163,163,39,39,39],"floor_reached":24,"playtime":973,"items_purged":["Strike_R","Defend_R"],"score":315,"play_id":"356424d9-1ee6-4a14-a16e-69ed54926b37","local_time":"20190301095703","is_ascension_mode":true,"campfire_choices":[{"data":"Anger","floor":6.0,"key":"SMITH"},{"data":"True Grit","floor":11.0,"key":"SMITH"},{"floor":15,"key":"DIG"},{"data":"Demon Form","floor":23,"key":"SMITH"}],"neow_cost":"NONE","seed_source_timestamp":44931894988780,"circlet_count":0,"master_deck":["AscendersBane","Strike_R+1","Defend_R","Defend_R+1","Defend_R","Bash+1","Anger+1","Shrug It Off","Reaper","Feel No Pain","True Grit+1","Whirlwind","Disarm","Fiend Fire","Shrug It Off","Demon Form+1","Feel No Pain","Flame Barrier","Pommel Strike"],"special_seed":0,"relics":["Burning Blood","Paper Frog","Matryoshka","Potion Belt","Shovel","Vajra","Empty Cage"],"potions_floor_usage":[16],"damage_taken":[{"damage":3.0,"enemies":"Small Slimes","floor":1.0,"turns":7.0},{"damage":2.0,"enemies":"2 Louse","floor":4.0,"turns":3.0},{"damage":0.0,"enemies":"Jaw Worm","floor":5.0,"turns":4.0},{"damage":25.0,"enemies":"Gremlin Nob","floor":8.0,"turns":5.0},{"damage":10.0,"enemies":"3 Sentries","floor":10.0,"turns":4.0},{"damage":22,"enemies":"Lagavulin","floor":12,"turns":6},{"damage":4,"enemies":"2 Fungi Beasts","floor":13,"turns":4},{"damage":18,"enemies":"Hexaghost","floor":16,"turns":11},{"damage":9,"enemies":"Chosen","floor":18,"turns":5},{"damage":75,"enemies":"Gremlin Leader","floor":24,"turns":4}],"seed_played":"-7623539630998004624","potions_obtained":[{"floor":5.0,"key":"Fire Potion"},{"floor":8.0,"key":"Explosive Potion"},{"floor":12,"key":"LiquidBronze"}],"is_trial":false,"path_per_floor":["M","?","?","M","M","R","$","E","T","E","R","E","M","$","R","B",null,"M","?","?","?","$","R","E"],"character_chosen":"IRONCLAD","items_purchased":["Feel No Pain","True Grit","Pommel Strike"],"campfire_rested":0,"item_purchase_floors":[7,7,22],"current_hp_per_floor":[75,59,52,56,62,62,62,47,47,51,51,39,45,45,45,41,70,75,75,60,60,60,60,0],"gold":39,"neow_bonus":"UPGRADE_CARD","is_prod":false,"is_daily":false,"chose_seed":false,"campfire_upgraded":3,"win_rate":0,"timestamp":1551409023,"path_taken":["M","?","?","M","M","R","$","E","T","E","R","E","M","$","R","BOSS","M","?","?","?","$","R","E"],"build_version":"2019-01-23","purchased_purges":2,"victory":false,"max_hp_per_floor":[80,80,80,80,80,80,80,80,80,80,80,80,80,80,80,80,80,80,80,85,85,85,85,85],"card_choices":[{"not_picked":["Headbutt","True Grit"],"picked":"Anger","floor":1.0},{"not_picked":["Headbutt","Wild Strike"],"picked":"Shrug It Off","floor":4.0},{"not_picked":["Heavy Blade","Rupture"],"picked":"Reaper","floor":5.0},{"not_picked":["Feed","Headbutt"],"picked":"Whirlwind","floor":8.0},{"not_picked":["Ghostly Armor","Intimidate"],"picked":"Disarm","floor":10.0},{"not_picked":["Perfected Strike","Armaments"],"picked":"Fiend Fire","floor":12},{"not_picked":["Reckless Charge","Headbutt"],"picked":"Shrug It Off","floor":13},{"not_picked":["Exhume","Juggernaut"],"picked":"Demon Form","floor":16},{"not_picked":["Power Through","Infernal Blade"],"picked":"Feel No Pain","floor":18}],"player_experience":390056,"relics_obtained":[{"floor":8.0,"key":"Paper Frog"},{"floor":9.0,"key":"Matryoshka"},{"floor":10.0,"key":"Potion Belt"},{"floor":12,"key":"Shovel"},{"floor":15,"key":"Vajra"}],"event_choices":[{"damage_healed":0.0,"max_hp_gain":0.0,"max_hp_loss":0.0,"gold_gain":0.0,"event_name":"Shining Light","player_choice":"Entered Light","floor":2.0,"gold_loss":0.0,"damage_taken":16.0,"cards_upgraded":["Strike_R","Defend_R"]},{"cards_removed":["Strike_R"],"damage_healed":0.0,"max_hp_gain":0.0,"max_hp_loss":0.0,"gold_gain":0.0,"event_name":"Golden Wing","player_choice":"Card Removal","floor":3.0,"gold_loss":0.0,"damage_taken":7.0},{"damage_healed":0,"gold_gain":0,"player_choice":"Ignored","damage_taken":0,"max_hp_gain":0,"max_hp_loss":0,"event_name":"Ghosts","floor":19,"gold_loss":0},{"damage_healed":0,"gold_gain":0,"player_choice":"Shed Blood","damage_taken":20,"max_hp_gain":5,"max_hp_loss":0,"event_name":"Forgotten Altar","floor":20,"gold_loss":0},{"damage_healed":0,"gold_gain":0,"player_choice":"Read","damage_taken":0,"max_hp_gain":0,"max_hp_loss":0,"event_name":"The Library","floor":21,"gold_loss":0,"cards_obtained":["Flame Barrier"]}],"is_beta":false,"boss_relics":[{"not_picked":["Calling Bell","Lizard Tail"],"picked":"Empty Cage"}],"items_purged_floors":[14,22],"is_endless":false,"potions_floor_spawned":[5,8,12],"killed_by":"Gremlin Leader","ascension_level":10}