{"gold_per_floor":[111,122,122,122,135,135,147,147,171,182,182,182,182,201,201,299,299],"floor_reached":17,"playtime":339,"items_purged":[],"score":147,"play_id":"bc52f159-72df-49c0-af1b-9544effb62bb","local_time":"20190603151540","is_ascension_mode":false,"campfire_choices":[{"floor":6,"key":"REST"},{"floor":11,"key":"REST"},{"floor":13,"key":"REST"},{"data":"All For One","floor":15,"key":"SMITH"}],"neow_cost":"NONE","seed_source_timestamp":32529086026547,"circlet_count":0,"master_deck":["Strike_B","Strike_B","Strike_B","Strike_B","Defend_B","Defend_B","Defend_B","Defend_B","Zap","Dualcast","Writhe","Shame","Genetic Algorithm","Rainbow","Injury","Regret","Sweeping Beam","Reinforced Body","Leap","All For One+1","Rainbow"],"relics":["Calling Bell","Vajra","Blue Candle","Bird Faced Urn","The Courier","DataDisk","Orichalcum","Runic Dome"],"potions_floor_usage":[16,16,16],"damage_taken":[{"damage":15,"enemies":"Small Slimes","floor":1,"turns":4},{"damage":8,"enemies":"2 Louse","floor":2,"turns":3},{"damage":24,"enemies":"Jaw Worm","floor":5,"turns":5},{"damage":23,"enemies":"Exordium Wildlife","floor":7,"turns":4},{"damage":5,"enemies":"2 Fungi Beasts","floor":10,"turns":4},{"damage":4,"enemies":"Blue Slaver","floor":14,"turns":4},{"damage":49,"enemies":"Hexaghost","floor":16,"turns":10}],"seed_played":"8079330149632708224","potions_obtained":[{"floor":5,"key":"Poison Potion"},{"floor":7,"key":"Fire Potion"},{"floor":14,"key":"Regen Potion"},{"floor":16,"key":"Poison Potion"}],"is_trial":false,"path_per_floor":["M","M","?","?","M","R","M","T","T","M","R","?","R","M","R","B",null],"character_chosen":"DEFECT","items_purchased":[],"campfire_rested":3,"item_purchase_floors":[],"current_hp_per_floor":[60,52,52,52,28,50,27,27,27,22,44,44,66,62,62,28,75],"gold":299,"neow_bonus":"BOSS_RELIC","is_prod":false,"is_daily":false,"chose_seed":false,"campfire_upgraded":1,"win_rate":0,"timestamp":1559567740,"path_taken":["M","M","?","?","M","R","M","?","T","?","R","?","R","M","R","BOSS"],"build_version":"2019-01-23","purchased_purges":0,"victory":false,"max_hp_per_floor":[75,75,75,75,75,75,75,75,75,75,75,75,75,75,75,75,75],"card_choices":[{"not_picked":["Barrage","Fusion"],"picked":"Genetic Algorithm","floor":1},{"not_picked":["Leap","Barrage"],"picked":"Rainbow","floor":2},{"not_picked":["Blizzard","Loop"],"picked":"Sweeping Beam","floor":5},{"not_picked":["Beam Cell","Aggregate"],"picked":"Reinforced Body","floor":7},{"not_picked":["Hello World","Undo"],"picked":"Leap","floor":10},{"not_picked":["Compile Driver","Gash"],"picked":"All For One","floor":14},{"not_picked":["Creative AI","Thunder Strike"],"picked":"Rainbow","floor":16}],"player_experience":293670,"relics_obtained":[{"floor":0,"key":"Vajra"},{"floor":0,"key":"Blue Candle"},{"floor":0,"key":"Bird Faced Urn"},{"floor":8,"key":"DataDisk"},{"floor":9,"key":"Orichalcum"}],"event_choices":[{"damage_healed":0,"gold_gain":0,"cards_transformed":["Pain"],"player_choice":"Change","damage_taken":0,"max_hp_gain":0,"max_hp_loss":0,"event_name":"Living Wall","floor":3,"gold_loss":0,"cards_obtained":["Injury"]},{"damage_healed":0,"gold_gain":0,"player_choice":"Box","damage_taken":0,"relics_obtained":["The Courier"],"max_hp_gain":0,"max_hp_loss":0,"event_name":"Big Fish","floor":4,"gold_loss":0,"cards_obtained":["Regret"]},{"damage_healed":0,"gold_gain":0,"player_choice":"Ignored","damage_taken":0,"max_hp_gain":0,"max_hp_loss":0,"event_name":"Golden Idol","floor":12,"gold_loss":0}],"is_beta":false,"boss_relics":[{"not_picked":["Black Star","Busted Crown"],"picked":"Runic Dome"}],"items_purged_floors":[],"is_endless":false,"potions_floor_spawned":[5,7,14,16],"ascension_level":0}