{"gold_per_floor":[117,133,152,327,341,341,591,591,617,567,42,55,65,86,86,189,189,199,469,545,511,44,44,55,69,69,85,85,98,113,123,123,218,218,237,237,237,255,271,300,300,48,94,109,128,146,171,185,185,280,280,294,310,310,310,321,346,346,359,359,359,59,234,55,66,66,161,161,172,188,188,188,188,106,118,118],"floor_reached":76,"playtime":3272,"items_purged":["Regret","Amplify","Stack","Steam"],"score":1483,"play_id":"5654c19a-5a04-4e79-a381-2c8241ce6013","local_time":"20180720160040","daily_mods":["Draft","Heirloom","Time Dilation"],"is_ascension_mode":false,"campfire_choices":[{"data":"Genetic Algorithm","floor":6,"key":"SMITH"},{"data":"White Noise","floor":8,"key":"SMITH"},{"data":"Rip and Tear","floor":15,"key":"SMITH"},{"data":"Hologram","floor":23,"key":"SMITH"},{"floor":32,"key":"REST"},{"data":"Wraith Form v2","floor":41,"key":"SMITH"},{"data":"Defragment","floor":49,"key":"SMITH"},{"data":"Defragment","floor":58,"key":"SMITH"},{"data":"Defragment","floor":61,"key":"SMITH"},{"data":"Meteor Strike","floor":66,"key":"SMITH"}],"neow_cost":"","seed_source_timestamp":0,"circlet_count":0,"master_deck":["Wraith Form v2+1","Echo Form","Melter","Conserve Battery","Streamline","Sunder","Hologram+1","White Noise+1","Genetic Algorithm+1","Rip and Tear","Chill","Defragment+1","Rip and Tear+1","Conserve Battery","BootSequence","Cold Snap","Beam Cell","Swift Strike","Core Surge","Blizzard","Beam Cell","Gash","Redo+1","Panacea+1","Deep Breath+1","Panacea+1","Redo+1","Stack+1","Redo+1","Good Instincts+1","Gash+1","Cold Snap+1","Chill+1","Redo+1","Hologram+1","Double Energy+1","Ball Lightning+1","Ball Lightning+1","Redo+1","Consume+1","Double Energy+1","Aggregate+1","Buffer","Glacier+1","Coolheaded+1","Jack Of All Trades+1","Secret Weapon+1","Enlightenment+1","Hologram+1","Coolheaded+1","Redo+1","Gash+1","Glacier+1","Gash+1","Coolheaded+1","White Noise+1","Defragment+1","Blizzard+1","Aggregate+1","Chill+1","Seek+1","Chill+1","Hologram+1","FTL","Normality","Double Energy+1","Redo+1","Defragment+1","Gash","Coolheaded+1","Doubt","Defragment","Meteor Strike+1","Redo+1","Seek+1","Go for the Eyes+1","Consume+1","Electrodynamics","Necronomicurse","Ghostly+1","Ghostly+1","Ghostly+1","Ghostly+1","Ghostly+1","Jack Of All Trades+1","White Noise+1","Hologram+1"],"relics":["Cracked Core","Ginger","Regal Pillow","Membership Card","Question Card","Odd Mushroom","Calling Bell","Blood Vial","Toxic Egg 2","Prayer Wheel","Letter Opener","Toolbox","Art of War","Pantograph","Sozu","Bronze Scales","Runic Capacitor","Boot","Oddly Smooth Stone","Eternal Feather","Sundial","Mummified Hand","Sling","Juzu Bracelet","Coffee Dripper","Necronomicon"],"potions_floor_usage":[14,18,18,27,29,33,33],"damage_taken":[{"damage":0,"enemies":"Cultist","floor":1,"turns":3},{"damage":0,"enemies":"2 Louse","floor":2,"turns":1},{"damage":0,"enemies":"Jaw Worm","floor":3,"turns":2},{"damage":0,"enemies":"Lots of Slimes","floor":5,"turns":5},{"damage":3,"enemies":"3 Louse","floor":12,"turns":3},{"damage":4,"enemies":"Gremlin Gang","floor":13,"turns":3},{"damage":2,"floor":14,"turns":3},{"damage":29,"enemies":"Slime Boss","floor":16,"turns":6},{"damage":4,"enemies":"3 Byrds","floor":18,"turns":5},{"damage":3,"enemies":"2 Thieves","floor":21,"turns":5},{"damage":12,"enemies":"Snake Plant","floor":24,"turns":3},{"damage":0,"enemies":"Centurion and Healer","floor":25,"turns":2},{"damage":3,"enemies":"3 Cultists","floor":27,"turns":4},{"damage":2,"enemies":"Snake Plant","floor":29,"turns":5},{"damage":0,"enemies":"Snecko","floor":30,"turns":3},{"damage":9,"enemies":"Chosen and Byrds","floor":31,"turns":5},{"damage":9,"enemies":"Collector","floor":33,"turns":10},{"damage":0,"enemies":"Orb Walker","floor":35,"turns":3},{"damage":0,"enemies":"3 Shapes","floor":38,"turns":2},{"damage":0,"enemies":"3 Darklings","floor":39,"turns":3},{"damage":0,"enemies":"2 Orb Walkers","floor":40,"turns":3},{"damage":7,"enemies":"Spire Growth","floor":44,"turns":6},{"damage":0,"enemies":"4 Shapes","floor":45,"turns":2},{"damage":0,"enemies":"Transient","floor":46,"turns":5},{"damage":9,"enemies":"Nemesis","floor":47,"turns":7},{"damage":14,"enemies":"Spire Growth","floor":48,"turns":4},{"damage":3,"enemies":"Donu and Deca","floor":50,"turns":12},{"damage":0,"enemies":"Cultist","floor":52,"turns":1},{"damage":5,"enemies":"Jaw Worm","floor":53,"turns":2},{"damage":0,"enemies":"2 Louse","floor":56,"turns":2},{"damage":0,"enemies":"3 Sentries","floor":57,"turns":4},{"damage":0,"enemies":"Exordium Wildlife","floor":59,"turns":3},{"damage":6,"enemies":"Red Slaver","floor":65,"turns":3},{"damage":0,"enemies":"Slime Boss","floor":67,"turns":7},{"damage":31,"enemies":"Shell Parasite","floor":69,"turns":4},{"damage":0,"enemies":"Chosen","floor":70,"turns":5},{"damage":0,"enemies":"Centurion and Healer","floor":75,"turns":7},{"damage":58,"enemies":"Book of Stabbing","floor":76,"turns":4}],"seed_played":"-3133407551951508597","potions_obtained":[{"floor":1,"key":"EssenceOfSteel"},{"floor":3,"key":"AttackPotion"},{"floor":12,"key":"Swift Potion"},{"floor":14,"key":"AttackPotion"},{"floor":24,"key":"Explosive Potion"},{"floor":25,"key":"Fire Potion"},{"floor":31,"key":"AttackPotion"}],"is_trial":true,"path_per_floor":["M","M","M","?","M","R","?","R","T","?","$","M","M","?","R","B",null,"M","?","T","M","$","R","M","M","T","M","?","M","M","M","R","B",null,"M","?","?","M","M","E","R","$","T","M","M","M","E","M","R","B",null,"M","M","?","?","M","E","R","M","T","R","$","?","$","M","R","B",null,"M","M","?","?","?","$","M"],"character_chosen":"DEFECT","items_purchased":["Membership Card","Swift Strike","Question Card","Redo+1","Good Instincts+1","Toolbox","Art of War","Runic Capacitor","Sling","Coolheaded+1","Juzu Bracelet","Defragment","Jack Of All Trades+1"],"campfire_rested":1,"item_purchase_floors":[11,11,11,22,22,22,22,42,62,62,64,64,74],"current_hp_per_floor":[75,75,75,75,75,75,75,75,75,75,75,72,68,66,66,37,75,71,22,22,21,21,21,11,13,13,12,12,12,14,7,44,62,75,75,65,65,67,69,71,71,71,71,65,67,69,62,50,50,72,72,72,67,72,72,74,76,77,77,77,77,77,77,77,71,77,77,77,46,48,48,32,32,32,34,0],"gold":118,"neow_bonus":"","is_prod":false,"is_daily":false,"chose_seed":false,"campfire_upgraded":9,"win_rate":0,"timestamp":1532070040,"path_taken":["M","M","?","?","M","R","?","R","T","?","$","M","M","?","R","BOSS","M","?","?","M","$","R","M","M","T","M","?","M","?","M","R","BOSS","M","?","?","?","M","E","R","$","T","M","?","M","E","M","R","BOSS","M","M","?","?","M","E","R","M","T","R","$","?","$","M","R","BOSS","M","M","?","?","?","$","M","E"],"build_version":"2018-07-19v2","purchased_purges":4,"victory":false,"max_hp_per_floor":[75,75,75,75,75,75,75,75,75,75,75,75,75,75,75,75,75,75,75,75,75,75,75,75,75,75,75,75,75,75,75,75,75,75,75,75,72,72,72,72,72,72,72,72,72,72,72,72,72,72,72,72,72,77,77,77,77,77,77,77,77,77,77,77,77,77,77,77,77,77,77,77,38,38,38,38],"card_choices":[{"not_picked":["Lockon","Rebound"],"picked":"Melter","floor":0},{"not_picked":["Blizzard","Gash"],"picked":"Conserve Battery","floor":0},{"not_picked":["Turbo","Heatsinks"],"picked":"Steam","floor":0},{"not_picked":["Storm","Rebound"],"picked":"Streamline","floor":0},{"not_picked":["Scrape","Streamline"],"picked":"Auto Shields","floor":0},{"not_picked":["Streamline","Hologram"],"picked":"Sunder","floor":0},{"not_picked":["Fusion","Tempest"],"picked":"Hologram","floor":0},{"not_picked":["Reprogram","Steam Power"],"picked":"White Noise","floor":0},{"not_picked":["Undo","Compile Driver"],"picked":"Genetic Algorithm","floor":0},{"not_picked":["Ball Lightning","Compile Driver"],"picked":"Rip and Tear","floor":0},{"not_picked":["Go for the Eyes","Hologram"],"picked":"Chill","floor":0},{"not_picked":["Steam","Go for the Eyes"],"picked":"Defragment","floor":0},{"not_picked":["Compile Driver","Streamline"],"picked":"Stack","floor":0},{"not_picked":["Barrage","Beam Cell"],"picked":"Rip and Tear","floor":0},{"not_picked":["Force Field","Stack"],"picked":"Conserve Battery","floor":0},{"not_picked":["Streamline","Sunder","Scrape"],"picked":"SKIP","floor":1},{"not_picked":["Ball Lightning","Redo"],"picked":"BootSequence","floor":2},{"not_picked":["Rebound","Steam"],"picked":"Cold Snap","floor":3},{"not_picked":["Lockon","Streamline"],"picked":"Beam Cell","floor":5},{"not_picked":["Conserve Battery","Hologram","Go for the Eyes"],"picked":"Core Surge","floor":12},{"not_picked":["Hologram","Sunder","Go for the Eyes"],"picked":"Blizzard","floor":13},{"not_picked":["Sweeping Beam","Leap","Barrage"],"picked":"Beam Cell","floor":14},{"not_picked":["Multi-Cast","Echo Form","Fission"],"picked":"Amplify","floor":16},{"not_picked":["Cold Snap","Hello World","Compile Driver"],"picked":"Gash","floor":18},{"not_picked":["Rebound","Skim+1","Barrage"],"picked":"Redo+1","floor":18},{"not_picked":["Chaos+1","Rebound+1","Storm+1"],"picked":"Redo+1","floor":21},{"not_picked":["Recycle+1","Amplify+1","Lockon"],"picked":"Stack+1","floor":21},{"not_picked":["Redo+1","Reinforced Body+1","Sunder"],"picked":"Gash+1","floor":24},{"not_picked":["Beam Cell+1","Storm","Leap+1"],"picked":"Cold Snap+1","floor":24},{"not_picked":["Melter","Conserve Battery+1","Genetic Algorithm+1"],"picked":"Chill+1","floor":25},{"not_picked":["Leap+1","Loop","Barrage"],"picked":"Redo+1","floor":25},{"not_picked":["Ball Lightning","Loop+1","Cold Snap"],"picked":"Hologram+1","floor":27},{"not_picked":["Beam Cell+1","Ball Lightning","Stack+1"],"picked":"Double Energy+1","floor":27},{"not_picked":["Fusion+1","Stack+1","Streamline"],"picked":"Ball Lightning+1","floor":29},{"not_picked":["Machine Learning","Barrage+1","Leap+1"],"picked":"Ball Lightning+1","floor":29},{"not_picked":["Steam+1","Reinforced Body+1","Blizzard"],"picked":"Redo+1","floor":30},{"not_picked":["Static Discharge","Steam+1","Melter"],"picked":"Consume+1","floor":30},{"not_picked":["Static Discharge","Rebound","Heatsinks"],"picked":"Double Energy+1","floor":31},{"not_picked":["Streamline","Blizzard+1","Meteor Strike"],"picked":"Aggregate+1","floor":31},{"not_picked":["Biased Cognition","All For One","Meteor Strike"],"picked":"Buffer","floor":33},{"not_picked":["FTL","Fusion+1","Static Discharge"],"picked":"Glacier+1","floor":35},{"not_picked":["Recycle+1","Hello World+1","Scrape"],"picked":"Coolheaded+1","floor":35},{"not_picked":["Flash of Steel","Swift Strike","Trip+1"],"picked":"Jack Of All Trades+1","floor":36},{"not_picked":["Dramatic Entrance","Trip+1","Swift Strike"],"picked":"Secret Weapon+1","floor":36},{"not_picked":["Panacea+1","Finesse+1","Trip+1"],"picked":"Enlightenment+1","floor":36},{"not_picked":["Barrage+1","Self Repair+1","Compile Driver+1"],"picked":"Hologram+1","floor":38},{"not_picked":["Storm","Go for the Eyes","Consume+1"],"picked":"Coolheaded+1","floor":38},{"not_picked":["Rebound","Cold Snap+1","Force Field+1"],"picked":"Redo+1","floor":39},{"not_picked":["Cold Snap+1","BootSequence+1","Turbo+1","Streamline+1"],"picked":"SKIP","floor":39},{"not_picked":["Conserve Battery+1","Loop+1","Creative AI"],"picked":"Gash+1","floor":40},{"not_picked":["Cold Snap","Doom and Gloom","Compile Driver"],"picked":"Glacier+1","floor":44},{"not_picked":["Leap+1","Compile Driver+1","Loop","Scrape"],"picked":"SKIP","floor":44},{"not_picked":["Cold Snap","All For One","Reinforced Body+1"],"picked":"Gash+1","floor":45},{"not_picked":["Skim+1","Scrape+1","Cold Snap+1"],"picked":"Coolheaded+1","floor":45},{"not_picked":["Gash+1","Doom and Gloom","Barrage+1"],"picked":"White Noise+1","floor":46},{"not_picked":["Turbo+1","Heatsinks+1","Go for the Eyes+1"],"picked":"Defragment","floor":46},{"not_picked":["Steam Power+1","Stack+1","Sweeping Beam+1"],"picked":"Blizzard+1","floor":47},{"not_picked":["Electrodynamics","Blizzard","Turbo+1"],"picked":"Aggregate+1","floor":48},{"not_picked":["Go for the Eyes","Doom and Gloom","Skim+1"],"picked":"Chill+1","floor":48},{"not_picked":["Echo Form","Meteor Strike","Biased Cognition"],"picked":"Seek+1","floor":50},{"not_picked":["Turbo+1","Compile Driver","Rebound"],"picked":"Chill+1","floor":52},{"not_picked":["Rebound","Barrage","Heatsinks"],"picked":"Hologram+1","floor":52},{"not_picked":["Stack+1","Sweeping Beam","Go for the Eyes"],"picked":"FTL","floor":53},{"not_picked":["Reinforced Body+1","Stack+1","Doom and Gloom","Steam+1"],"picked":"SKIP","floor":53},{"not_picked":["Rebound","Go for the Eyes","Meteor Strike"],"picked":"Double Energy+1","floor":56},{"not_picked":["Recycle+1","Chaos+1","Rebound"],"picked":"Redo+1","floor":56},{"not_picked":["Loop","Static Discharge","Ball Lightning","Undo+1"],"picked":"SKIP","floor":57},{"not_picked":["Doom and Gloom","Rebound","Static Discharge"],"picked":"Defragment","floor":59},{"not_picked":["Steam+1","Doom and Gloom","Ball Lightning"],"picked":"Gash","floor":59},{"not_picked":["Steam+1","Compile Driver","Undo+1"],"picked":"Meteor Strike","floor":65},{"not_picked":["Static Discharge","Compile Driver","Undo+1"],"picked":"Redo+1","floor":65},{"not_picked":["Amplify+1","Meteor Strike","Electrodynamics"],"picked":"Seek+1","floor":67},{"not_picked":["Barrage","Heatsinks","Auto Shields+1"],"picked":"Go for the Eyes+1","floor":69},{"not_picked":["BootSequence+1","Undo+1","Beam Cell","Cold Snap"],"picked":"SKIP","floor":69},{"not_picked":["Beam Cell","Streamline","Gash+1"],"picked":"Consume+1","floor":70},{"not_picked":["Scrape","Reprogram+1","Barrage"],"picked":"Electrodynamics","floor":70},{"not_picked":["Compile Driver","Fusion+1","Go for the Eyes+1"],"picked":"White Noise+1","floor":75},{"not_picked":["Conserve Battery+1","Lockon+1","Ball Lightning"],"picked":"Hologram+1","floor":75}],"player_experience":212302,"relics_obtained":[{"floor":9,"key":"Regal Pillow"},{"floor":14,"key":"Odd Mushroom"},{"floor":17,"key":"Blood Vial"},{"floor":17,"key":"Toxic Egg 2"},{"floor":17,"key":"Prayer Wheel"},{"floor":20,"key":"Letter Opener"},{"floor":26,"key":"Pantograph"},{"floor":40,"key":"Bronze Scales"},{"floor":43,"key":"Boot"},{"floor":47,"key":"Oddly Smooth Stone"},{"floor":60,"key":"Mummified Hand"},{"floor":72,"key":"Necronomicon"}],"event_choices":[{"event_name":"Liars Game","player_choice":"agreed","floor":4,"damage_taken":0},{"event_name":"Golden Shrine","player_choice":"Desecrate","floor":7,"damage_taken":0},{"event_name":"The Cleric","player_choice":"Card Removal","floor":10,"damage_taken":0},{"event_name":"Mushrooms","player_choice":"Fought Mushrooms","floor":14,"damage_taken":0},{"event_name":"Knowing Skull","player_choice":"CARD CARD CARD GOLD GOLD GOLD ","floor":19,"damage_taken":0},{"event_name":"Drug Dealer","player_choice":"Ignored","floor":28,"damage_taken":0},{"event_name":"SensoryStone","player_choice":"Memory 3","floor":36,"damage_taken":0},{"event_name":"Fountain of Cleansing","player_choice":"Removed Curse","floor":37,"damage_taken":0},{"event_name":"Big Fish","player_choice":"Donut","floor":54,"damage_taken":0},{"event_name":"Accursed Blacksmith","player_choice":"Rummage","floor":55,"damage_taken":0},{"event_name":"Liars Game","player_choice":"agreed","floor":63,"damage_taken":0},{"event_name":"Back to Basics","player_choice":"Elegance","floor":71,"damage_taken":0},{"event_name":"Cursed Tome","player_choice":"Obtained Book","floor":72,"damage_taken":0},{"event_name":"Ghosts","player_choice":"Became a Ghost","floor":73,"damage_taken":0}],"is_beta":false,"boss_relics":[{"not_picked":["Black Star","Lizard Tail"],"picked":"Calling Bell"},{"not_picked":["Velvet Choker","Coffee Dripper"],"picked":"Sozu"},{"not_picked":["Snecko Eye","Cursed Key"],"picked":"Eternal Feather"},{"not_picked":["Ectoplasm","Philosopher\u0027s Stone"],"picked":"Coffee Dripper"}],"items_purged_floors":[11,22,42,62],"is_endless":true,"potions_floor_spawned":[1,3,12,14,16,24,25,31,39,46,47,48,50,57,65,69,70],"killed_by":"Book of Stabbing","ascension_level":0}