{"gold_per_floor":[112,174,184,184,184,184,204,204,204,232,257,292,292,48,48,167,167,191,316,316,326,399,399,433,453,500,500,1040,289,289],"floor_reached":30,"playtime":1015,"items_purged":["Defend_R","Strike_R"],"score":292,"play_id":"ae5e8299-7bd4-4c3d-a69c-b6e970293d03","local_time":"20190323144754","is_ascension_mode":false,"campfire_choices":[{"data":"Rage","floor":6,"key":"SMITH"},{"data":"Inflame","floor":8,"key":"SMITH"},{"data":"Dual Wield","floor":13,"key":"SMITH"},{"data":"Armaments","floor":15,"key":"SMITH"},{"data":"Shrug It Off","floor":23,"key":"SMITH"},{"floor":27,"key":"REST"}],"neow_cost":"NONE","seed_source_timestamp":149147868728858,"circlet_count":0,"master_deck":["Strike_R","Strike_R","Strike_R","Defend_R","Bash+1","Rage+1","Inflame+1","Shrug It Off+1","Dual Wield+1","Armaments+1","Reaper","Rampage+1","Dual Wield+1","Juggernaut+1","Warcry","Uppercut+1","Second Wind+1","Pommel Strike+1"],"relics":["Burning Blood","Bloody Idol","Oddly Smooth Stone","Ornamental Fan","Odd Mushroom","Mummified Hand","Tiny Chest","Astrolabe","Prayer Wheel","Question Card","Molten Egg 2","Smiling Mask","Bronze Scales","Omamori","Unceasing Top","Medical Kit"],"potions_floor_usage":[12,19,19,30,30],"damage_taken":[{"damage":0,"enemies":"2 Louse","floor":1,"turns":2},{"damage":5,"enemies":"Jaw Worm","floor":3,"turns":2},{"damage":0,"enemies":"Small Slimes","floor":7,"turns":4},{"damage":27,"enemies":"The Mushroom Lair","floor":10,"turns":6},{"damage":0,"enemies":"3 Sentries","floor":12,"turns":10},{"damage":37,"enemies":"Slime Boss","floor":16,"turns":9},{"damage":28,"enemies":"3 Byrds","floor":18,"turns":4},{"damage":40,"enemies":"Colosseum Slavers","floor":19,"turns":5},{"damage":25,"enemies":"Colosseum Nobs","floor":19,"turns":4},{"damage":15,"enemies":"Shell Parasite","floor":21,"turns":5},{"damage":34,"enemies":"Book of Stabbing","floor":24,"turns":5},{"damage":22,"enemies":"Chosen and Byrds","floor":25,"turns":7},{"damage":17,"enemies":"Shelled Parasite and Fungi","floor":30,"turns":2}],"seed_played":"5228956135757650069","potions_obtained":[{"floor":3,"key":"SkillPotion"},{"floor":10,"key":"SkillPotion"},{"floor":16,"key":"PowerPotion"},{"floor":19,"key":"Swift Potion"},{"floor":24,"key":"Poison Potion"}],"is_trial":false,"path_per_floor":["M","?","M","?","T","R","M","R","T","?","T","E","R","$","R","B",null,"M","?","?","M","T","R","E","M","T","R","?","$","M"],"character_chosen":"IRONCLAD","items_purchased":["Tiny Chest","Armaments","Pommel Strike+1","Omamori","Unceasing Top","Medical Kit"],"campfire_rested":1,"item_purchase_floors":[14,14,29,29,29,29],"current_hp_per_floor":[80,80,80,60,60,60,66,66,66,45,45,51,51,51,51,20,80,64,29,29,30,35,35,19,14,19,43,17,17,0],"gold":289,"neow_bonus":"UPGRADE_CARD","is_prod":false,"is_daily":false,"chose_seed":false,"campfire_upgraded":5,"win_rate":0,"timestamp":1553320074,"path_taken":["M","?","M","?","?","R","M","R","T","?","?","E","R","$","R","BOSS","M","?","?","M","?","R","E","?","T","R","?","?","M"],"build_version":"2019-01-23","purchased_purges":2,"victory":false,"max_hp_per_floor":[80,80,80,80,80,80,80,80,80,80,80,80,80,80,80,80,80,80,80,80,80,80,80,80,80,80,80,80,80,80],"card_choices":[{"not_picked":["Iron Wave","True Grit"],"picked":"Rage","floor":1},{"not_picked":["Cleave","Pommel Strike"],"picked":"Inflame","floor":3},{"not_picked":["Headbutt","Warcry"],"picked":"Shrug It Off","floor":7},{"not_picked":["Wild Strike","Twin Strike"],"picked":"Dual Wield","floor":12},{"not_picked":["Brutality","Fiend Fire"],"picked":"Reaper","floor":16},{"not_picked":["Ghostly Armor","Clothesline"],"picked":"Warcry","floor":18},{"not_picked":["Headbutt","Infernal Blade","Armaments+1","Pommel Strike"],"picked":"SKIP","floor":21},{"not_picked":["Rupture","Heavy Blade","Cleave+1","Armaments"],"picked":"SKIP","floor":21},{"not_picked":["Brutality","Seeing Red","Spot Weakness"],"picked":"Uppercut+1","floor":24},{"not_picked":["Havoc","Flex","Rage"],"picked":"Second Wind+1","floor":25},{"not_picked":["Seeing Red","Iron Wave+1","Armaments","Rampage+1"],"picked":"SKIP","floor":25}],"player_experience":362744,"relics_obtained":[{"floor":5,"key":"Oddly Smooth Stone"},{"floor":9,"key":"Ornamental Fan"},{"floor":10,"key":"Odd Mushroom"},{"floor":12,"key":"Mummified Hand"},{"floor":19,"key":"Prayer Wheel"},{"floor":19,"key":"Question Card"},{"floor":22,"key":"Molten Egg 2"},{"floor":24,"key":"Smiling Mask"},{"floor":26,"key":"Bronze Scales"}],"event_choices":[{"damage_healed":0,"gold_gain":62,"player_choice":"Gained Gold","damage_taken":0,"max_hp_gain":0,"max_hp_loss":0,"event_name":"Golden Wing","floor":2,"gold_loss":0},{"damage_healed":0,"gold_gain":0,"player_choice":"Take Damage","damage_taken":20,"relics_obtained":["Golden Idol"],"max_hp_gain":0,"max_hp_loss":0,"event_name":"Golden Idol","floor":4,"gold_loss":0},{"damage_healed":0,"gold_gain":0,"player_choice":"Fought Mushrooms","damage_taken":0,"max_hp_gain":0,"max_hp_loss":0,"event_name":"Mushrooms","floor":10,"gold_loss":0},{"damage_healed":0,"gold_gain":0,"player_choice":"Fight","damage_taken":0,"max_hp_gain":0,"max_hp_loss":0,"event_name":"Colosseum","floor":19,"gold_loss":0},{"damage_healed":0,"gold_gain":0,"player_choice":"Fought Nobs","damage_taken":0,"max_hp_gain":0,"max_hp_loss":0,"event_name":"Colosseum","floor":19,"gold_loss":0},{"damage_healed":0,"gold_gain":0,"player_choice":"Gave Idol","damage_taken":0,"relics_obtained":["Bloody Idol"],"max_hp_gain":0,"max_hp_loss":0,"event_name":"Forgotten Altar","floor":20,"relics_lost":["Golden Idol"],"gold_loss":0},{"damage_healed":0,"gold_gain":540,"player_choice":"GOLD GOLD GOLD GOLD GOLD GOLD ","damage_taken":56,"max_hp_gain":0,"max_hp_loss":0,"event_name":"Knowing Skull","floor":28,"potions_obtained":[],"gold_loss":0,"cards_obtained":[]}],"is_beta":false,"boss_relics":[{"not_picked":["Runic Cube","Empty Cage"],"picked":"Astrolabe"}],"items_purged_floors":[14,29],"is_endless":false,"potions_floor_spawned":[3,10,16,19,24],"killed_by":"Shelled Parasite and Fungi","ascension_level":0}