{"gold_per_floor":[113,125,300,311,328,362,362,362,362,382,447,447,463,478,478,577,577,597,578,592,592,592,592,602,602,628,628],"floor_reached":27,"playtime":1918,"items_purged":[],"score":217,"play_id":"8f476173-0e02-41c1-aada-d468d89d25b4","local_time":"20180627235059","is_ascension_mode":false,"campfire_choices":[{"data":"Armaments","floor":7,"key":"SMITH"},{"floor":15,"key":"REST"},{"floor":23,"key":"REST"}],"neow_cost":"NONE","seed_source_timestamp":201610188032745,"circlet_count":0,"master_deck":["Strike_R","Strike_R","Defend_R","Defend_R","Defend_R","Defend_R","Bash+1","Infernal Blade+1","Disarm","Shrug It Off","Armaments+1","Iron Wave+1","Sword Boomerang","Immolate","Twin Strike","Juggernaut","Uppercut+1","Barricade+1","Shrug It Off+1","Burning Pact+1","Thunderclap","Cleave","Rampage"],"relics":["Burning Blood","Regal Pillow","Oddly Smooth Stone","Whetstone","Astrolabe","Ancient Tea Set"],"potions_floor_usage":[6,6,16,16,16,20,24,27],"damage_taken":[{"damage":7,"enemies":"Small Slimes","floor":1,"turns":3},{"damage":1,"enemies":"2 Louse","floor":2,"turns":3},{"damage":18,"enemies":"Jaw Worm","floor":4,"turns":4},{"damage":10,"enemies":"2 Fungi Beasts","floor":5,"turns":4},{"damage":28,"enemies":"Gremlin Nob","floor":6,"turns":4},{"damage":0,"enemies":"Blue Slaver","floor":10,"turns":3},{"damage":3,"enemies":"Looter","floor":13,"turns":4},{"damage":2,"enemies":"3 Louse","floor":14,"turns":3},{"damage":43,"enemies":"Hexaghost","floor":16,"turns":9},{"damage":6,"enemies":"Shell Parasite","floor":18,"turns":112},{"damage":8,"enemies":"2 Thieves","floor":19,"turns":4},{"damage":44,"enemies":"Cultist and Chosen","floor":20,"turns":7},{"damage":34,"enemies":"3 Cultists","floor":24,"turns":5},{"damage":46,"enemies":"Slavers","floor":27,"turns":3}],"seed_played":"-9210683953902539318","potions_obtained":[{"floor":1,"key":"AttackPotion"},{"floor":2,"key":"Swift Potion"},{"floor":5,"key":"LiquidBronze"},{"floor":10,"key":"Energy Potion"},{"floor":13,"key":"Ancient Potion"},{"floor":19,"key":"Energy Potion"},{"floor":20,"key":"PowerPotion"},{"floor":24,"key":"SkillPotion"}],"is_trial":false,"path_per_floor":["M","M","?","M","M","E","R","?","T","M","?","?","M","M","R","B",null,"M","M","M","?","?","R","M","?","T"],"character_chosen":"IRONCLAD","items_purchased":[],"campfire_rested":2,"item_purchase_floors":[],"current_hp_per_floor":[79,80,80,68,64,42,42,42,42,48,48,48,51,55,80,43,80,80,78,40,25,25,65,37,37,37,0],"gold":628,"neow_bonus":"RANDOM_COMMON_RELIC","is_prod":false,"is_daily":false,"chose_seed":false,"campfire_upgraded":1,"win_rate":0,"timestamp":1530136259,"path_taken":["M","M","?","M","M","E","R","?","T","M","?","?","?","M","R","BOSS","M","M","M","?","?","R","M","?","T","E"],"build_version":"2018-06-21v2","purchased_purges":0,"victory":false,"max_hp_per_floor":[80,80,80,80,80,80,80,80,80,80,80,80,80,80,80,80,80,80,80,80,85,85,85,85,85,85,85],"card_choices":[{"not_picked":["Anger","Flex"],"picked":"Infernal Blade","floor":1},{"not_picked":["Anger","Sever Soul"],"picked":"Disarm","floor":2},{"not_picked":["Shockwave","Anger"],"picked":"Shrug It Off","floor":4},{"not_picked":["Entrench","Flame Barrier"],"picked":"Armaments","floor":5},{"not_picked":["Bloodletting","Second Wind"],"picked":"Iron Wave","floor":6},{"not_picked":["Flex","Evolve"],"picked":"Sword Boomerang","floor":10},{"not_picked":["Feel No Pain","Seeing Red"],"picked":"Immolate","floor":13},{"not_picked":["Havoc","Warcry"],"picked":"Twin Strike","floor":14},{"not_picked":["Limit Break","Impervious"],"picked":"Juggernaut","floor":16},{"not_picked":["Heavy Blade","Clash+1"],"picked":"Burning Pact+1","floor":18},{"not_picked":["Heavy Blade","Rupture+1"],"picked":"Thunderclap","floor":19},{"not_picked":["Shockwave","Armaments"],"picked":"Cleave","floor":20},{"not_picked":["Heavy Blade","Wild Strike"],"picked":"Rampage","floor":24}],"player_experience":50152,"relics_obtained":[{"floor":6,"key":"Oddly Smooth Stone"},{"floor":9,"key":"Whetstone"},{"floor":26,"key":"Ancient Tea Set"}],"event_choices":[{"event_name":"Liars Game","player_choice":"agreed","floor":3,"damage_taken":0},{"event_name":"Golden Idol","player_choice":"Ignored","floor":8,"damage_taken":0},{"event_name":"Golden Wing","player_choice":"Gained Gold","floor":11,"damage_taken":0},{"event_name":"Upgrade Shrine","player_choice":"Upgraded","floor":12,"damage_taken":0},{"event_name":"Forgotten Altar","player_choice":"Shed Blood","floor":21,"damage_taken":0},{"event_name":"Drug Dealer","player_choice":"Ignored","floor":22,"damage_taken":0},{"event_name":"Fountain of Cleansing","player_choice":"Removed Curse","floor":25,"damage_taken":0}],"boss_relics":[{"not_picked":["Snecko Eye","White Beast Statue"],"picked":"Astrolabe"}],"items_purged_floors":[],"is_endless":false,"potions_floor_spawned":[1,2,5,10,13,19,20,24],"killed_by":"Slavers","ascension_level":0}