{"gold_per_floor":[110,110,32,43,57,57,68,99,99,113,35,62,62,62,62,157,157,173,186,211,12,22,22,49,49,72,72,106,106,133,223,223,321,321,333,27,42,58,71,101,118,118,163,191,291,291,304,324,324,324],"floor_reached":51,"playtime":3480,"items_purged":["Defend_B"],"score":823,"play_id":"00c4ced9-8960-473c-b555-85b9faf74abb","local_time":"20190128183743","is_ascension_mode":true,"campfire_choices":[{"floor":6,"key":"REST"},{"floor":13,"key":"REST"},{"floor":15,"key":"REST"},{"floor":23,"key":"REST"},{"floor":25,"key":"REST"},{"floor":27,"key":"RECALL"},{"floor":29,"key":"REST"},{"floor":32,"key":"REST"},{"floor":42,"key":"REST"},{"floor":46,"key":"REST"},{"floor":49,"key":"REST"}],"neow_cost":"NONE","seed_source_timestamp":1571586284218279,"circlet_count":0,"master_deck":["Defend_B+1","Defend_B","Zap","Dualcast","Darkness","Storm","Defragment","Ball Lightning","Self Repair","Skim","Self Repair","Heatsinks","Self Repair","Electrodynamics","Amplify+1","Recycle+1","Double Energy+1","Leap+1","Static Discharge","Loop","Conserve Battery","Biased Cognition","Go for the Eyes+1","Panache","Heatsinks","Heatsinks+1","Reinforced Body+1","Auto Shields+1","Stack+1"],"relics":["Fusion Hammer","Kunai","Mercury Hourglass","Art of War","Astrolabe","Strawberry","Membership Card","Pen Nib","Vajra","War Paint","Ancient Tea Set","Nuclear Battery","ClockworkSouvenir","DataDisk","Ginger","Oddly Smooth Stone","Blood Vial"],"potions_floor_usage":[19,40,50],"damage_taken":[{"damage":4,"enemies":"Jaw Worm","floor":1,"turns":4},{"damage":0,"enemies":"Cultist","floor":4,"turns":4},{"damage":9,"enemies":"Small Slimes","floor":5,"turns":3},{"damage":12,"enemies":"Red Slaver","floor":7,"turns":4},{"damage":16,"enemies":"Gremlin Nob","floor":8,"turns":3},{"damage":21,"enemies":"Large Slime","floor":10,"turns":3},{"damage":26,"enemies":"Lagavulin","floor":12,"turns":6},{"damage":30,"enemies":"The Guardian","floor":16,"turns":8},{"damage":19,"enemies":"Shell Parasite","floor":18,"turns":3},{"damage":6,"enemies":"Spheric Guardian","floor":19,"turns":3},{"damage":24,"enemies":"Snake Plant","floor":22,"turns":2},{"damage":33,"enemies":"Gremlin Leader","floor":24,"turns":4},{"damage":24,"enemies":"Slavers","floor":28,"turns":2},{"damage":22,"enemies":"Gremlin Leader","floor":30,"turns":2},{"damage":64,"enemies":"Champ","floor":33,"turns":8},{"damage":24,"enemies":"3 Shapes","floor":35,"turns":3},{"damage":12,"enemies":"Orb Walker","floor":37,"turns":3},{"damage":13,"enemies":"Spire Growth","floor":38,"turns":3},{"damage":12,"enemies":"Jaw Worm Horde","floor":39,"turns":2},{"damage":35,"enemies":"Nemesis","floor":40,"turns":5},{"damage":0,"enemies":"Maw","floor":41,"turns":5},{"damage":37,"enemies":"Reptomancer","floor":44,"turns":4},{"damage":0,"enemies":"4 Shapes","floor":47,"turns":3},{"damage":0,"enemies":"Jaw Worm Horde","floor":48,"turns":3},{"damage":11,"enemies":"Time Eater","floor":50,"turns":7}],"seed_played":"-8370571650820134962","potions_obtained":[{"floor":5,"key":"GamblersBrew"},{"floor":7,"key":"EssenceOfSteel"},{"floor":10,"key":"Swift Potion"},{"floor":22,"key":"FairyPotion"}],"is_trial":false,"path_per_floor":["M","?","$","M","M","R","M","E","T","M","$","E","R","?","R","B",null,"M","M","T","$","M","R","E","R","T","R","E","R","E","?","R","B",null,"M","$","M","M","M","E","M","R","T","E","?","R","M","M","R","B",null],"character_chosen":"DEFECT","items_purchased":["Storm","Heatsinks","Membership Card","ClockworkSouvenir","DataDisk","Panache"],"campfire_rested":10,"item_purchase_floors":[3,11,21,36,36,36],"current_hp_per_floor":[71,71,71,71,62,75,63,54,54,40,40,28,50,50,72,63,75,75,75,82,82,58,82,70,82,82,82,58,82,67,51,75,39,82,72,72,81,82,77,63,82,82,82,73,73,82,82,82,82,82],"gold":324,"neow_bonus":"BOSS_RELIC","is_prod":false,"is_daily":false,"chose_seed":false,"campfire_upgraded":0,"win_rate":0,"timestamp":1548718663,"path_taken":["M","?","$","?","M","R","M","E","T","M","$","E","R","?","R","BOSS","M","M","?","$","M","R","E","R","T","R","E","R","E","?","R","BOSS","M","$","M","M","?","E","M","R","T","E","?","R","M","?","R","BOSS"],"build_version":"2019-01-23","purchased_purges":1,"victory":true,"max_hp_per_floor":[75,75,75,75,75,75,75,75,75,75,75,75,75,75,75,75,75,75,75,82,82,82,82,82,82,82,82,82,82,82,82,82,82,82,82,82,82,82,82,82,82,82,82,82,82,82,82,82,82,82],"card_choices":[{"not_picked":["Sweeping Beam","Cold Snap"],"picked":"Darkness","floor":1},{"not_picked":["Force Field","Leap"],"picked":"Defragment","floor":4},{"not_picked":["Compile Driver","Coolheaded"],"picked":"Ball Lightning","floor":5},{"not_picked":["Double Energy","Auto Shields"],"picked":"Self Repair","floor":7},{"not_picked":["Streamline","Consume"],"picked":"Skim","floor":8},{"not_picked":["Beam Cell","Consume"],"picked":"Self Repair","floor":10},{"not_picked":["Meteor Strike","Stack"],"picked":"Self Repair","floor":12},{"not_picked":["All For One","Reboot"],"picked":"Electrodynamics","floor":16},{"not_picked":["Gash","Coolheaded"],"picked":"Leap","floor":18},{"not_picked":["Gash","Melter"],"picked":"Static Discharge","floor":19},{"not_picked":["Streamline","Barrage"],"picked":"Loop","floor":22},{"not_picked":["Compile Driver","Cold Snap+1"],"picked":"Conserve Battery","floor":24},{"not_picked":["Ball Lightning+1","Blizzard","Barrage"],"picked":"SKIP","floor":28},{"not_picked":["Sweeping Beam","Turbo"],"picked":"Biased Cognition","floor":30},{"not_picked":["Leap","Cold Snap+1"],"picked":"Go for the Eyes+1","floor":35},{"not_picked":["Doom and Gloom+1","Fission","Fusion+1"],"picked":"SKIP","floor":37},{"not_picked":["Gash+1","Coolheaded+1"],"picked":"Heatsinks","floor":38},{"not_picked":["FTL","Compile Driver"],"picked":"Heatsinks+1","floor":39},{"not_picked":["Rip and Tear","Gash+1"],"picked":"Reinforced Body+1","floor":40},{"not_picked":["Coolheaded+1","Conserve Battery+1"],"picked":"Auto Shields+1","floor":41},{"not_picked":["Sweeping Beam","Rainbow","Coolheaded"],"picked":"SKIP","floor":44},{"not_picked":["Beam Cell","Compile Driver+1","FTL+1"],"picked":"SKIP","floor":47},{"not_picked":["Steam+1","Redo+1"],"picked":"Stack+1","floor":48}],"player_experience":112313,"relics_obtained":[{"floor":8,"key":"Kunai"},{"floor":9,"key":"Mercury Hourglass"},{"floor":12,"key":"Art of War"},{"floor":20,"key":"Strawberry"},{"floor":24,"key":"Pen Nib"},{"floor":26,"key":"Vajra"},{"floor":28,"key":"War Paint"},{"floor":30,"key":"Ancient Tea Set"},{"floor":40,"key":"Ginger"},{"floor":43,"key":"Oddly Smooth Stone"},{"floor":44,"key":"Blood Vial"}],"event_choices":[{"cards_removed":["Strike_B"],"damage_healed":0,"gold_gain":0,"player_choice":"Purged","damage_taken":0,"max_hp_gain":0,"max_hp_loss":0,"event_name":"Purifier","floor":2,"gold_loss":0},{"cards_removed":["Strike_B"],"damage_healed":0,"gold_gain":0,"player_choice":"Offered Basic","damage_taken":0,"max_hp_gain":0,"max_hp_loss":0,"event_name":"Bonfire Elementals","floor":14,"gold_loss":0},{"damage_healed":0,"gold_gain":90,"player_choice":"GOLD ","damage_taken":16,"max_hp_gain":0,"max_hp_loss":0,"event_name":"Knowing Skull","floor":31,"potions_obtained":[],"gold_loss":0,"cards_obtained":[]},{"damage_healed":0,"gold_gain":100,"player_choice":"Pray","damage_taken":0,"max_hp_gain":0,"max_hp_loss":0,"event_name":"Golden Shrine","floor":45,"gold_loss":0}],"is_beta":false,"boss_relics":[{"not_picked":["Inserter","Empty Cage"],"picked":"Astrolabe"},{"not_picked":["Philosopher\u0027s Stone","Calling Bell"],"picked":"Nuclear Battery"}],"items_purged_floors":[36],"is_endless":false,"potions_floor_spawned":[5,7,10,16,18,22,24,38,39],"ascension_level":2}