{"gold_per_floor":[10,28,43,61,77,90,16,44,44,44,59,93,104,121,121,223,223,239,257,54,54,73,99,99],"floor_reached":24,"playtime":958,"items_purged":[],"score":259,"play_id":"72c5af0c-5d38-4e13-92f2-fb3c819967bd","local_time":"20190603002233","is_ascension_mode":false,"campfire_choices":[{"floor":15,"key":"REST"}],"neow_cost":"NO_GOLD","seed_source_timestamp":105181239435694,"circlet_count":0,"master_deck":["Defend_G","Defend_G","Defend_G","Defend_G","Defend_G+1","Strike_G","Strike_G","Strike_G","Strike_G","Strike_G","Survivor+1","Neutralize","Burst","Deflect","Cloak And Dagger","Blade Dance","Envenom","Blade Dance","Bash","Infinite Blades","Blade Dance","Corpse Explosion","Deflect","Apotheosis","Footwork","Blade Dance+1","Adrenaline"],"relics":["Ring of the Serpent","War Paint","Mercury Hourglass","Bronze Scales","Bottled Lightning"],"potions_floor_usage":[14,16,22,23,23,23,24],"damage_taken":[{"damage":4,"enemies":"Cultist","floor":1,"turns":5},{"damage":8,"enemies":"Jaw Worm","floor":2,"turns":8},{"damage":0,"enemies":"Small Slimes","floor":3,"turns":3},{"damage":0,"enemies":"2 Fungi Beasts","floor":4,"turns":4},{"damage":0,"enemies":"Red Slaver","floor":5,"turns":5},{"damage":10,"enemies":"Looter","floor":6,"turns":3},{"damage":20,"enemies":"Gremlin Nob","floor":8,"turns":5},{"damage":0,"enemies":"2 Fungi Beasts","floor":11,"turns":3},{"damage":16,"enemies":"Lagavulin","floor":12,"turns":6},{"damage":0,"enemies":"Lots of Slimes","floor":13,"turns":2},{"damage":0,"enemies":"Exordium Thugs","floor":14,"turns":3},{"damage":29,"enemies":"Hexaghost","floor":16,"turns":9},{"damage":27,"enemies":"Spheric Guardian","floor":18,"turns":6},{"damage":5,"enemies":"3 Byrds","floor":19,"turns":3},{"damage":21,"enemies":"3 Cultists","floor":22,"turns":5},{"damage":5,"enemies":"Slavers","floor":23,"turns":2},{"damage":16,"enemies":"Snake Plant","floor":24,"turns":4}],"seed_played":"968470032843423186","potions_obtained":[{"floor":2,"key":"GhostInAJar"},{"floor":3,"key":"Strength Potion"},{"floor":6,"key":"GhostInAJar"},{"floor":8,"key":"GhostInAJar"},{"floor":14,"key":"SteroidPotion"},{"floor":21,"key":"Weak Potion"},{"floor":21,"key":"GhostInAJar"},{"floor":22,"key":"Swift Potion"},{"floor":23,"key":"GamblersBrew"}],"is_trial":false,"path_per_floor":["M","M","M","M","M","M","$","E","T","?","M","E","M","M","R","B",null,"M","M","$","?","M","E","M"],"character_chosen":"THE_SILENT","items_purchased":["Envenom","Apotheosis","Footwork"],"campfire_rested":1,"item_purchase_floors":[7,20,20],"current_hp_per_floor":[66,58,58,58,58,48,48,28,28,28,28,12,12,12,33,4,70,43,38,38,38,17,12,0],"gold":99,"neow_bonus":"THREE_RARE_CARDS","is_prod":false,"is_daily":false,"chose_seed":false,"campfire_upgraded":0,"win_rate":0,"timestamp":1559514153,"path_taken":["M","M","?","?","M","M","$","E","T","?","?","E","M","M","R","BOSS","M","M","$","?","M","E","?"],"build_version":"2019-01-23","purchased_purges":0,"victory":false,"max_hp_per_floor":[70,70,70,70,70,70,70,70,70,70,70,70,70,70,70,70,70,70,70,70,70,70,70,70],"card_choices":[{"not_picked":["Wraith Form v2","Malaise"],"picked":"Burst","floor":0},{"not_picked":["Outmaneuver","Quick Slash","Dagger Throw"],"picked":"SKIP","floor":1},{"not_picked":["Endless Agony","Acrobatics"],"picked":"Deflect","floor":2},{"not_picked":["Outmaneuver","Deadly Poison","Dagger Throw"],"picked":"SKIP","floor":3},{"not_picked":["Expertise","Underhanded Strike"],"picked":"Cloak And Dagger","floor":4},{"not_picked":["Outmaneuver","PiercingWail"],"picked":"Glass Knife","floor":5},{"not_picked":["Expertise","PiercingWail"],"picked":"Blade Dance","floor":6},{"not_picked":["Accuracy","Heel Hook"],"picked":"Blade Dance","floor":8},{"not_picked":["Poisoned Stab","Slice"],"picked":"Infinite Blades","floor":11},{"not_picked":["Burst","Poisoned Stab","Dash"],"picked":"SKIP","floor":12},{"not_picked":["Acrobatics","Quick Slash","Riddle With Holes"],"picked":"SKIP","floor":13},{"not_picked":["Deadly Poison","Cloak And Dagger"],"picked":"Blade Dance","floor":14},{"not_picked":["Phantasmal Killer","Doppelganger"],"picked":"Corpse Explosion","floor":16},{"not_picked":["Leg Sweep","Dagger Throw"],"picked":"Deflect","floor":18},{"not_picked":["Flying Knee","Escape Plan","Heel Hook+1"],"picked":"SKIP","floor":19},{"not_picked":["Cloak And Dagger","Acrobatics"],"picked":"Blade Dance+1","floor":22},{"not_picked":["Choke","Slice"],"picked":"Adrenaline","floor":23}],"player_experience":284135,"relics_obtained":[{"floor":8,"key":"War Paint"},{"floor":9,"key":"Mercury Hourglass"},{"floor":12,"key":"Bronze Scales"},{"floor":23,"key":"Bottled Lightning"}],"event_choices":[{"cards_removed":["Glass Knife"],"damage_healed":0,"gold_gain":0,"player_choice":"Took Card","damage_taken":0,"max_hp_gain":0,"max_hp_loss":0,"event_name":"NoteForYourself","floor":10,"gold_loss":0,"cards_obtained":["Bash"]},{"damage_healed":0,"gold_gain":0,"player_choice":"Got Potions","damage_taken":0,"max_hp_gain":0,"max_hp_loss":0,"event_name":"Lab","floor":21,"gold_loss":0}],"is_beta":false,"boss_relics":[{"not_picked":["Snecko Eye","Tiny House"],"picked":"Ring of the Serpent"}],"items_purged_floors":[],"is_endless":false,"potions_floor_spawned":[2,3,6,8,12,13,14,22,23],"killed_by":"Snake Plant","ascension_level":0}