{"gold_per_floor":[362,362,387,415,441,488,512,524,536,548,51,82,7,43,43,166,166,184,170,170,214,214,214,214,214],"floor_reached":25,"playtime":1151,"items_purged":["Strike_R"],"score":234,"play_id":"f3442f5d-0030-4902-9512-6b59f57cfff1","local_time":"20190129201459","is_ascension_mode":false,"campfire_choices":[{"data":"Armaments","floor":8.0,"key":"SMITH"},{"floor":15.0,"key":"RECALL"},{"floor":23.0,"key":"REST"}],"neow_cost":"PERCENT_DAMAGE","seed_source_timestamp":26672350733276,"circlet_count":0,"master_deck":["Defend_R","Defend_R","Defend_R","Defend_R","Bash","Flex","Cleave","Reaper","Inflame","Armaments+1","Heavy Blade","Feed","Reaper","Metallicize","Berserk","Dual Wield+1","Bite","Bite","Bite","Bite","Bite"],"special_seed":0,"relics":["Burning Blood","MawBank","Oddly Smooth Stone","Golden Idol","Toy Ornithopter","Odd Mushroom","Bottled Flame","Eternal Feather","Red Mask","Singing Bowl"],"potions_floor_usage":[],"damage_taken":[{"damage":8.0,"enemies":"Jaw Worm","floor":1.0,"turns":3.0},{"damage":0.0,"enemies":"2 Louse","floor":3.0,"turns":2.0},{"damage":3.0,"enemies":"Small Slimes","floor":4.0,"turns":3.0},{"damage":6.0,"enemies":"Blue Slaver","floor":5.0,"turns":4.0},{"damage":16.0,"enemies":"Lagavulin","floor":6.0,"turns":7.0},{"damage":10.0,"enemies":"Large Slime","floor":7.0,"turns":3.0},{"damage":34.0,"enemies":"The Mushroom Lair","floor":12.0,"turns":5.0},{"damage":21.0,"enemies":"3 Sentries","floor":14.0,"turns":5.0},{"damage":38.0,"enemies":"Slime Boss","floor":16.0,"turns":11.0},{"damage":20.0,"enemies":"Spheric Guardian","floor":18.0,"turns":5.0},{"damage":42.0,"enemies":"2 Thieves","floor":19.0,"turns":4.0},{"damage":68.0,"enemies":"Masked Bandits","floor":21.0,"turns":7.0},{"damage":75,"enemies":"Book of Stabbing","floor":25,"turns":6}],"seed_played":"6720605704211219944","potions_obtained":[{"floor":1.0,"key":"Fire Potion"},{"floor":4.0,"key":"Poison Potion"},{"floor":6.0,"key":"Energy Potion"},{"floor":12.0,"key":"Ancient Potion"},{"floor":21.0,"key":"Explosive Potion"}],"is_trial":false,"path_per_floor":["M","?","M","M","M","E","M","R","T","?","$","?","$","E","R","B",null,"M","M","?","?","?","R","?","E"],"character_chosen":"IRONCLAD","items_purchased":["Feed","Reaper","Metallicize","Toy Ornithopter"],"campfire_rested":1,"item_purchase_floors":[11,11,11,11],"current_hp_per_floor":[54,47,53,56,56,52,60,60,60,40,40,39,39,60,60,45,87,76,51,51,22,22,53,53,0],"gold":214,"neow_bonus":"TWO_FIFTY_GOLD","is_prod":false,"is_daily":false,"chose_seed":false,"campfire_upgraded":1,"win_rate":0,"timestamp":1548789299,"path_taken":["M","?","M","M","M","E","M","R","T","?","$","?","?","E","R","BOSS","M","M","?","?","?","R","?","E"],"build_version":"2019-01-23","purchased_purges":1,"victory":false,"max_hp_per_floor":[80,80,80,80,80,80,80,80,80,80,80,83,83,83,83,87,87,90,90,63,66,66,66,66,66],"card_choices":[{"not_picked":["Feel No Pain","Thunderclap"],"picked":"Flex","floor":1.0},{"not_picked":["Second Wind","Battle Trance"],"picked":"Cleave","floor":3.0},{"not_picked":["Inflame","Ghostly Armor"],"picked":"Reaper","floor":4.0},{"not_picked":["Hemokinesis","Anger"],"picked":"Inflame","floor":5.0},{"not_picked":["Sword Boomerang","Entrench"],"picked":"Armaments","floor":6.0},{"not_picked":["Iron Wave","Havoc"],"picked":"Heavy Blade","floor":7.0},{"not_picked":["Rage","Entrench","Sword Boomerang"],"picked":"SKIP","floor":14.0},{"not_picked":["Double Tap","Offering"],"picked":"Berserk","floor":16.0},{"not_picked":["Carnage","Havoc","Heavy Blade"],"picked":"SKIP","floor":18.0},{"not_picked":["Clothesline","Iron Wave"],"picked":"Dual Wield+1","floor":19.0}],"player_experience":223678,"relics_obtained":[{"floor":6.0,"key":"Oddly Smooth Stone"},{"floor":12.0,"key":"Odd Mushroom"},{"floor":14.0,"key":"Bottled Flame"},{"floor":21.0,"key":"Red Mask"}],"event_choices":[{"damage_healed":0.0,"max_hp_gain":0.0,"max_hp_loss":0.0,"gold_gain":0.0,"event_name":"Scrap Ooze","player_choice":"Success","floor":2.0,"gold_loss":0.0,"damage_taken":7.0,"relics_obtained":["MawBank"]},{"damage_healed":0.0,"max_hp_gain":0.0,"max_hp_loss":0.0,"gold_gain":0.0,"event_name":"Golden Idol","player_choice":"Take Damage","floor":10.0,"gold_loss":0.0,"damage_taken":20.0,"relics_obtained":["Golden Idol"]},{"damage_healed":0.0,"max_hp_gain":0.0,"max_hp_loss":0.0,"gold_gain":0.0,"event_name":"Mushrooms","player_choice":"Fought Mushrooms","floor":12.0,"gold_loss":0.0,"damage_taken":0.0},{"damage_healed":0.0,"max_hp_gain":0.0,"max_hp_loss":27.0,"gold_gain":0.0,"event_name":"Vampires","player_choice":"Became a vampire","floor":20.0,"gold_loss":0.0,"damage_taken":0.0,"cards_obtained":["Bite","Bite","Bite","Bite","Bite"]},{"damage_healed":0.0,"max_hp_gain":0.0,"max_hp_loss":0.0,"gold_gain":0.0,"event_name":"Masked Bandits","player_choice":"Fought Bandits","floor":21.0,"gold_loss":0.0,"damage_taken":0.0},{"damage_healed":0.0,"max_hp_gain":0.0,"max_hp_loss":0.0,"gold_gain":0.0,"event_name":"Cursed Tome","player_choice":"Ignored","floor":22.0,"gold_loss":0.0,"damage_taken":0.0},{"damage_healed":0.0,"max_hp_gain":0.0,"max_hp_loss":0.0,"gold_gain":0.0,"event_name":"The Mausoleum","player_choice":"Opened","floor":24.0,"gold_loss":0.0,"damage_taken":0.0,"relics_obtained":["Singing Bowl"]}],"is_beta":false,"boss_relics":[{"not_picked":["Runic Cube","Ectoplasm"],"picked":"Eternal Feather"}],"items_purged_floors":[13],"is_endless":false,"potions_floor_spawned":[1,4,6,12,21],"killed_by":"Book of Stabbing","ascension_level":0}