{"gold_per_floor":[118,118,88,99,112,64,64,77,77,77,97,97,107,125,125,223,223,240,240,260,260,16,16,16,16,62,62,77,111,121,121],"floor_reached":31,"playtime":2787,"items_purged":[],"score":247,"play_id":"39b2c721-ef5b-4fde-ae1f-54e46ece7bb2","local_time":"20181226230313","is_ascension_mode":false,"campfire_choices":[{"data":"Whirlwind","floor":7.0,"key":"SMITH"},{"data":"Intimidate","floor":12.0,"key":"SMITH"},{"data":"Anger","floor":15.0,"key":"SMITH"},{"floor":23,"key":"REST"}],"neow_cost":"","seed_source_timestamp":572410397080211,"circlet_count":0,"master_deck":["Strike_R","Strike_R","Strike_R","Strike_R","Defend_R","Defend_R","Defend_R","Bash","Perfected Strike+1","Whirlwind+1","Intimidate+1","Battle Trance","Iron Wave","Fiend Fire","Anger+1","Feed","Clothesline+1","Perfected Strike","Carnage","Clash","Anger","Disarm","Infernal Blade+1"],"special_seed":0,"relics":["Burning Blood","Self Forming Clay","Black Star","Question Card","Blood Vial","Centennial Puzzle","Juzu Bracelet"],"potions_floor_usage":[29,29,30],"damage_taken":[{"damage":8.0,"enemies":"Jaw Worm","floor":1.0,"turns":4.0},{"damage":1.0,"enemies":"Cultist","floor":4.0,"turns":3.0},{"damage":0.0,"enemies":"Small Slimes","floor":5.0,"turns":2.0},{"damage":0.0,"enemies":"Gremlin Gang","floor":8.0,"turns":1.0},{"damage":9.0,"enemies":"Exordium Wildlife","floor":11.0,"turns":2.0},{"damage":0.0,"enemies":"Large Slime","floor":13.0,"turns":4.0},{"damage":7.0,"enemies":"Looter","floor":14.0,"turns":3.0},{"damage":65.0,"enemies":"The Guardian","floor":16.0,"turns":12.0},{"damage":22,"enemies":"Shell Parasite","floor":18,"turns":5},{"damage":15,"enemies":"Chosen","floor":20,"turns":5},{"damage":20,"enemies":"3 Cultists","floor":28,"turns":5},{"damage":46,"enemies":"Book of Stabbing","floor":29,"turns":6},{"damage":19,"enemies":"Sentry and Sphere","floor":30,"turns":4},{"damage":10,"enemies":"Snake Plant","floor":31,"turns":1}],"seed_played":"-1564212429416597923","potions_obtained":[{"floor":3.0,"key":"Explosive Potion"},{"floor":3.0,"key":"LiquidBronze"},{"floor":8.0,"key":"Fire Potion"},{"floor":20,"key":"Dexterity Potion"},{"floor":28,"key":"SkillPotion"},{"floor":29,"key":"LiquidBronze"}],"is_trial":false,"path_per_floor":["M","?","?","M","M","$","R","M","T","?","M","R","M","M","R","B",null,"M","?","M","?","$","R","$","?","T","$","M","E","M","M"],"character_chosen":"IRONCLAD","items_purchased":["Energy Potion","Question Card"],"campfire_rested":1,"item_purchase_floors":[6,22],"current_hp_per_floor":[78,78,78,80,80,80,80,80,80,80,77,77,80,79,79,20,80,64,49,40,40,40,65,65,65,65,65,56,18,7,0],"gold":121,"neow_bonus":"","is_prod":false,"is_daily":false,"chose_seed":false,"campfire_upgraded":3,"win_rate":0.0,"timestamp":1545883393,"path_taken":["M","?","?","M","M","$","R","?","T","?","M","R","?","M","R","BOSS","M","?","M","?","$","R","?","?","T","?","M","E","M","M"],"build_version":"2018-12-20","purchased_purges":0,"victory":false,"max_hp_per_floor":[80,80,80,80,80,80,80,80,80,80,80,80,80,80,80,80,80,80,85,85,85,85,85,85,85,85,85,88,88,88,88],"card_choices":[{"not_picked":["Clash","Iron Wave"],"picked":"Perfected Strike","floor":1.0},{"not_picked":["Carnage","Ghostly Armor"],"picked":"Whirlwind","floor":4.0},{"not_picked":["Corruption","Clash"],"picked":"Intimidate","floor":5.0},{"not_picked":["Twin Strike","Shrug It Off"],"picked":"Battle Trance","floor":8.0},{"not_picked":["Flame Barrier","Rupture","Sever Soul"],"picked":"SKIP","floor":11.0},{"not_picked":["Headbutt","Ghostly Armor","Clothesline"],"picked":"SKIP","floor":13.0},{"not_picked":["Impervious","Shockwave"],"picked":"Anger","floor":14.0},{"not_picked":["Berserk","Brutality"],"picked":"Feed","floor":16.0},{"not_picked":["Bloodletting","Sever Soul"],"picked":"Clothesline+1","floor":18},{"not_picked":["Perfected Strike","Cleave","True Grit"],"picked":"SKIP","floor":20},{"not_picked":["Cleave","True Grit"],"picked":"Perfected Strike","floor":20},{"not_picked":["Sword Boomerang","Disarm","Clothesline+1"],"picked":"Anger","floor":28},{"not_picked":["Pummel+1","Thunderclap","Intimidate"],"picked":"Disarm","floor":29},{"not_picked":["True Grit","Fiend Fire","Pommel Strike"],"picked":"Infernal Blade+1","floor":30}],"player_experience":0,"relics_obtained":[{"floor":9.0,"key":"Self Forming Clay"},{"floor":26,"key":"Blood Vial"},{"floor":29,"key":"Centennial Puzzle"},{"floor":29,"key":"Juzu Bracelet"}],"event_choices":[{"damage_healed":0.0,"max_hp_gain":0.0,"max_hp_loss":0.0,"gold_gain":0.0,"event_name":"Living Wall","player_choice":"Grow","floor":2.0,"gold_loss":0.0,"damage_taken":0.0,"cards_upgraded":["Perfected Strike"]},{"damage_healed":0.0,"max_hp_gain":0.0,"max_hp_loss":0.0,"gold_gain":0.0,"event_name":"The Woman in Blue","player_choice":"Bought 2 Potions","floor":3.0,"gold_loss":0.0,"damage_taken":0.0},{"damage_healed":0.0,"max_hp_gain":0.0,"max_hp_loss":0.0,"gold_gain":0.0,"event_name":"Match and Keep!","player_choice":"2 cards matched","floor":10.0,"gold_loss":0.0,"damage_taken":0.0,"cards_obtained":["Iron Wave","Fiend Fire"]},{"damage_healed":0,"gold_gain":0,"player_choice":"Shed Blood","damage_taken":20,"max_hp_gain":5,"max_hp_loss":0,"event_name":"Forgotten Altar","floor":19,"gold_loss":0},{"damage_healed":0,"gold_gain":0,"cards_transformed":["Defend_R","Strike_R"],"player_choice":"Became Test Subject","damage_taken":0,"max_hp_gain":0,"max_hp_loss":0,"event_name":"Drug Dealer","floor":21,"gold_loss":0,"cards_obtained":["Carnage","Clash"]},{"damage_healed":0,"gold_gain":0,"player_choice":"Ignored","damage_taken":0,"max_hp_gain":0,"max_hp_loss":0,"event_name":"Vampires","floor":25,"gold_loss":0}],"is_beta":false,"boss_relics":[{"not_picked":["Fusion Hammer","Sozu"],"picked":"Black Star"}],"items_purged_floors":[],"is_endless":false,"potions_floor_spawned":[8,13,16,18,20,28,29],"killed_by":"Snake Plant","ascension_level":0}