{"gold_per_floor":[118,128,146,71,81,81,115,115,115,135,152,164,164,184,184,281,281,296,311,328,328,62,62,81,81,81,97,111,146,50,62,62,165,165,183,74,91,91,104,130,145,145,145,163,163,163,163,173,173,276,276,287,304,323,336,386,386,461,8,79,95,125,125,125,125,125,225,225,239,249,266,25,39,39,39,68,101,119,119,131,131,142,142,240,240,256,271,271,289,332,344,356,368,410,437,449,496,508,531,543,653,665,691,719,368,168,178,178,178,197,222,240,240,273,273,592,592,693,693,705,515,528,538],"floor_reached":123,"playtime":5115,"items_purged":["Doom and Gloom","Static Discharge"],"score":3451,"play_id":"89a7f937-18b2-4515-9699-3c632dcfeab6","local_time":"20180808160221","daily_mods":["Heirloom","Insanity","Time Dilation","Uncertain Future","Vintage"],"is_ascension_mode":false,"campfire_choices":[{"data":"White Noise","floor":6.0,"key":"SMITH"},{"data":"Seek","floor":8.0,"key":"SMITH"},{"data":"Reinforced Body","floor":15.0,"key":"SMITH"},{"data":"Fusion","floor":23.0,"key":"PURGE"},{"data":"Blizzard","floor":25.0,"key":"SMITH"},{"data":"Fusion","floor":32.0,"key":"PURGE"},{"data":"Strike_B","floor":45.0,"key":"PURGE"},{"data":"Doom and Gloom","floor":47.0,"key":"PURGE"},{"data":"Defend_B","floor":49.0,"key":"PURGE"},{"data":"Fission","floor":57.0,"key":"PURGE"},{"data":"All For One","floor":63.0,"key":"PURGE"},{"data":"Creative AI","floor":66.0,"key":"SMITH"},{"data":"Defragment","floor":74.0,"key":"SMITH"},{"data":"Buffer","floor":83.0,"key":"SMITH"},{"data":"Multi-Cast","floor":91,"key":"SMITH"},{"data":"Double Energy","floor":93,"key":"SMITH"},{"data":"Aggregate","floor":100,"key":"SMITH"},{"floor":113,"key":"DIG"},{"data":"Amplify","floor":115,"key":"SMITH"},{"data":"Skim","floor":117,"key":"SMITH"}],"neow_cost":"","seed_source_timestamp":0,"circlet_count":3,"master_deck":["Defragment+1","Buffer+1","Hologram+1","Blizzard+1","Aggregate+1","Skim","Echo Form","Steam","White Noise+1","Creative AI+1","Coolheaded","Go for the Eyes","Storm","Amplify+1","Conserve Battery+1","Glacier","Machine Learning+1","Gash+1","Multi-Cast+1","Skim+1","Coolheaded","Seek+1","Glacier","Redo+1","All For One","Barrage+1","Double Energy+1","Reinforced Body+1","Go for the Eyes","Zap","Electrodynamics","Fission+1","Go for the Eyes+1","Reboot","Turbo","Core Surge","RitualDagger+1","Aggregate","FTL+1","Loop+1","Madness+1","Core Surge+1","Defragment","Aggregate+1","BootSequence+1","Finesse+1","Secret Technique+1","Mind Blast+1","Reboot+1","Redo+1","Creative AI+1","Defragment+1","Chill+1","Consume+1","Deep Breath+1","Double Energy+1","Core Surge+1","Sadistic Nature+1","Master of Strategy+1","RitualDagger+1","Electrodynamics+1","Streamline+1","Leap+1","Steam Power+1","Defragment+1","Tempest+1","Core Surge+1"],"special_seed":0,"relics":["FrozenCore","Prayer Wheel","Question Card","Singing Bowl","Nunchaku","StoneCalendar","Strawberry","Ornamental Fan","Odd Mushroom","Anchor","Oddly Smooth Stone","Whetstone","Peace Pipe","Eternal Feather","Cables","Molten Egg 2","Dream Catcher","DataDisk","Blue Candle","Pear","Bronze Scales","Meat on the Bone","Toxic Egg 2","Shuriken","Du-Vu Doll","Coffee Dripper","Bottled Tornado","Lantern","Ice Cream","Pen Nib","Boot","Happy Flower","Shovel","Juzu Bracelet","Kunai","Dead Branch","Pantograph","Empty Cage","Turnip","Omamori","Dodecahedron","Mummified Hand","Tiny Chest","Runic Capacitor","Bottled Lightning","Smiling Mask","Art of War","Gremlin Horn","Frozen Egg 2","Busted Crown","Letter Opener","Mercury Hourglass","Unceasing Top","Bag of Preparation","Bag of Marbles","Centennial Puzzle","Potion Belt","Blood Vial","Symbiotic Virus","Inserter","Vajra","Bottled Flame","MawBank","Emotion Chip","Gambling Chip","Calipers","Torii","Astrolabe","Ancient Tea Set","War Paint","OrangePellets","Lee\u0027s Waffle","Regal Pillow","Mango","Bird Faced Urn","Orichalcum","Incense Burner","Old Coin","Thread and Needle","Circlet","Toolbox"],"potions_floor_usage":[101,101],"damage_taken":[{"damage":0.0,"enemies":"Small Slimes","floor":1.0,"turns":2.0},{"damage":0.0,"enemies":"2 Louse","floor":2.0,"turns":1.0},{"damage":4.0,"enemies":"Cultist","floor":3.0,"turns":3.0},{"damage":8.0,"enemies":"2 Fungi Beasts","floor":5.0,"turns":3.0},{"damage":0.0,"enemies":"Lagavulin","floor":7.0,"turns":6.0},{"damage":18.0,"floor":10.0,"turns":3.0},{"damage":0.0,"enemies":"Looter","floor":11.0,"turns":2.0},{"damage":0.0,"enemies":"Large Slime","floor":12.0,"turns":3.0},{"damage":0.0,"enemies":"Exordium Wildlife","floor":14.0,"turns":2.0},{"damage":0.0,"enemies":"The Guardian","floor":16.0,"turns":8.0},{"damage":0.0,"enemies":"2 Thieves","floor":18.0,"turns":3.0},{"damage":0.0,"enemies":"3 Byrds","floor":19.0,"turns":1.0},{"damage":0.0,"enemies":"Centurion and Healer","floor":20.0,"turns":8.0},{"damage":0.0,"enemies":"Snecko","floor":24.0,"turns":2.0},{"damage":3.0,"enemies":"Chosen and Byrds","floor":27.0,"turns":8.0},{"damage":0.0,"enemies":"Snake Plant","floor":28.0,"turns":2.0},{"damage":0.0,"enemies":"Gremlin Leader","floor":29.0,"turns":7.0},{"damage":0.0,"enemies":"Snecko","floor":31.0,"turns":2.0},{"damage":25.0,"enemies":"Automaton","floor":33.0,"turns":7.0},{"damage":0.0,"enemies":"Flame Bruiser 1 Orb","floor":35.0,"turns":4.0},{"damage":22.0,"enemies":"3 Shapes","floor":37.0,"turns":3.0},{"damage":0.0,"enemies":"Flame Bruiser 2 Orb","floor":39.0,"turns":4.0},{"damage":65.0,"enemies":"Nemesis","floor":40.0,"turns":7.0},{"damage":0.0,"enemies":"Spire Growth","floor":41.0,"turns":4.0},{"damage":6.0,"floor":42.0,"turns":7.0},{"damage":11.0,"enemies":"4 Shapes","floor":44.0,"turns":4.0},{"damage":0.0,"enemies":"Sphere and 2 Shapes","floor":48.0,"turns":4.0},{"damage":33.0,"enemies":"Awakened One","floor":50.0,"turns":8.0},{"damage":0.0,"enemies":"Small Slimes","floor":52.0,"turns":1.0},{"damage":0.0,"enemies":"2 Louse","floor":53.0,"turns":2.0},{"damage":0.0,"enemies":"Cultist","floor":54.0,"turns":2.0},{"damage":0.0,"enemies":"Gremlin Gang","floor":55.0,"turns":2.0},{"damage":0.0,"enemies":"Exordium Wildlife","floor":56.0,"turns":1.0},{"damage":0.0,"enemies":"2 Fungi Beasts","floor":61.0,"turns":2.0},{"damage":0.0,"enemies":"Gremlin Nob","floor":62.0,"turns":1.0},{"damage":3.0,"enemies":"The Guardian","floor":67.0,"turns":2.0},{"damage":0.0,"enemies":"2 Thieves","floor":69.0,"turns":2.0},{"damage":0.0,"enemies":"Spheric Guardian","floor":70.0,"turns":2.0},{"damage":0.0,"enemies":"Chosen and Byrds","floor":71.0,"turns":3.0},{"damage":0.0,"enemies":"3 Cultists","floor":73.0,"turns":3.0},{"damage":0.0,"enemies":"Book of Stabbing","floor":76.0,"turns":2.0},{"damage":0.0,"enemies":"Slavers","floor":77.0,"turns":2.0},{"damage":0.0,"enemies":"Snake Plant","floor":78.0,"turns":2.0},{"damage":0.0,"enemies":"Snecko","floor":80.0,"turns":1.0},{"damage":0.0,"enemies":"Cultist and Chosen","floor":82.0,"turns":2.0},{"damage":0.0,"enemies":"Champ","floor":84.0,"turns":1.0},{"damage":0.0,"enemies":"Orb Walker","floor":86.0,"turns":1.0},{"damage":0.0,"enemies":"3 Shapes","floor":87.0,"turns":1.0},{"damage":0.0,"enemies":"Spire Growth","floor":89.0,"turns":1.0},{"damage":0.0,"enemies":"3 Darklings","floor":90.0,"turns":1.0},{"damage":0,"enemies":"Nemesis","floor":94,"turns":1},{"damage":0,"enemies":"4 Shapes","floor":95,"turns":1},{"damage":0,"enemies":"2 Orb Walkers","floor":97,"turns":1},{"damage":0,"enemies":"Sphere and 2 Shapes","floor":99,"turns":1},{"damage":0,"enemies":"Awakened One","floor":101,"turns":2},{"damage":0,"enemies":"Small Slimes","floor":103,"turns":1},{"damage":0,"enemies":"2 Louse","floor":104,"turns":1},{"damage":0,"enemies":"Jaw Worm","floor":107,"turns":1},{"damage":0,"enemies":"Gremlin Gang","floor":110,"turns":1},{"damage":0,"enemies":"Gremlin Nob","floor":111,"turns":1},{"damage":0,"enemies":"Blue Slaver","floor":112,"turns":1},{"damage":0,"enemies":"Lagavulin","floor":114,"turns":1},{"damage":0,"enemies":"2 Fungi Beasts","floor":116,"turns":1},{"damage":0,"enemies":"Slime Boss","floor":118,"turns":1},{"damage":0,"enemies":"Spheric Guardian","floor":120,"turns":1},{"damage":0,"enemies":"Chosen","floor":122,"turns":1},{"damage":0,"enemies":"Centurion and Healer","floor":123,"turns":1}],"seed_played":"-1864453416761951238","potions_obtained":[{"floor":1.0,"key":"Poison Potion"},{"floor":10.0,"key":"Energy Potion"},{"floor":14.0,"key":"GamblersBrew"},{"floor":16.0,"key":"Dexterity Potion"},{"floor":20.0,"key":"Regen Potion"},{"floor":33.0,"key":"PowerPotion"},{"floor":40.0,"key":"Regen Potion"},{"floor":50.0,"key":"FocusPotion"},{"floor":52.0,"key":"Strength Potion"},{"floor":67.0,"key":"Energy Potion"},{"floor":73.0,"key":"Fruit Juice"},{"floor":77.0,"key":"Ancient Potion"},{"floor":80.0,"key":"SkillPotion"},{"floor":89.0,"key":"Weak Potion"},{"floor":110,"key":"Swift Potion"},{"floor":112,"key":"Ancient Potion"}],"is_trial":true,"path_per_floor":["M","M","M","$","M","R","E","R","T","?","M","M","?","M","R","B",null,"M","M","M","?","$","R","M","R","T","M","M","E","$","M","R","B",null,"M","$","M","T","M","E","M","?","T","M","R","?","R","M","R","B",null,"M","M","M","M","M","R","?","$","T","M","E","R","?","?","R","B",null,"M","M","M","$","M","R","?","E","E","M","?","M","?","M","R","B",null,"M","M","?","M","M","R","$","R","E","M","?","E","?","M","R","B",null,"M","M","$","$","M","?","?","M","E","M","R","E","R","M","R","B",null,"M","$","M"],"character_chosen":"DEFECT","items_purchased":["DataDisk","Aggregate","FTL+1","Madness+1","Defragment","Aggregate+1","Runic Capacitor","Bottled Lightning","Defragment+1","Chill+1","Consume+1","OrangePellets","Defragment+1","Tempest+1","Lee\u0027s Waffle","Toolbox"],"campfire_rested":0,"item_purchase_floors":[22,22,22,30,36,36,59,59,72,72,72,105,105,105,106,121],"current_hp_per_floor":[75,75,71,71,63,63,72,72,72,56,56,56,39,39,39,39,86,86,86,86,80,80,86,86,86,96,93,96,96,96,96,96,78,96,96,96,74,74,74,21,33,56,56,57,90,80,98,98,98,65,98,98,98,98,98,98,98,87,87,87,87,94,98,103,103,103,100,103,103,103,103,103,103,103,103,105,110,110,110,110,87,87,115,115,115,115,115,115,115,115,115,115,115,117,117,109,113,113,115,121,121,121,121,121,121,128,128,102,91,93,101,103,142,146,146,146,146,146,146,146,146,146,146],"gold":538,"neow_bonus":"","is_prod":false,"is_daily":false,"chose_seed":false,"campfire_upgraded":12,"win_rate":0,"timestamp":1533711741,"path_taken":["M","M","M","$","M","R","E","R","T","?","M","?","?","M","R","BOSS","M","M","M","?","?","R","M","R","T","?","M","E","$","M","R","BOSS","M","$","M","?","M","E","M","?","T","M","R","?","R","M","R","BOSS","M","M","M","M","M","R","?","$","T","M","E","R","?","?","R","BOSS","M","M","M","$","M","R","?","E","E","M","?","M","?","M","R","BOSS","M","M","?","M","M","R","$","R","E","M","?","E","?","M","R","BOSS","M","M","?","$","M","?","?","M","E","M","R","E","R","M","R","BOSS","M","$","M","M"],"build_version":"2018-08-02","purchased_purges":2,"victory":false,"max_hp_per_floor":[75,75,75,75,75,75,84,84,84,86,86,86,86,86,86,86,86,86,86,86,86,86,86,86,86,96,96,96,96,96,96,96,96,96,96,96,96,96,96,96,96,98,98,98,98,98,98,98,98,98,98,98,98,98,98,98,98,98,98,98,98,98,98,103,103,103,103,103,103,103,103,103,103,103,103,105,110,110,110,110,115,115,115,115,115,115,115,115,115,115,115,115,115,117,117,119,121,121,121,121,121,121,121,121,121,128,128,128,142,142,144,144,144,146,146,146,146,146,146,146,146,146,146],"card_choices":[{"not_picked":["Redo","Hello World","Melter","Leap"],"picked":"Singing Bowl","floor":7.0},{"not_picked":["Hello World","Rebound","Hologram","Force Field"],"picked":"Singing Bowl","floor":10.0},{"not_picked":["Multi-Cast","Electrodynamics","Seek"],"picked":"Core Surge","floor":16.0},{"not_picked":["Beam Cell+1","Compile Driver+1","Steam"],"picked":"Loop+1","floor":29.0},{"not_picked":["Multi-Cast+1","Rainbow+1","Buffer"],"picked":"Core Surge+1","floor":33.0},{"not_picked":["Gash+1","Cold Snap+1","Rebound+1"],"picked":"BootSequence+1","floor":40.0},{"not_picked":["Turbo+1","Rebound+1","Static Discharge+1","Self Repair"],"picked":"Singing Bowl","floor":42.0},{"not_picked":["Enlightenment+1","Purity+1","Trip+1"],"picked":"Finesse+1","floor":46.0},{"not_picked":["Good Instincts+1","Dark Shackles+1","Deep Breath+1"],"picked":"Secret Technique+1","floor":46.0},{"not_picked":["Good Instincts+1","Bandage Up+1","Master of Strategy+1"],"picked":"Mind Blast+1","floor":46.0},{"not_picked":["Biased Cognition","Multi-Cast+1","Echo Form"],"picked":"Reboot+1","floor":50.0},{"not_picked":["Barrage+1","Coolheaded+1","Recycle+1"],"picked":"Redo+1","floor":62.0},{"not_picked":["Electrodynamics","Seek+1","Rainbow+1"],"picked":"Creative AI","floor":67.0},{"not_picked":["Sunder+1","Gash+1"],"picked":"Singing Bowl","floor":76.0},{"not_picked":["Loop+1"],"picked":"Double Energy+1","floor":77.0},{"not_picked":["Buffer+1"],"picked":"Core Surge+1","floor":84.0},{"not_picked":["Heatsinks+1","Turbo+1"],"picked":"Singing Bowl","floor":94},{"not_picked":["Purity+1"],"picked":"Sadistic Nature+1","floor":96},{"not_picked":["Dark Shackles+1","Dramatic Entrance+1"],"picked":"Singing Bowl","floor":96},{"not_picked":["Enlightenment+1"],"picked":"Master of Strategy+1","floor":96},{"not_picked":["Chaos+1","Recycle+1"],"picked":"Singing Bowl","floor":97},{"not_picked":["Meteor Strike+1"],"picked":"Electrodynamics+1","floor":101},{"not_picked":["Beam Cell+1","Force Field+1"],"picked":"Singing Bowl","floor":111},{"not_picked":["Auto Shields+1","Static Discharge+1"],"picked":"Singing Bowl","floor":114},{"not_picked":["Creative AI+1"],"picked":"Core Surge+1","floor":118}],"player_experience":264329,"relics_obtained":[{"floor":1.0,"key":"Question Card"},{"floor":2.0,"key":"Singing Bowl"},{"floor":3.0,"key":"Nunchaku"},{"floor":5.0,"key":"StoneCalendar"},{"floor":7.0,"key":"Strawberry"},{"floor":9.0,"key":"Ornamental Fan"},{"floor":10.0,"key":"Odd Mushroom"},{"floor":11.0,"key":"Anchor"},{"floor":12.0,"key":"Oddly Smooth Stone"},{"floor":14.0,"key":"Whetstone"},{"floor":16.0,"key":"Peace Pipe"},{"floor":18.0,"key":"Cables"},{"floor":19.0,"key":"Molten Egg 2"},{"floor":20.0,"key":"Dream Catcher"},{"floor":24.0,"key":"Blue Candle"},{"floor":26.0,"key":"Pear"},{"floor":27.0,"key":"Bronze Scales"},{"floor":28.0,"key":"Meat on the Bone"},{"floor":29.0,"key":"Toxic Egg 2"},{"floor":31.0,"key":"Shuriken"},{"floor":33.0,"key":"Du-Vu Doll"},{"floor":35.0,"key":"Bottled Tornado"},{"floor":37.0,"key":"Lantern"},{"floor":38.0,"key":"Ice Cream"},{"floor":39.0,"key":"Pen Nib"},{"floor":40.0,"key":"Boot"},{"floor":41.0,"key":"Happy Flower"},{"floor":42.0,"key":"Shovel"},{"floor":43.0,"key":"Juzu Bracelet"},{"floor":44.0,"key":"Kunai"},{"floor":48.0,"key":"Dead Branch"},{"floor":50.0,"key":"Pantograph"},{"floor":52.0,"key":"Turnip"},{"floor":53.0,"key":"Omamori"},{"floor":54.0,"key":"Dodecahedron"},{"floor":55.0,"key":"Mummified Hand"},{"floor":56.0,"key":"Tiny Chest"},{"floor":60.0,"key":"Smiling Mask"},{"floor":61.0,"key":"Art of War"},{"floor":67.0,"key":"Frozen Egg 2"},{"floor":69.0,"key":"Letter Opener"},{"floor":70.0,"key":"Mercury Hourglass"},{"floor":71.0,"key":"Unceasing Top"},{"floor":73.0,"key":"Bag of Preparation"},{"floor":78.0,"key":"Bag of Marbles"},{"floor":80.0,"key":"Potion Belt"},{"floor":82.0,"key":"Blood Vial"},{"floor":84.0,"key":"Symbiotic Virus"},{"floor":86.0,"key":"Vajra"},{"floor":87.0,"key":"Bottled Flame"},{"floor":89.0,"key":"MawBank"},{"floor":90,"key":"Emotion Chip"},{"floor":95,"key":"Gambling Chip"},{"floor":99,"key":"Calipers"},{"floor":101,"key":"Torii"},{"floor":103,"key":"Ancient Tea Set"},{"floor":104,"key":"War Paint"},{"floor":107,"key":"Regal Pillow"},{"floor":110,"key":"Bird Faced Urn"},{"floor":112,"key":"Orichalcum"},{"floor":113,"key":"Incense Burner"},{"floor":116,"key":"Old Coin"},{"floor":118,"key":"Thread and Needle"},{"floor":120,"key":"Circlet"},{"floor":122,"key":"Circlet"},{"floor":123,"key":"Circlet"}],"event_choices":[{"event_name":"Mushrooms","player_choice":"Fought Mushrooms","floor":10.0,"damage_taken":0.0},{"event_name":"Shining Light","player_choice":"Entered Light","floor":13.0,"damage_taken":0.0},{"event_name":"Nest","player_choice":"Joined the Cult","floor":21.0,"damage_taken":0.0},{"event_name":"MindBloom","player_choice":"Fight","floor":42.0,"damage_taken":0.0},{"event_name":"SensoryStone","player_choice":"Memory 3","floor":46.0,"damage_taken":0.0},{"event_name":"World of Goop","player_choice":"Gather Gold","floor":58.0,"damage_taken":0.0},{"event_name":"Big Fish","player_choice":"Donut","floor":64.0,"damage_taken":0.0},{"event_name":"Dead Adventurer","player_choice":"Searched \u00271\u0027 times","floor":65.0,"damage_taken":0.0},{"event_name":"Match and Keep!","player_choice":"1 cards matched","floor":75.0,"damage_taken":0.0},{"event_name":"The Mausoleum","player_choice":"Yes","floor":79.0,"damage_taken":0.0},{"event_name":"Forgotten Altar","player_choice":"Shed Blood","floor":81.0,"damage_taken":0.0},{"event_name":"Falling","player_choice":"Removed Attack","floor":88.0,"damage_taken":0.0},{"event_name":"SensoryStone","player_choice":"Memory 3","floor":96,"damage_taken":0},{"event_name":"Duplicator","player_choice":"One dupe","floor":98,"damage_taken":0},{"event_name":"Shining Light","player_choice":"Entered Light","floor":108,"damage_taken":0},{"event_name":"Scrap Ooze","player_choice":"success","floor":109,"damage_taken":25}],"is_beta":false,"boss_relics":[{"not_picked":["FrozenCore","Astrolabe"],"picked":"Eternal Feather"},{"not_picked":["Calling Bell","Black Star"],"picked":"Coffee Dripper"},{"not_picked":["Tiny House","Lizard Tail"],"picked":"Empty Cage"},{"not_picked":["Nuclear Battery","Tiny House"],"picked":"Busted Crown"},{"not_picked":["Sozu","Pandora\u0027s Box"],"picked":"Inserter"},{"not_picked":["Philosopher\u0027s Stone","Cursed Key"],"picked":"Astrolabe"},{"not_picked":["Cursed Key","Lizard Tail"],"picked":"FrozenCore"}],"items_purged_floors":[4,72],"is_endless":true,"potions_floor_spawned":[1,10,14,16,20,28,29,33,35,37,40,50,52,53,67,70,73,76,77,80,89,90,97,101,110,112,116,118,122],"killed_by":"Centurion and Healer","ascension_level":0}