{"gold_per_floor":[20,32,44,18,31,31,44,58,58,75,175,194,194,214,214,214],"floor_reached":16,"playtime":807,"items_purged":[],"score":182,"play_id":"6557161d-e7f6-4a56-8f05-42ac7c37c199","local_time":"20190511222005","is_ascension_mode":true,"campfire_choices":[{"floor":6,"key":"REST"},{"data":"Coolheaded","floor":13,"key":"SMITH"},{"floor":15,"key":"REST"}],"neow_cost":"NO_GOLD","seed_source_timestamp":511788056216685,"circlet_count":0,"master_deck":["AscendersBane","Strike_B","Strike_B","Strike_B","Strike_B","Defend_B","Defend_B","Defend_B","Defend_B","Zap","Dualcast","Sweeping Beam","Conserve Battery","Melter","Chaos","Conserve Battery","Self Repair","Core Surge","Coolheaded+1","Conserve Battery","Sweeping Beam","Sweeping Beam","Conserve Battery","Conserve Battery","Fission","Conserve Battery","Compile Driver"],"relics":["Cracked Core","Prayer Wheel","Blue Candle"],"potions_floor_usage":[14,14,16],"damage_taken":[{"damage":7,"enemies":"Small Slimes","floor":1,"turns":3},{"damage":9,"enemies":"2 Louse","floor":2,"turns":2},{"damage":1,"enemies":"Cultist","floor":3,"turns":3},{"damage":14,"enemies":"Red Slaver","floor":5,"turns":4},{"damage":9,"enemies":"3 Louse","floor":7,"turns":4},{"damage":0,"enemies":"2 Fungi Beasts","floor":8,"turns":3},{"damage":8,"enemies":"Exordium Wildlife","floor":10,"turns":3},{"damage":2,"enemies":"Looter","floor":12,"turns":4},{"damage":17,"enemies":"Gremlin Gang","floor":14,"turns":4},{"damage":73,"enemies":"Slime Boss","floor":16,"turns":9}],"seed_played":"-8985711943919198921","potions_obtained":[{"floor":2,"key":"Weak Potion"},{"floor":10,"key":"Block Potion"},{"floor":14,"key":"Strength Potion"}],"is_trial":false,"path_per_floor":["M","M","M","?","M","R","M","M","T","M","?","M","R","M","R","B"],"character_chosen":"DEFECT","items_purchased":[],"campfire_rested":2,"item_purchase_floors":[],"current_hp_per_floor":[61,52,51,51,44,66,64,64,64,63,63,61,61,44,66,0],"gold":214,"neow_bonus":"ONE_RARE_RELIC","is_prod":false,"is_daily":false,"chose_seed":false,"campfire_upgraded":1,"win_rate":0,"timestamp":1557638405,"path_taken":["M","M","M","?","M","R","M","M","T","M","?","M","R","M","R","BOSS"],"build_version":"2019-01-23","purchased_purges":0,"victory":false,"max_hp_per_floor":[75,75,75,75,75,75,75,75,75,75,75,75,75,75,75,75],"card_choices":[{"not_picked":["Ball Lightning","Leap"],"picked":"Sweeping Beam","floor":1},{"not_picked":["Loop","Hologram"],"picked":"Conserve Battery","floor":1},{"not_picked":["Cold Snap","Streamline"],"picked":"Melter","floor":2},{"not_picked":["Coolheaded","Darkness"],"picked":"Chaos","floor":2},{"not_picked":["Undo","Ball Lightning"],"picked":"Conserve Battery","floor":3},{"not_picked":["Cold Snap","Barrage"],"picked":"Self Repair","floor":3},{"not_picked":["Glacier","Defragment"],"picked":"Core Surge","floor":5},{"not_picked":["Gash","Leap"],"picked":"Coolheaded","floor":5},{"not_picked":["Capacitor","Gash"],"picked":"Conserve Battery","floor":7},{"not_picked":["Recycle","Reprogram"],"picked":"Sweeping Beam","floor":7},{"not_picked":["Turbo","Chill"],"picked":"Sweeping Beam","floor":8},{"not_picked":["Coolheaded","Streamline"],"picked":"Conserve Battery","floor":8},{"not_picked":["Capacitor","Heatsinks"],"picked":"Conserve Battery","floor":10},{"not_picked":["Barrage","FTL","Go for the Eyes"],"picked":"SKIP","floor":10},{"not_picked":["Leap","Gash"],"picked":"Fission","floor":12},{"not_picked":["Auto Shields","Cold Snap","Leap"],"picked":"SKIP","floor":12},{"not_picked":["Reprogram","Ball Lightning"],"picked":"Conserve Battery","floor":14},{"not_picked":["Cold Snap","Go for the Eyes"],"picked":"Compile Driver","floor":14}],"player_experience":479137,"relics_obtained":[{"floor":9,"key":"Blue Candle"}],"event_choices":[{"damage_healed":0,"gold_gain":0,"player_choice":"Left Gold","damage_taken":0,"max_hp_gain":0,"max_hp_loss":0,"event_name":"World of Goop","floor":4,"gold_loss":26},{"damage_healed":0,"gold_gain":100,"player_choice":"Pray","damage_taken":0,"max_hp_gain":0,"max_hp_loss":0,"event_name":"Golden Shrine","floor":11,"gold_loss":0}],"is_beta":false,"boss_relics":[],"items_purged_floors":[],"is_endless":false,"potions_floor_spawned":[2,10,14],"killed_by":"Slime Boss","ascension_level":12}