{"gold_per_floor":[110,127,127,145,162,162,192,192,192,227,302,315,26,44,44,149,149,166,40,40,59,69,97,97,131,131,145,180,197,208,240,240,343,343,358,358,1,101,0,0,27,27,27],"floor_reached":44,"playtime":3382,"items_purged":["Strike_B","Regret"],"score":1175,"play_id":"39ddcbd7-6330-40ca-ab55-f15f0671bdaf","local_time":"20190401203655","is_ascension_mode":true,"campfire_choices":[{"data":"Zap","floor":6,"key":"SMITH"},{"floor":8,"key":"REST"},{"data":"Leap","floor":15,"key":"SMITH"},{"data":"Defragment","floor":24,"key":"SMITH"},{"data":"Beam Cell","floor":32,"key":"SMITH"},{"data":"Seek","floor":40,"key":"SMITH"}],"neow_cost":"NONE","seed_source_timestamp":850251666222430,"circlet_count":0,"master_deck":["Strike_B","Defend_B","Defend_B","Defend_B","Defend_B","Zap+1","Dualcast","Gash","Gash","Echo Form","Cold Snap","Gash","Leap+1","Defragment+1","Self Repair","Gash","All For One","Beam Cell+1","Go for the Eyes","Seek+1","Genetic Algorithm","Coolheaded","FTL","Gash","Gash","All For One","Beam Cell","Steam"],"relics":["Cracked Core","Orichalcum","Meat on the Bone","FossilizedHelix","Kunai","Cursed Key","Mummified Hand","Centennial Puzzle","Singing Bowl","Letter Opener","Happy Flower","Lizard Tail","Art of War","Pocketwatch","Red Mask","Bottled Lightning"],"potions_floor_usage":[10,23,25,33,43,43],"damage_taken":[{"damage":9,"enemies":"Jaw Worm","floor":1,"turns":3},{"damage":1,"enemies":"Cultist","floor":2,"turns":3},{"damage":3,"enemies":"2 Louse","floor":4,"turns":3},{"damage":2,"enemies":"Red Slaver","floor":5,"turns":3},{"damage":19,"enemies":"Lagavulin","floor":7,"turns":6},{"damage":20,"enemies":"3 Sentries","floor":10,"turns":4},{"damage":0,"enemies":"Looter","floor":12,"turns":3},{"damage":11,"enemies":"Large Slime","floor":14,"turns":5},{"damage":0,"enemies":"The Guardian","floor":16,"turns":9},{"damage":16,"enemies":"3 Byrds","floor":18,"turns":5},{"damage":0,"enemies":"Spheric Guardian","floor":21,"turns":4},{"damage":17,"enemies":"Centurion and Healer","floor":22,"turns":5},{"damage":13,"enemies":"Gremlin Leader","floor":23,"turns":4},{"damage":11,"enemies":"Book of Stabbing","floor":25,"turns":5},{"damage":0,"enemies":"Cultist and Chosen","floor":27,"turns":7},{"damage":35,"enemies":"Gremlin Leader","floor":28,"turns":6},{"damage":1,"enemies":"Chosen and Byrds","floor":29,"turns":5},{"damage":2,"enemies":"Centurion and Healer","floor":30,"turns":5},{"damage":0,"enemies":"Book of Stabbing","floor":31,"turns":4},{"damage":1,"enemies":"Champ","floor":33,"turns":5},{"damage":10,"enemies":"3 Shapes","floor":35,"turns":4},{"damage":14,"enemies":"Mind Bloom Boss Battle","floor":38,"turns":5},{"damage":0,"enemies":"Giant Head","floor":41,"turns":4},{"damage":37,"enemies":"Time Eater","floor":43,"turns":7}],"seed_played":"7707180770965721831","potions_obtained":[{"floor":7,"key":"PowerPotion"},{"floor":10,"key":"Dexterity Potion"},{"floor":12,"key":"Dexterity Potion"},{"floor":22,"key":"Fire Potion"},{"floor":25,"key":"Energy Potion"},{"floor":27,"key":"FocusPotion"},{"floor":28,"key":"Block Potion"},{"floor":31,"key":"Swift Potion"},{"floor":35,"key":"SmokeBomb"},{"floor":41,"key":"Swift Potion"}],"is_trial":false,"path_per_floor":["M","M","?","M","M","R","E","R","T","E","?","M","$","M","R","B",null,"M","$","?","M","M","E","R","E","T","M","E","M","M","E","R","B",null,"M","?","$","?","?","R","E","?","B",null],"character_chosen":"DEFECT","items_purchased":["Kunai","Self Repair","Go for the Eyes","Steam","Art of War","PowerPotion"],"campfire_rested":1,"item_purchase_floors":[13,13,19,37,37,37],"current_hp_per_floor":[59,58,58,55,53,53,34,56,56,48,37,49,49,45,45,59,71,62,62,62,62,59,53,53,49,49,51,37,55,60,74,74,79,79,76,75,75,77,77,77,79,79,42],"gold":27,"neow_bonus":"THREE_CARDS","is_prod":false,"is_daily":false,"chose_seed":false,"campfire_upgraded":5,"win_rate":0,"timestamp":1554165415,"path_taken":["M","M","?","?","M","R","E","R","T","E","?","M","$","M","R","BOSS","M","$","?","M","M","E","R","E","T","M","E","M","?","E","R","BOSS","M","?","$","?","?","R","E","?","BOSS"],"build_version":"2019-01-23","purchased_purges":2,"victory":true,"max_hp_per_floor":[75,75,75,75,75,75,75,75,75,75,75,75,75,75,75,75,75,75,75,75,75,75,75,75,75,75,77,79,79,79,79,79,79,79,79,75,75,77,77,77,79,79,79],"card_choices":[{"not_picked":["Sweeping Beam","Darkness"],"picked":"Gash","floor":0},{"not_picked":["Rebound","Barrage"],"picked":"Gash","floor":1},{"not_picked":["Loop","Lockon"],"picked":"Echo Form","floor":2},{"not_picked":["Redo","Capacitor"],"picked":"Cold Snap","floor":4},{"not_picked":["Defragment","Rebound"],"picked":"Gash","floor":5},{"not_picked":["Chaos","Doom and Gloom"],"picked":"Leap","floor":7},{"not_picked":["Stack","Tempest"],"picked":"Defragment","floor":10},{"not_picked":["Heatsinks","Static Discharge","Compile Driver"],"picked":"SKIP","floor":12},{"not_picked":["Go for the Eyes","Conserve Battery"],"picked":"Gash","floor":14},{"not_picked":["Rainbow","Thunder Strike"],"picked":"All For One","floor":16},{"not_picked":["Redo","Turbo"],"picked":"Beam Cell","floor":18},{"not_picked":["Barrage","Lockon","Capacitor"],"picked":"SKIP","floor":21},{"not_picked":["Rip and Tear","Aggregate"],"picked":"Genetic Algorithm","floor":22},{"not_picked":["Streamline","Compile Driver"],"picked":"Coolheaded","floor":23},{"not_picked":["Streamline","Stack","Reboot"],"picked":"SKIP","floor":25},{"not_picked":["Turbo+1","Double Energy","Stack"],"picked":"Singing Bowl","floor":27},{"not_picked":["Sweeping Beam","Steam Power","Force Field"],"picked":"Singing Bowl","floor":28},{"not_picked":["Beam Cell","Ball Lightning"],"picked":"FTL","floor":29},{"not_picked":["Turbo+1","Hologram"],"picked":"Gash","floor":30},{"not_picked":["Storm+1","Chill"],"picked":"Gash","floor":31},{"not_picked":["Thunder Strike","Electrodynamics"],"picked":"All For One","floor":33},{"not_picked":["Compile Driver","Capacitor+1"],"picked":"Beam Cell","floor":35},{"not_picked":["Undo","Streamline+1","Heatsinks+1"],"picked":"Singing Bowl","floor":38},{"not_picked":["Compile Driver","Go for the Eyes+1","Sweeping Beam+1"],"picked":"Singing Bowl","floor":41}],"player_experience":284354,"relics_obtained":[{"floor":7,"key":"Orichalcum"},{"floor":9,"key":"Meat on the Bone"},{"floor":10,"key":"FossilizedHelix"},{"floor":23,"key":"Mummified Hand"},{"floor":25,"key":"Centennial Puzzle"},{"floor":26,"key":"Singing Bowl"},{"floor":28,"key":"Letter Opener"},{"floor":31,"key":"Happy Flower"},{"floor":38,"key":"Pocketwatch"},{"floor":41,"key":"Bottled Lightning"}],"event_choices":[{"cards_removed":["Strike_B"],"damage_healed":0,"gold_gain":0,"player_choice":"Purged","damage_taken":0,"max_hp_gain":0,"max_hp_loss":0,"event_name":"Purifier","floor":3,"gold_loss":0},{"damage_healed":0,"gold_gain":75,"player_choice":"Gather Gold","damage_taken":11,"max_hp_gain":0,"max_hp_loss":0,"event_name":"World of Goop","floor":11,"gold_loss":0},{"damage_healed":0,"gold_gain":0,"cards_transformed":["Strike_B"],"player_choice":"Transformed","damage_taken":0,"max_hp_gain":0,"max_hp_loss":0,"event_name":"Transmorgrifier","floor":20,"gold_loss":0,"cards_obtained":["Seek"]},{"damage_healed":0,"gold_gain":0,"player_choice":"Max HP","damage_taken":0,"max_hp_gain":0,"max_hp_loss":4,"event_name":"Winding Halls","floor":36,"gold_loss":0},{"damage_healed":0,"gold_gain":0,"player_choice":"Fight","damage_taken":0,"max_hp_gain":0,"max_hp_loss":0,"event_name":"MindBloom","floor":38,"gold_loss":0},{"damage_healed":0,"gold_gain":0,"player_choice":"Paid","damage_taken":0,"relics_obtained":["Red Mask"],"max_hp_gain":0,"max_hp_loss":0,"event_name":"Tomb of Lord Red Mask","floor":39,"gold_loss":101},{"damage_healed":0,"gold_gain":0,"player_choice":"Took Portal","damage_taken":0,"max_hp_gain":0,"max_hp_loss":0,"event_name":"SecretPortal","floor":42,"gold_loss":0}],"is_beta":false,"boss_relics":[{"not_picked":["Busted Crown","Inserter"],"picked":"Cursed Key"},{"not_picked":["Nuclear Battery","FrozenCore"],"picked":"Lizard Tail"}],"items_purged_floors":[19,37],"is_endless":false,"potions_floor_spawned":[7,10,12,22,25,27,28,30,31,35,41],"ascension_level":9}