{"gold_per_floor":[114,15,33,82,93,93,103,115,140,72,22,22,40,40,40,137,137,149,162,176,91,91,91,16,16,40,57,69,96,96,7,7,110,110,126,126,0,0,0,31,31,31,31,43,53,70,70,70,70,70],"floor_reached":50,"playtime":4377,"items_purged":["Decay"],"score":485,"play_id":"dbc9f828-2025-4647-bc16-7487e9157222","local_time":"20190111032000","is_ascension_mode":false,"campfire_choices":[{"data":"Phantasmal Killer","floor":6,"key":"SMITH"},{"data":"All Out Attack","floor":12,"key":"SMITH"},{"data":"Masterful Stab","floor":15,"key":"SMITH"},{"data":"A Thousand Cuts","floor":23,"key":"SMITH"},{"data":"Acrobatics","floor":25,"key":"SMITH"},{"data":"Deflect","floor":30,"key":"SMITH"},{"data":"Slice","floor":32,"key":"SMITH"},{"data":"Adrenaline","floor":41,"key":"SMITH"},{"data":"Backflip","floor":47,"key":"SMITH"},{"data":"Choke","floor":49,"key":"SMITH"}],"neow_cost":"NONE","seed_source_timestamp":46839898115561,"circlet_count":0,"master_deck":["Defend_G","Defend_G","Defend_G","Defend_G","Defend_G","Strike_G","Strike_G","Strike_G","Survivor","Neutralize","Backflip+1","Backflip","Sucker Punch","Choke+1","Phantasmal Killer+1","Acrobatics+1","All Out Attack+1","Masterful Stab+1","Dagger Throw","Malaise","A Thousand Cuts+1","Prepared","Poisoned Stab","Slice+1","Deflect+1","Flechettes+1","Blur","Adrenaline+1","Expertise+1","Distraction","Doubt"],"relics":["Coffee Dripper","Dream Catcher","Snake Skull","Runic Pyramid","Pocketwatch","Juzu Bracelet","Oddly Smooth Stone","Busted Crown","Bird Faced Urn","Red Mask","Bronze Scales","Vajra","Ginger"],"potions_floor_usage":[16,16,20,20,33,44,46,46,50],"damage_taken":[{"damage":0,"enemies":"Cultist","floor":1,"turns":4},{"damage":0,"enemies":"Small Slimes","floor":3,"turns":4},{"damage":0,"enemies":"Jaw Worm","floor":5,"turns":3},{"damage":7,"enemies":"Gremlin Gang","floor":7,"turns":6},{"damage":0,"enemies":"3 Louse","floor":8,"turns":3},{"damage":0,"enemies":"Looter","floor":13,"turns":3},{"damage":21,"enemies":"The Guardian","floor":16,"turns":5},{"damage":14,"enemies":"Shell Parasite","floor":18,"turns":6},{"damage":10,"enemies":"3 Byrds","floor":19,"turns":5},{"damage":18,"enemies":"Shelled Parasite and Fungi","floor":20,"turns":6},{"damage":0,"enemies":"Snake Plant","floor":27,"turns":4},{"damage":0,"enemies":"3 Cultists","floor":28,"turns":4},{"damage":26,"enemies":"Collector","floor":33,"turns":10},{"damage":0,"enemies":"Orb Walker","floor":35,"turns":3},{"damage":34,"enemies":"Nemesis","floor":40,"turns":8},{"damage":0,"enemies":"3 Darklings","floor":44,"turns":2},{"damage":0,"enemies":"Transient","floor":45,"turns":5},{"damage":31,"enemies":"Writhing Mass","floor":46,"turns":5},{"damage":88,"enemies":"Time Eater","floor":50,"turns":11}],"seed_played":"-7124320814099830458","potions_obtained":[{"floor":5,"key":"FearPotion"},{"floor":7,"key":"Energy Potion"},{"floor":8,"key":"Ancient Potion"},{"floor":13,"key":"PowerPotion"},{"floor":19,"key":"GamblersBrew"},{"floor":33,"key":"EssenceOfSteel"},{"floor":35,"key":"SkillPotion"},{"floor":45,"key":"PowerPotion"},{"floor":46,"key":"Ancient Potion"}],"is_trial":false,"path_per_floor":["M","$","M","T","M","R","M","M","T","$","?","R","M","?","R","B",null,"M","M","M","?","?","R","$","R","T","M","M","T","R","$","R","B",null,"M","?","?","?","T","E","R","$","T","M","M","M","R","?","R","B"],"character_chosen":"THE_SILENT","items_purchased":["Backflip","Sucker Punch","Masterful Stab","Dexterity Potion","Blur"],"campfire_rested":0,"item_purchase_floors":[2,2,10,31,31],"current_hp_per_floor":[70,70,70,70,70,70,63,63,63,63,63,63,63,63,63,42,70,56,46,28,28,28,28,28,28,28,28,28,28,28,28,28,2,70,70,70,70,70,70,38,38,38,38,40,42,15,15,70,70,0],"gold":70,"neow_bonus":"BOSS_RELIC","is_prod":false,"is_daily":false,"chose_seed":false,"campfire_upgraded":10,"win_rate":0.0,"timestamp":1547194800,"path_taken":["M","$","M","?","M","R","M","?","T","?","?","R","M","?","R","BOSS","M","M","?","?","?","R","$","R","T","M","M","?","R","?","R","BOSS","M","?","?","?","?","E","R","$","T","M","M","M","R","?","R","BOSS"],"build_version":"2019-01-10","purchased_purges":1,"victory":false,"max_hp_per_floor":[70,70,70,70,70,70,70,70,70,70,70,70,70,70,70,70,70,70,70,70,70,70,70,70,70,70,70,70,70,70,70,70,70,70,70,70,70,70,70,70,70,70,70,70,70,70,70,70,70,70],"card_choices":[{"not_picked":["Dagger Throw","Sucker Punch"],"picked":"Backflip","floor":1},{"not_picked":["Catalyst","Slice"],"picked":"Choke","floor":3},{"not_picked":["Tactician","Infinite Blades"],"picked":"Phantasmal Killer","floor":5},{"not_picked":["Cloak And Dagger","Flying Knee"],"picked":"Acrobatics","floor":7},{"not_picked":["Deflect","Acrobatics"],"picked":"All Out Attack","floor":8},{"not_picked":["PiercingWail","Prepared"],"picked":"Dagger Throw","floor":13},{"not_picked":["Corpse Explosion","Malaise"],"picked":"A Thousand Cuts","floor":16},{"not_picked":["Dagger Spray","Caltrops"],"picked":"Prepared","floor":18},{"not_picked":["Catalyst","Prepared"],"picked":"Poisoned Stab","floor":19},{"not_picked":["Well Laid Plans+1","Accuracy+1"],"picked":"Slice","floor":20},{"not_picked":["Backflip","Crippling Poison"],"picked":"Deflect","floor":27},{"not_picked":["Flying Knee+1","Dagger Spray"],"picked":"Flechettes+1","floor":28},{"not_picked":["Burst","Glass Knife"],"picked":"Adrenaline","floor":33},{"not_picked":[],"picked":"PiercingWail+1","floor":35},{"not_picked":["Predator"],"picked":"SKIP","floor":40},{"not_picked":[],"picked":"Expertise+1","floor":44},{"not_picked":[],"picked":"Distraction","floor":45},{"not_picked":["Flying Knee"],"picked":"SKIP","floor":46}],"player_experience":34670,"relics_obtained":[{"floor":4,"key":"Dream Catcher"},{"floor":9,"key":"Snake Skull"},{"floor":26,"key":"Juzu Bracelet"},{"floor":29,"key":"Oddly Smooth Stone"},{"floor":39,"key":"Bronze Scales"},{"floor":40,"key":"Vajra"},{"floor":43,"key":"Ginger"}],"event_choices":[{"cards_removed":["Strike_G"],"damage_healed":0,"gold_gain":0,"player_choice":"Card Removal","damage_taken":0,"max_hp_gain":0,"max_hp_loss":0,"event_name":"The Cleric","floor":11,"gold_loss":50},{"damage_healed":0,"gold_gain":0,"cards_transformed":["Strike_G"],"player_choice":"Transformed","damage_taken":0,"max_hp_gain":0,"max_hp_loss":0,"event_name":"Transmorgrifier","floor":14,"gold_loss":0,"cards_obtained":["Malaise"]},{"damage_healed":0,"gold_gain":0,"player_choice":"Obtained Relic","damage_taken":0,"relics_obtained":["Pocketwatch"],"max_hp_gain":0,"max_hp_loss":0,"event_name":"Addict","floor":21,"gold_loss":85},{"damage_healed":0,"gold_gain":0,"player_choice":"Smashed Altar","damage_taken":0,"max_hp_gain":0,"max_hp_loss":0,"event_name":"Forgotten Altar","floor":22,"gold_loss":0,"cards_obtained":["Decay"]},{"cards_removed":["PiercingWail"],"damage_healed":0,"gold_gain":0,"player_choice":"Gave Card","damage_taken":0,"relics_obtained":["Bird Faced Urn"],"max_hp_gain":0,"max_hp_loss":0,"event_name":"WeMeetAgain","floor":36,"gold_loss":0},{"damage_healed":0,"gold_gain":0,"player_choice":"Paid","damage_taken":0,"relics_obtained":["Red Mask"],"max_hp_gain":0,"max_hp_loss":0,"event_name":"Tomb of Lord Red Mask","floor":37,"gold_loss":126},{"damage_healed":0,"gold_gain":0,"player_choice":"Ignored","damage_taken":0,"max_hp_gain":0,"max_hp_loss":0,"event_name":"Mysterious Sphere","floor":38,"gold_loss":0},{"damage_healed":55,"gold_gain":0,"player_choice":"Heal","damage_taken":0,"max_hp_gain":0,"max_hp_loss":0,"event_name":"MindBloom","floor":48,"gold_loss":0,"cards_obtained":["Doubt"]}],"is_beta":false,"boss_relics":[{"not_picked":["Calling Bell","Fusion Hammer"],"picked":"Runic Pyramid"},{"not_picked":["Orrery","Runic Dome"],"picked":"Busted Crown"}],"items_purged_floors":[24],"is_endless":false,"potions_floor_spawned":[5,7,8,13,19,33,35,45,46],"killed_by":"Time Eater","ascension_level":0}