{"gold_per_floor":[114,114,114,27,42,42,69,32,59,101,113,154,166,196,208,295,307,334,346,273,304,316,354,366,409,421,433,8,23,43,73,73,150,150,161,161,177,224,235,235,260,360,360,386,386,416,416,416,416,416],"floor_reached":50,"playtime":1919,"items_purged":[],"score":1650,"play_id":"7f48a5ea-8e23-4ed3-aaec-cb5c693bf49c","local_time":"20190605033253","is_ascension_mode":true,"campfire_choices":[{"data":"Streamline","floor":6,"key":"SMITH"},{"data":"Sunder","floor":11,"key":"SMITH"},{"data":"Loop","floor":13,"key":"SMITH"},{"data":"Loop","floor":15,"key":"SMITH"},{"floor":24,"key":"REST"},{"data":"Defragment","floor":27,"key":"SMITH"},{"floor":32,"key":"REST"},{"data":"Coolheaded","floor":40,"key":"SMITH"},{"floor":45,"key":"REST"},{"floor":49,"key":"RECALL"}],"neow_cost":"NONE","seed_source_timestamp":626165932510607,"circlet_count":0,"master_deck":["AscendersBane","Defend_B","Defend_B","Defend_B","Dualcast","Hologram","Buffer","Loop+1","Streamline+1","Coolheaded","Loop+1","Sunder+1","Biased Cognition","Echo Form","Coolheaded+1","Seek+1","Darkness+1","Cold Snap","Undo","Defragment+1","Electrodynamics","Coolheaded+1","Coolheaded","Echo Form","Hologram+1","Coolheaded","Skim","Hello World","Loop"],"relics":["Cracked Core","NeowsBlessing","Bronze Scales","MawBank","Lantern","Ancient Tea Set","Astrolabe","Vajra","Darkstone Periapt","Symbiotic Virus","Sundial","Nuclear Battery","Happy Flower","Bag of Marbles","Du-Vu Doll","Blue Candle","Anchor","Singing Bowl"],"potions_floor_usage":[],"damage_taken":[{"damage":0,"enemies":"Small Slimes","floor":1,"turns":1},{"damage":0,"enemies":"2 Louse","floor":5,"turns":1},{"damage":0,"enemies":"Lagavulin","floor":7,"turns":1},{"damage":20,"enemies":"Gremlin Nob","floor":10,"turns":4},{"damage":0,"enemies":"Lagavulin","floor":12,"turns":4},{"damage":0,"enemies":"Jaw Worm","floor":14,"turns":2},{"damage":0,"enemies":"Slime Boss","floor":16,"turns":6},{"damage":11,"enemies":"2 Thieves","floor":18,"turns":2},{"damage":0,"enemies":"Shell Parasite","floor":21,"turns":2},{"damage":10,"enemies":"Slavers","floor":23,"turns":5},{"damage":0,"enemies":"Book of Stabbing","floor":25,"turns":3},{"damage":0,"enemies":"3 Cultists","floor":29,"turns":3},{"damage":22,"enemies":"Shelled Parasite and Fungi","floor":30,"turns":2},{"damage":1,"enemies":"Slavers","floor":31,"turns":4},{"damage":9,"enemies":"Champ","floor":33,"turns":9},{"damage":0,"enemies":"Orb Walker","floor":35,"turns":2},{"damage":4,"enemies":"3 Shapes","floor":37,"turns":2},{"damage":0,"enemies":"Writhing Mass","floor":39,"turns":4},{"damage":25,"enemies":"Nemesis","floor":41,"turns":5},{"damage":0,"enemies":"Mind Bloom Boss Battle","floor":42,"turns":4},{"damage":0,"enemies":"Reptomancer","floor":44,"turns":4},{"damage":0,"enemies":"Nemesis","floor":46,"turns":5},{"damage":51,"enemies":"Awakened One","floor":50,"turns":5}],"seed_played":"-5064461555835042718","potions_obtained":[{"floor":5,"key":"Energy Potion"},{"floor":12,"key":"FearPotion"},{"floor":21,"key":"FocusPotion"},{"floor":30,"key":"FocusPotion"}],"is_trial":false,"path_per_floor":["M","?","?","$","M","R","E","$","T","E","R","E","R","M","R","B",null,"M","?","?","M","?","E","R","E","T","R","$","M","M","E","R","B",null,"M","?","M","T","M","R","E","?","T","E","R","E","?","$","R","B"],"character_chosen":"DEFECT","items_purchased":["Loop","Loop","Sundial","Electrodynamics"],"campfire_rested":3,"item_purchase_floors":[4,8,28,28],"current_hp_per_floor":[64,57,57,57,57,57,57,57,57,37,37,37,37,37,37,37,63,52,52,52,52,32,22,44,44,44,44,44,44,22,21,43,34,66,66,66,62,62,62,62,37,37,37,37,59,59,59,59,59,8],"gold":416,"neow_bonus":"THREE_ENEMY_KILL","is_prod":false,"is_daily":false,"chose_seed":false,"campfire_upgraded":6,"win_rate":0,"timestamp":1559673173,"path_taken":["M","?","?","?","M","R","E","$","T","E","R","E","R","M","R","BOSS","M","?","?","M","?","E","R","E","T","R","$","M","M","E","R","BOSS","M","?","M","?","?","R","E","?","T","E","R","E","?","$","R","BOSS"],"build_version":"2019-01-23","purchased_purges":0,"victory":false,"max_hp_per_floor":[71,71,71,71,71,71,71,71,71,71,71,71,71,71,71,71,71,71,71,71,71,76,76,76,76,76,76,76,76,76,76,76,76,76,76,76,76,76,76,76,76,76,76,76,76,76,76,76,76,76],"card_choices":[{"not_picked":["Conserve Battery","Undo"],"picked":"Hologram","floor":1},{"not_picked":["Consume","Leap"],"picked":"Streamline","floor":5},{"not_picked":["Amplify","Steam"],"picked":"Coolheaded","floor":7},{"not_picked":["Steam","Beam Cell"],"picked":"Sunder","floor":10},{"not_picked":["Ball Lightning","Gash"],"picked":"Biased Cognition","floor":12},{"not_picked":["Genetic Algorithm","Stack","Barrage"],"picked":"SKIP","floor":14},{"not_picked":["Thunder Strike","All For One"],"picked":"Echo Form","floor":16},{"not_picked":["Leap","Sweeping Beam+1"],"picked":"Cold Snap","floor":18},{"not_picked":["Meteor Strike","Undo"],"picked":"Cold Snap","floor":21},{"not_picked":["Barrage","Cold Snap"],"picked":"Undo","floor":23},{"not_picked":["Gash","Heatsinks"],"picked":"Defragment","floor":25},{"not_picked":["Lockon","Sunder+1","Steam"],"picked":"SKIP","floor":29},{"not_picked":["Loop","Storm"],"picked":"Coolheaded","floor":30},{"not_picked":["Heatsinks+1","Ball Lightning+1"],"picked":"Coolheaded","floor":31},{"not_picked":["Meteor Strike","Rainbow"],"picked":"Echo Form","floor":33},{"not_picked":["Beam Cell","Barrage"],"picked":"Hologram+1","floor":35},{"not_picked":["Doom and Gloom","Turbo"],"picked":"Coolheaded","floor":37},{"not_picked":["Undo","Storm","Sunder+1"],"picked":"SKIP","floor":39},{"not_picked":["Steam","Reprogram"],"picked":"Skim","floor":41},{"not_picked":["Scrape","Conserve Battery"],"picked":"Hello World","floor":42},{"not_picked":["Scrape+1","Streamline+1","Sunder"],"picked":"SKIP","floor":44},{"not_picked":["Hello World+1","Gash"],"picked":"Loop","floor":46}],"player_experience":612440,"relics_obtained":[{"floor":7,"key":"Bronze Scales"},{"floor":9,"key":"MawBank"},{"floor":10,"key":"Lantern"},{"floor":12,"key":"Ancient Tea Set"},{"floor":23,"key":"Darkstone Periapt"},{"floor":25,"key":"Symbiotic Virus"},{"floor":38,"key":"Happy Flower"},{"floor":41,"key":"Bag of Marbles"},{"floor":42,"key":"Du-Vu Doll"},{"floor":43,"key":"Blue Candle"},{"floor":44,"key":"Anchor"},{"floor":46,"key":"Singing Bowl"}],"event_choices":[{"cards_removed":["Strike_B"],"damage_healed":0,"gold_gain":0,"player_choice":"Card Removal","damage_taken":7,"max_hp_gain":0,"max_hp_loss":0,"event_name":"Golden Wing","floor":2,"gold_loss":0},{"damage_healed":0,"gold_gain":0,"cards_transformed":["Strike_B"],"player_choice":"Change","damage_taken":0,"max_hp_gain":0,"max_hp_loss":0,"event_name":"Living Wall","floor":3,"gold_loss":0,"cards_obtained":["Buffer"]},{"cards_removed":["Zap"],"damage_healed":0,"gold_gain":0,"player_choice":"Elegance","damage_taken":0,"max_hp_gain":0,"max_hp_loss":0,"event_name":"Back to Basics","floor":19,"gold_loss":0},{"damage_healed":0,"gold_gain":0,"player_choice":"Obtained Relic","damage_taken":0,"relics_obtained":["Vajra"],"max_hp_gain":0,"max_hp_loss":0,"event_name":"Addict","floor":20,"gold_loss":85},{"damage_healed":0,"gold_gain":0,"player_choice":"Shed Blood","damage_taken":25,"max_hp_gain":5,"max_hp_loss":0,"event_name":"Forgotten Altar","floor":22,"gold_loss":0},{"damage_healed":0,"gold_gain":0,"player_choice":"Ignored","damage_taken":0,"max_hp_gain":0,"max_hp_loss":0,"event_name":"Tomb of Lord Red Mask","floor":36,"gold_loss":0},{"damage_healed":0,"gold_gain":0,"player_choice":"Fight","damage_taken":0,"max_hp_gain":0,"max_hp_loss":0,"event_name":"MindBloom","floor":42,"gold_loss":0},{"cards_removed":["Cold Snap"],"damage_healed":0,"gold_gain":0,"player_choice":"Removed Attack","damage_taken":0,"max_hp_gain":0,"max_hp_loss":0,"event_name":"Falling","floor":47,"gold_loss":0}],"is_beta":false,"boss_relics":[{"not_picked":["Eternal Feather","Philosopher\u0027s Stone"],"picked":"Astrolabe"},{"not_picked":["Cursed Key","Calling Bell"],"picked":"Nuclear Battery"}],"items_purged_floors":[],"is_endless":false,"potions_floor_spawned":[5,12,16,21,23,30,39,44],"killed_by":"Awakened One","ascension_level":20}