{"gold_per_floor":[210,160,170,150,166,166,17,46,46,64,99,115,115,125,125,222,222,238,238,238,255,270,302,302,316,316,326,71,84,84,84,84,84],"floor_reached":33,"playtime":2012,"items_purged":[],"score":279,"play_id":"c3aa9dca-6aa2-403f-ad53-5a325b35ceea","local_time":"20190523224157","is_ascension_mode":false,"campfire_choices":[{"data":"Conserve Battery","floor":6.0,"key":"SMITH"},{"floor":13.0,"key":"REST"},{"data":"Dualcast","floor":15.0,"key":"SMITH"},{"data":"Electrodynamics","floor":24.0,"key":"SMITH"},{"floor":30.0,"key":"REST"},{"floor":32.0,"key":"REST"}],"neow_cost":"NONE","seed_source_timestamp":191803181815400,"circlet_count":0,"master_deck":["Strike_B","Strike_B+1","Strike_B","Defend_B","Defend_B","Defend_B","Defend_B","Zap","Dualcast+1","Conserve Battery+1","Coolheaded","Ball Lightning","Doom and Gloom","Rebound","Cold Snap+1","Electrodynamics+1","Conserve Battery","Melter","Conserve Battery+1","Sweeping Beam","Storm+1","Barrage+1","Fusion+1","Sweeping Beam+1","Go for the Eyes"],"special_seed":0,"relics":["Cracked Core","PreservedInsect","Sundial","Question Card","Bronze Scales","Inserter","Whetstone","Shuriken","Pear"],"potions_floor_usage":[],"damage_taken":[{"damage":1.0,"enemies":"Jaw Worm","floor":1.0,"turns":4.0},{"damage":5.0,"enemies":"Small Slimes","floor":3.0,"turns":4.0},{"damage":0.0,"enemies":"Cultist","floor":5.0,"turns":5.0},{"damage":12.0,"enemies":"Lagavulin","floor":8.0,"turns":8.0},{"damage":1.0,"enemies":"Red Slaver","floor":10.0,"turns":4.0},{"damage":13.0,"enemies":"Gremlin Nob","floor":11.0,"turns":4.0},{"damage":7.0,"enemies":"3 Louse","floor":12.0,"turns":2.0},{"damage":0.0,"enemies":"Large Slime","floor":14.0,"turns":5.0},{"damage":17.0,"enemies":"Hexaghost","floor":16.0,"turns":10.0},{"damage":1.0,"enemies":"Chosen","floor":18.0,"turns":6.0},{"damage":11.0,"enemies":"3 Byrds","floor":21.0,"turns":3.0},{"damage":12.0,"enemies":"Shelled Parasite and Fungi","floor":22.0,"turns":6.0},{"damage":20.0,"enemies":"Gremlin Leader","floor":23.0,"turns":6.0},{"damage":10.0,"enemies":"Chosen and Byrds","floor":25.0,"turns":4.0},{"damage":12.0,"enemies":"3 Cultists","floor":27.0,"turns":4.0},{"damage":10.0,"enemies":"Centurion and Healer","floor":29.0,"turns":5.0},{"damage":66,"enemies":"Champ","floor":33,"turns":10}],"seed_played":"8850547601181197994","potions_obtained":[{"floor":5.0,"key":"FearPotion"},{"floor":11.0,"key":"SpeedPotion"},{"floor":14.0,"key":"AttackPotion"},{"floor":16.0,"key":"Energy Potion"},{"floor":21.0,"key":"PowerPotion"},{"floor":22.0,"key":"SpeedPotion"},{"floor":23.0,"key":"Regen Potion"}],"is_trial":false,"path_per_floor":["M","?","M","?","M","R","$","E","T","M","E","M","R","M","R","B",null,"M","?","?","M","M","E","R","M","T","M","$","M","R","?","R","B"],"character_chosen":"DEFECT","items_purchased":["PreservedInsect","Pear"],"campfire_rested":3,"item_purchase_floors":[7,28],"current_hp_per_floor":[74,74,69,69,69,69,69,57,57,56,43,36,58,58,58,41,75,74,74,74,63,51,31,31,21,21,14,24,14,39,39,64,0],"gold":84,"neow_bonus":"HUNDRED_GOLD","is_prod":false,"is_daily":false,"chose_seed":false,"campfire_upgraded":3,"win_rate":0.0,"timestamp":1558676517,"path_taken":["M","?","M","?","?","R","?","E","T","M","E","M","R","M","R","BOSS","M","?","?","M","?","E","R","M","T","M","?","M","R","?","R","BOSS"],"build_version":"2019-01-23","purchased_purges":0,"victory":false,"max_hp_per_floor":[75,75,75,75,75,75,75,75,75,75,75,75,75,75,75,75,75,75,75,75,75,75,75,75,75,75,75,85,85,85,85,85,85],"card_choices":[{"not_picked":["Beam Cell","Compile Driver"],"picked":"Conserve Battery","floor":1.0},{"not_picked":["Reprogram","Storm","Chaos"],"picked":"SKIP","floor":3.0},{"not_picked":["Skim","Redo"],"picked":"Coolheaded","floor":5.0},{"not_picked":["Gash","Beam Cell"],"picked":"Ball Lightning","floor":8.0},{"not_picked":["Streamline","Steam","Gash","Go for the Eyes"],"picked":"SKIP","floor":10.0},{"not_picked":["Compile Driver","Streamline","Storm"],"picked":"Doom and Gloom","floor":11.0},{"not_picked":["Fission","Steam Power","Gash"],"picked":"Rebound","floor":12.0},{"not_picked":["Force Field","Coolheaded","Melter"],"picked":"Cold Snap","floor":14.0},{"not_picked":["Machine Learning","Multi-Cast","Creative AI"],"picked":"Electrodynamics","floor":16.0},{"not_picked":["Rebound","Steam","Redo"],"picked":"Conserve Battery","floor":18.0},{"not_picked":["FTL","Stack","Beam Cell"],"picked":"Sweeping Beam","floor":21.0},{"not_picked":["Glacier","BootSequence+1","Fission"],"picked":"Storm+1","floor":22.0},{"not_picked":["Force Field","Rebound","Aggregate"],"picked":"Barrage+1","floor":23.0},{"not_picked":["Streamline","Conserve Battery","Redo"],"picked":"Fusion+1","floor":25.0},{"not_picked":["Gash","Barrage+1","Leap"],"picked":"Sweeping Beam+1","floor":27.0},{"not_picked":["Beam Cell","Ball Lightning","Electrodynamics"],"picked":"Go for the Eyes","floor":29.0}],"player_experience":42257,"relics_obtained":[{"floor":8.0,"key":"Sundial"},{"floor":9.0,"key":"Question Card"},{"floor":11.0,"key":"Bronze Scales"},{"floor":23.0,"key":"Whetstone"},{"floor":26.0,"key":"Shuriken"}],"event_choices":[{"cards_removed":["Strike_B"],"damage_healed":0.0,"max_hp_gain":0.0,"max_hp_loss":0.0,"gold_gain":0.0,"event_name":"The Cleric","player_choice":"Card Removal","floor":2.0,"gold_loss":50.0,"damage_taken":0.0},{"damage_healed":0.0,"max_hp_gain":0.0,"max_hp_loss":0.0,"gold_gain":0.0,"event_name":"The Woman in Blue","player_choice":"Bought 1 Potion","floor":4.0,"gold_loss":0.0,"damage_taken":0.0},{"damage_healed":0.0,"max_hp_gain":0.0,"max_hp_loss":0.0,"gold_gain":0.0,"event_name":"The Library","player_choice":"Read","floor":19.0,"gold_loss":0.0,"damage_taken":0.0,"cards_obtained":["Melter"]},{"damage_healed":0.0,"max_hp_gain":0.0,"max_hp_loss":0.0,"gold_gain":0.0,"event_name":"Duplicator","player_choice":"Copied","floor":20.0,"gold_loss":0.0,"damage_taken":0.0,"cards_obtained":["Conserve Battery"]}],"is_beta":false,"boss_relics":[{"not_picked":["Cursed Key","FrozenCore"],"picked":"Inserter"}],"items_purged_floors":[],"is_endless":false,"potions_floor_spawned":[5,11,14,16,21,22,23],"killed_by":"Champ","ascension_level":0}