{"gold_per_floor":[117,117,117,117,135,168,168,168],"floor_reached":8,"playtime":611,"items_purged":[],"score":54,"play_id":"6db550c7-c27a-4f18-9ad9-8453ab1aa830","local_time":"20190406122906","is_ascension_mode":false,"campfire_choices":[],"neow_cost":"NONE","seed_source_timestamp":70869010854681,"circlet_count":0,"master_deck":["Strike_R","Strike_R","Strike_R","Defend_R","Defend_R","Defend_R","Defend_R","Bash","Twin Strike","Armaments","Ghostly Armor","Shockwave","Iron Wave","Iron Wave"],"relics":["Burning Blood","Golden Idol","Oddly Smooth Stone"],"potions_floor_usage":[],"damage_taken":[{"damage":5,"enemies":"Cultist","floor":1,"turns":4},{"damage":0,"enemies":"2 Louse","floor":5,"turns":4},{"damage":44,"enemies":"Lagavulin","floor":6,"turns":8},{"damage":35,"enemies":"Gremlin Nob","floor":8,"turns":4}],"seed_played":"-743214499230552015","potions_obtained":[{"floor":6,"key":"SkillPotion"}],"is_trial":false,"path_per_floor":["M","?","?","T","M","E","?","E"],"character_chosen":"IRONCLAD","items_purchased":[],"campfire_rested":0,"item_purchase_floors":[],"current_hp_per_floor":[80,80,60,60,66,28,28,0],"gold":168,"neow_bonus":"THREE_CARDS","is_prod":false,"is_daily":false,"chose_seed":false,"campfire_upgraded":0,"win_rate":0,"timestamp":1554528546,"path_taken":["M","?","?","?","?","E","?","E"],"build_version":"2019-01-23","purchased_purges":0,"victory":false,"max_hp_per_floor":[80,80,80,80,80,80,80,80],"card_choices":[{"not_picked":["Evolve","Intimidate"],"picked":"Twin Strike","floor":0},{"not_picked":["Clash","Warcry"],"picked":"Armaments","floor":1},{"not_picked":["Intimidate","Entrench"],"picked":"Shockwave","floor":5},{"not_picked":["Entrench","Ghostly Armor"],"picked":"Iron Wave","floor":6}],"player_experience":423553,"relics_obtained":[{"floor":6,"key":"Oddly Smooth Stone"}],"event_choices":[{"damage_healed":0,"gold_gain":0,"cards_transformed":["Strike_R"],"player_choice":"Change","damage_taken":0,"max_hp_gain":0,"max_hp_loss":0,"event_name":"Living Wall","floor":2,"gold_loss":0,"cards_obtained":["Ghostly Armor"]},{"damage_healed":0,"gold_gain":0,"player_choice":"Take Damage","damage_taken":20,"relics_obtained":["Golden Idol"],"max_hp_gain":0,"max_hp_loss":0,"event_name":"Golden Idol","floor":3,"gold_loss":0},{"cards_removed":["Strike_R"],"damage_healed":0,"gold_gain":0,"player_choice":"Took Card","damage_taken":0,"max_hp_gain":0,"max_hp_loss":0,"event_name":"NoteForYourself","floor":7,"gold_loss":0,"cards_obtained":["Iron Wave"]}],"is_beta":false,"boss_relics":[],"items_purged_floors":[],"is_endless":false,"potions_floor_spawned":[6],"killed_by":"Gremlin Nob","ascension_level":0}