{"gold_per_floor":[115,22,40,40,52,52,83,95,95,95],"floor_reached":10,"playtime":266,"items_purged":[],"score":68,"play_id":"8ad85593-b8c9-4ef5-8e2e-ee4c4c86189f","local_time":"20180704203114","is_ascension_mode":false,"campfire_choices":[],"neow_cost":"NONE","seed_source_timestamp":207459721797140,"circlet_count":0,"master_deck":["Strike_B","Strike_B","Strike_B","Defend_B","Defend_B","Defend_B","Defend_B","Zap","Dualcast","Genetic Algorithm","Hello World","Conserve Battery","Conserve Battery","Sunder","Hello World","Auto Shields"],"relics":["Cracked Core","Blood Vial","Strawberry"],"potions_floor_usage":[7,7,10,10],"damage_taken":[{"damage":1,"enemies":"Cultist","floor":1,"turns":3},{"damage":7,"enemies":"Small Slimes","floor":3,"turns":2},{"damage":2,"enemies":"2 Louse","floor":5,"turns":3},{"damage":6,"enemies":"Lagavulin","floor":7,"turns":5},{"damage":23,"enemies":"Gremlin Gang","floor":8,"turns":4},{"damage":68,"enemies":"Gremlin Nob","floor":10,"turns":4}],"seed_played":"-8676211396062997735","potions_obtained":[{"floor":3,"key":"EntropicBrew"},{"floor":8,"key":"Strength Potion"}],"is_trial":false,"path_per_floor":["M","$","M","?","M","?","E","M","T"],"character_chosen":"DEFECT","items_purchased":["Hello World","Conserve Battery"],"campfire_rested":0,"item_purchase_floors":[2,2],"current_hp_per_floor":[74,74,67,67,65,70,64,43,50,0],"gold":95,"neow_bonus":"TRANSFORM_CARD","is_prod":false,"is_daily":false,"chose_seed":false,"campfire_upgraded":0,"win_rate":0,"timestamp":1530729074,"path_taken":["M","$","M","?","?","?","E","M","T","E"],"build_version":"2018-06-28","purchased_purges":0,"victory":false,"max_hp_per_floor":[75,75,75,75,75,75,75,75,82,82],"card_choices":[{"not_picked":["Redo","Beam Cell"],"picked":"Genetic Algorithm","floor":1},{"not_picked":["Reinforced Body","Sweeping Beam"],"picked":"Conserve Battery","floor":3},{"not_picked":["Steam Power","Blizzard"],"picked":"Sunder","floor":5},{"not_picked":["Beam Cell","Rebound"],"picked":"Hello World","floor":7},{"not_picked":["Rebound","Capacitor"],"picked":"Auto Shields","floor":8}],"player_experience":74415,"relics_obtained":[{"floor":7,"key":"Blood Vial"},{"floor":9,"key":"Strawberry"}],"event_choices":[{"event_name":"The Cleric","player_choice":"Leave","floor":4,"damage_taken":0},{"event_name":"Bonfire Elementals","player_choice":"COMMON","floor":6,"damage_taken":0}],"boss_relics":[],"items_purged_floors":[],"is_endless":false,"potions_floor_spawned":[3,8],"killed_by":"Gremlin Nob","ascension_level":0}