{"gold_per_floor":[111,61,61,61,61,61,84,9,9,22,46,65,65,65,65,184,184,207,73,73,73,94,107,125,143,143,158,158,158,158,158],"floor_reached":31,"playtime":2335,"items_purged":["Strike_B","Injury"],"score":284,"play_id":"a91d520e-6c89-43d7-af80-5a03c2eb5eb3","local_time":"20190504111509","is_ascension_mode":true,"campfire_choices":[{"data":"Machine Learning","floor":6,"key":"SMITH"},{"data":"Zap","floor":13,"key":"SMITH"},{"data":"Defragment","floor":15,"key":"SMITH"}],"neow_cost":"NONE","seed_source_timestamp":230436130074491,"circlet_count":0,"master_deck":["Zap+1","Dualcast","Machine Learning+1","Go for the Eyes","White Noise","Leap","Defragment+1","Leap","Reboot","Static Discharge","Hello World","Auto Shields","Fusion","Skim","Auto Shields","BootSequence+1","Self Repair","Coolheaded","Steam+1","Coolheaded+1","Self Repair"],"relics":["Cracked Core","Vajra","Golden Idol","Bottled Tornado","Pandora\u0027s Box","Nloth\u0027s Gift","Bronze Scales","Singing Bowl"],"potions_floor_usage":[16,24,25,31],"damage_taken":[{"damage":1,"enemies":"2 Louse","floor":1,"turns":2},{"damage":2,"enemies":"Jaw Worm","floor":7,"turns":3},{"damage":1,"enemies":"Small Slimes","floor":10,"turns":4},{"damage":2,"enemies":"Looter","floor":11,"turns":3},{"damage":0,"enemies":"Large Slime","floor":12,"turns":5},{"damage":7,"enemies":"Hexaghost","floor":16,"turns":11},{"damage":4,"enemies":"Spheric Guardian","floor":18,"turns":4},{"damage":14,"enemies":"3 Byrds","floor":22,"turns":4},{"damage":15,"enemies":"Snake Plant","floor":23,"turns":4},{"damage":50,"enemies":"Shelled Parasite and Fungi","floor":24,"turns":14},{"damage":10,"enemies":"Centurion and Healer","floor":25,"turns":11},{"damage":5,"enemies":"Snecko","floor":27,"turns":10},{"damage":28,"enemies":"Cultist and Chosen","floor":31,"turns":5}],"seed_played":"6654799668746114001","potions_obtained":[{"floor":7,"key":"Fire Potion"},{"floor":10,"key":"SneckoOil"},{"floor":12,"key":"Dexterity Potion"},{"floor":22,"key":"FairyPotion"},{"floor":24,"key":"Block Potion"},{"floor":25,"key":"Fire Potion"}],"is_trial":false,"path_per_floor":["M","?","?","?","?","R","M","$","T","M","M","M","R","T","R","B",null,"M","$","?","?","M","M","M","M","T","M","?","T","?","M"],"character_chosen":"DEFECT","items_purchased":["Self Repair"],"campfire_rested":0,"item_purchase_floors":[19],"current_hp_per_floor":[74,74,62,62,67,67,65,65,65,64,62,62,62,62,62,55,74,70,70,70,70,63,48,15,19,19,28,28,28,28,0],"gold":158,"neow_bonus":"ONE_RANDOM_RARE_CARD","is_prod":false,"is_daily":false,"chose_seed":false,"campfire_upgraded":3,"win_rate":0,"timestamp":1556993709,"path_taken":["M","?","?","?","?","R","M","?","T","M","M","M","R","?","R","BOSS","M","$","?","?","M","M","M","M","T","?","?","?","?","?"],"build_version":"2019-01-23","purchased_purges":2,"victory":false,"max_hp_per_floor":[75,75,75,75,80,80,80,80,80,80,80,80,80,80,80,80,80,80,80,80,80,80,80,80,80,80,80,80,80,80,80],"card_choices":[{"not_picked":["Turbo","Chill"],"picked":"Go for the Eyes","floor":1},{"not_picked":["Aggregate","Barrage"],"picked":"White Noise","floor":7},{"not_picked":["Aggregate","Stack"],"picked":"Leap","floor":10},{"not_picked":["Compile Driver","Rebound"],"picked":"Defragment","floor":11},{"not_picked":["Sweeping Beam","Barrage"],"picked":"Leap","floor":12},{"not_picked":["All For One","Fission"],"picked":"Reboot","floor":16},{"not_picked":["Turbo","Ball Lightning+1"],"picked":"BootSequence+1","floor":18},{"not_picked":["Compile Driver+1","Coolheaded"],"picked":"Steam+1","floor":22},{"not_picked":["Creative AI","Rebound"],"picked":"Coolheaded+1","floor":23},{"not_picked":["Rebound","Reprogram+1","Redo"],"picked":"SKIP","floor":24},{"not_picked":["Go for the Eyes","Hologram"],"picked":"Self Repair","floor":25},{"not_picked":["Sweeping Beam","Hello World+1","Barrage"],"picked":"SKIP","floor":27}],"player_experience":256954,"relics_obtained":[{"floor":9,"key":"Darkstone Periapt"},{"floor":14,"key":"Bottled Tornado"},{"floor":26,"key":"Bronze Scales"},{"floor":29,"key":"Singing Bowl"}],"event_choices":[{"cards_removed":["Strike_B"],"damage_healed":0,"gold_gain":0,"player_choice":"Card Removal","damage_taken":0,"max_hp_gain":0,"max_hp_loss":0,"event_name":"The Cleric","floor":2,"gold_loss":50},{"damage_healed":0,"gold_gain":0,"player_choice":"Success","damage_taken":12,"relics_obtained":["Vajra"],"max_hp_gain":0,"max_hp_loss":0,"event_name":"Scrap Ooze","floor":3,"gold_loss":0},{"damage_healed":0,"gold_gain":0,"player_choice":"Take Wound","damage_taken":0,"relics_obtained":["Golden Idol"],"max_hp_gain":0,"max_hp_loss":0,"event_name":"Golden Idol","floor":4,"gold_loss":0,"cards_obtained":["Injury"]},{"damage_healed":0,"gold_gain":0,"player_choice":"Donut","damage_taken":0,"max_hp_gain":5,"max_hp_loss":0,"event_name":"Big Fish","floor":5,"gold_loss":0},{"damage_healed":0,"gold_gain":0,"player_choice":"Read","damage_taken":0,"max_hp_gain":0,"max_hp_loss":0,"event_name":"The Library","floor":20,"gold_loss":0,"cards_obtained":["Coolheaded"]},{"damage_healed":0,"gold_gain":0,"player_choice":"Traded Relic","damage_taken":0,"relics_obtained":["Nloth\u0027s Gift"],"max_hp_gain":0,"max_hp_loss":0,"event_name":"N\u0027loth","floor":21,"relics_lost":["Darkstone Periapt"],"gold_loss":0},{"damage_healed":0,"gold_gain":0,"player_choice":"Ignored","damage_taken":0,"max_hp_gain":0,"max_hp_loss":0,"event_name":"Ghosts","floor":28,"gold_loss":0},{"damage_healed":0,"gold_gain":0,"player_choice":"Ignored","damage_taken":0,"max_hp_gain":0,"max_hp_loss":0,"event_name":"Cursed Tome","floor":30,"gold_loss":0}],"is_beta":false,"boss_relics":[{"not_picked":["Lizard Tail","Tiny House"],"picked":"Pandora\u0027s Box"}],"items_purged_floors":[8,19],"is_endless":false,"potions_floor_spawned":[7,10,12,22,24,25],"killed_by":"Cultist and Chosen","ascension_level":5}