{"gold_per_floor":[110,20,20,39,39,39,73,73,99,99,113,141,153,183,183,258,258,275,295,295,295,36,64,64,64,64,64,81,81,100,127,127,206,206,221,42,42,53,0,0,11,11,11,11,11,11,63,0,0,0],"floor_reached":51,"playtime":1685,"items_purged":["Strike_R"],"score":1270,"play_id":"8f9a152c-f261-4eb7-912b-3157d3613c45","local_time":"20190326101841","is_ascension_mode":true,"campfire_choices":[{"data":"Bash","floor":6.0,"key":"SMITH"},{"data":"True Grit","floor":8.0,"key":"SMITH"},{"data":"Hemokinesis","floor":10.0,"key":"SMITH"},{"data":"Shockwave","floor":15.0,"key":"SMITH"},{"data":"Demon Form","floor":25.0,"key":"SMITH"},{"data":"Secret Weapon","floor":27.0,"key":"SMITH"},{"data":"True Grit","floor":29.0,"key":"SMITH"},{"data":"Havoc","floor":32.0,"key":"SMITH"},{"data":"Havoc","floor":40,"key":"SMITH"},{"data":"Warcry","floor":46,"key":"SMITH"},{"data":"Heavy Blade","floor":49,"key":"SMITH"}],"neow_cost":"NONE","seed_source_timestamp":0,"circlet_count":0,"master_deck":["AscendersBane","Defend_R","Defend_R","Defend_R","Defend_R+1","Bash+1","Armaments+1","Hemokinesis+1","True Grit+1","Heavy Blade+1","Iron Wave","Shockwave+1","Headbutt","Shrug It Off","Demon Form+1","Pommel Strike","Shrug It Off+1","Twin Strike","Metallicize","Secret Weapon+1","Immolate","True Grit+1","Shrug It Off","Havoc+1","Master of Strategy","Warcry+1","Havoc+1","Warcry+1"],"special_seed":0,"relics":["Burning Blood","NeowsBlessing","Juzu Bracelet","War Paint","Pear","Meat on the Bone","Coffee Dripper","Art of War","Enchiridion","Gremlin Horn","Red Skull","Sozu","Toxic Egg 2","Blood Vial","Red Mask"],"potions_floor_usage":[],"damage_taken":[{"damage":0.0,"enemies":"Small Slimes","floor":1.0,"turns":1.0},{"damage":0.0,"enemies":"Jaw Worm","floor":4.0,"turns":1.0},{"damage":0.0,"enemies":"Lagavulin","floor":7.0,"turns":1.0},{"damage":2.0,"enemies":"2 Louse","floor":11.0,"turns":2.0},{"damage":22.0,"enemies":"3 Sentries","floor":12.0,"turns":10.0},{"damage":3.0,"enemies":"Looter","floor":13.0,"turns":4.0},{"damage":11.0,"enemies":"Lagavulin","floor":14.0,"turns":7.0},{"damage":20.0,"enemies":"The Guardian","floor":16.0,"turns":8.0},{"damage":19.0,"enemies":"Spheric Guardian","floor":18.0,"turns":4.0},{"damage":2.0,"enemies":"3 Byrds","floor":19.0,"turns":6.0},{"damage":14.0,"enemies":"Book of Stabbing","floor":23.0,"turns":6.0},{"damage":9.0,"enemies":"Snecko","floor":28.0,"turns":5.0},{"damage":3.0,"enemies":"3 Cultists","floor":30.0,"turns":6.0},{"damage":13.0,"enemies":"Slavers","floor":31.0,"turns":5.0},{"damage":43,"enemies":"Collector","floor":33,"turns":9},{"damage":2,"enemies":"3 Darklings","floor":35,"turns":4},{"damage":3,"enemies":"Orb Walker","floor":38,"turns":3},{"damage":25,"enemies":"Transient","floor":41,"turns":5},{"damage":49,"enemies":"Time Eater","floor":50,"turns":7}],"seed_played":"-8212851264752428633","potions_obtained":[{"floor":1.0,"key":"PowerPotion"},{"floor":7.0,"key":"Poison Potion"},{"floor":12.0,"key":"Strength Potion"},{"floor":14.0,"key":"EntropicBrew"},{"floor":16.0,"key":"PowerPotion"},{"floor":28.0,"key":"SpeedPotion"}],"is_trial":false,"path_per_floor":["M","$","?","M","?","R","E","R","T","R","M","E","M","E","R","B",null,"M","M","?","?","$","E","?","R","T","R","M","R","M","E","R","B",null,"M","$","?","M","$","R","M","?","T","?","?","R","T","?","R","B",null],"character_chosen":"IRONCLAD","items_purchased":["Hemokinesis","True Grit","Secret Weapon","Master of Strategy","Havoc"],"campfire_rested":0,"item_purchase_floors":[2,2,22,36,39],"current_hp_per_floor":[74,74,74,75,68,68,74,74,74,74,75,69,72,67,67,68,81,68,72,47,47,47,51,30,30,30,30,39,39,54,59,59,34,76,80,80,80,83,83,83,64,64,64,64,64,64,64,64,64,35],"gold":0,"neow_bonus":"THREE_ENEMY_KILL","is_prod":false,"is_daily":false,"chose_seed":false,"campfire_upgraded":11,"win_rate":0,"timestamp":1553570321,"path_taken":["M","$","?","M","?","R","E","R","T","R","M","E","M","E","R","BOSS","M","M","?","?","$","E","?","R","T","R","M","R","M","E","R","BOSS","M","$","?","M","$","R","M","?","T","?","?","R","?","?","R","BOSS"],"build_version":"2019-01-23","purchased_purges":1,"victory":true,"max_hp_per_floor":[75,75,75,75,75,75,75,75,75,75,75,85,85,85,85,85,85,85,85,90,90,90,90,90,90,90,90,90,90,90,90,90,90,90,90,90,90,90,90,90,90,90,90,90,85,85,85,85,85,85],"card_choices":[{"not_picked":["Dual Wield","Bloodletting"],"picked":"Armaments","floor":1.0},{"not_picked":["Entrench","Sword Boomerang"],"picked":"Heavy Blade","floor":4.0},{"not_picked":["Hemokinesis","Cleave"],"picked":"Iron Wave","floor":7.0},{"not_picked":["Ghostly Armor","Bloodletting"],"picked":"Shockwave","floor":11.0},{"not_picked":["Flame Barrier","Anger"],"picked":"Spot Weakness","floor":12.0},{"not_picked":["Clash","Bludgeon"],"picked":"Headbutt","floor":13.0},{"not_picked":["Warcry","Armaments"],"picked":"Shrug It Off","floor":14.0},{"not_picked":["Barricade","Dark Embrace"],"picked":"Demon Form","floor":16.0},{"not_picked":["Perfected Strike","Twin Strike"],"picked":"Pommel Strike","floor":18.0},{"not_picked":["Twin Strike","Warcry"],"picked":"Shrug It Off+1","floor":19.0},{"not_picked":["Iron Wave","Feel No Pain"],"picked":"Immolate","floor":23.0},{"not_picked":["Fire Breathing","Infernal Blade"],"picked":"True Grit","floor":28.0},{"not_picked":["Entrench","Infernal Blade"],"picked":"Shrug It Off","floor":30.0},{"not_picked":["Bloodletting","Twin Strike"],"picked":"Havoc","floor":31.0},{"not_picked":["Headbutt","Iron Wave","Body Slam"],"picked":"SKIP","floor":35},{"not_picked":["Reckless Charge","Armaments"],"picked":"Warcry","floor":38},{"not_picked":["Sentinel","Twin Strike+1"],"picked":"Warcry+1","floor":41}],"player_experience":410255,"relics_obtained":[{"floor":7.0,"key":"Juzu Bracelet"},{"floor":9.0,"key":"War Paint"},{"floor":12.0,"key":"Pear"},{"floor":14.0,"key":"Meat on the Bone"},{"floor":23.0,"key":"Art of War"},{"floor":24.0,"key":"Enchiridion"},{"floor":26.0,"key":"Gremlin Horn"},{"floor":31.0,"key":"Red Skull"},{"floor":43,"key":"Toxic Egg 2"},{"floor":47,"key":"Blood Vial"}],"event_choices":[{"cards_removed":["Strike_R"],"damage_healed":0.0,"max_hp_gain":0.0,"max_hp_loss":0.0,"gold_gain":0.0,"event_name":"Living Wall","player_choice":"Forget","floor":3.0,"gold_loss":0.0,"damage_taken":0.0},{"cards_removed":["Strike_R"],"damage_healed":0.0,"max_hp_gain":0.0,"max_hp_loss":0.0,"gold_gain":0.0,"event_name":"Golden Wing","player_choice":"Card Removal","floor":5.0,"gold_loss":0.0,"damage_taken":7.0},{"damage_healed":0.0,"max_hp_gain":5.0,"max_hp_loss":0.0,"gold_gain":0.0,"event_name":"Forgotten Altar","player_choice":"Shed Blood","floor":20.0,"gold_loss":0.0,"damage_taken":30.0},{"damage_healed":0.0,"max_hp_gain":0.0,"max_hp_loss":0.0,"gold_gain":0.0,"cards_transformed":["Strike_R","Strike_R"],"event_name":"Drug Dealer","player_choice":"Became Test Subject","floor":21.0,"gold_loss":0.0,"damage_taken":0.0,"cards_obtained":["Twin Strike","Metallicize"]},{"damage_healed":0.0,"max_hp_gain":0.0,"max_hp_loss":0.0,"gold_gain":0.0,"event_name":"Cursed Tome","player_choice":"Obtained Book","floor":24.0,"gold_loss":0.0,"damage_taken":21.0},{"damage_healed":0,"gold_gain":0,"player_choice":"Ignored","damage_taken":0,"max_hp_gain":0,"max_hp_loss":0,"event_name":"Mysterious Sphere","floor":37,"gold_loss":0},{"cards_removed":["Spot Weakness"],"damage_healed":0,"gold_gain":0,"player_choice":"Removed Skill","damage_taken":0,"max_hp_gain":0,"max_hp_loss":0,"event_name":"Falling","floor":42,"gold_loss":0},{"damage_healed":0,"gold_gain":0,"player_choice":"Memory 1","damage_taken":0,"max_hp_gain":0,"max_hp_loss":0,"event_name":"SensoryStone","floor":44,"gold_loss":0},{"damage_healed":0,"gold_gain":0,"player_choice":"Max HP","damage_taken":0,"max_hp_gain":0,"max_hp_loss":5,"event_name":"Winding Halls","floor":45,"gold_loss":0},{"damage_healed":0,"gold_gain":0,"player_choice":"Paid","damage_taken":0,"relics_obtained":["Red Mask"],"max_hp_gain":0,"max_hp_loss":0,"event_name":"Tomb of Lord Red Mask","floor":48,"gold_loss":63}],"is_beta":false,"boss_relics":[{"not_picked":["White Beast Statue","Busted Crown"],"picked":"Coffee Dripper"},{"not_picked":["Fusion Hammer","Cursed Key"],"picked":"Sozu"}],"items_purged_floors":[22],"is_endless":false,"potions_floor_spawned":[1,7,12,13,14,16,18,28,30,35,41],"ascension_level":15}