{"gold_per_floor":[118,118,137,15,15,49,49,65,65,65,18,38,71,86,86,181,231,250,280,293,41,55,55,81,81,104,116,56,75,75,75],"floor_reached":31,"playtime":1191,"items_purged":["Defend_R","Strike_R"],"score":290,"play_id":"f65769ee-128d-4965-90c2-588fd980f5d1","local_time":"20190603124926","is_ascension_mode":false,"campfire_choices":[{"floor":7,"key":"REST"},{"data":"Clash","floor":10,"key":"SMITH"},{"data":"Clash","floor":15,"key":"SMITH"},{"data":"Shrug It Off","floor":23,"key":"SMITH"},{"data":"Clash","floor":25,"key":"SMITH"},{"floor":30,"key":"REST"}],"neow_cost":"NONE","seed_source_timestamp":22885421364050,"circlet_count":0,"master_deck":["Strike_R","Strike_R","Defend_R","Defend_R","Defend_R","Inflame","Clash+1","Shrug It Off+1","Clash+1","Clash+1","Flex+1","Juggernaut","Battle Trance","Disarm","True Grit"],"relics":["Black Star","Turnip","Oddly Smooth Stone","Pear","Letter Opener","Pen Nib","Tiny House","Red Mask","Juzu Bracelet","Red Skull","Unceasing Top","Smiling Mask"],"potions_floor_usage":[19,19,22,24,29],"damage_taken":[{"damage":7,"enemies":"2 Louse","floor":1,"turns":2},{"damage":1,"enemies":"Cultist","floor":3,"turns":4},{"damage":35,"enemies":"Lagavulin","floor":6,"turns":7},{"damage":0,"enemies":"Small Slimes","floor":8,"turns":3},{"damage":0,"enemies":"2 Fungi Beasts","floor":12,"turns":3},{"damage":16,"enemies":"Gremlin Nob","floor":13,"turns":4},{"damage":0,"enemies":"Blue Slaver","floor":14,"turns":3},{"damage":25,"enemies":"Hexaghost","floor":16,"turns":6},{"damage":8,"enemies":"3 Byrds","floor":18,"turns":3},{"damage":13,"enemies":"Masked Bandits","floor":19,"turns":4},{"damage":0,"enemies":"Spheric Guardian","floor":20,"turns":3},{"damage":11,"enemies":"Snecko","floor":22,"turns":6},{"damage":19,"enemies":"Gremlin Leader","floor":24,"turns":6},{"damage":28,"enemies":"Sentry and Sphere","floor":27,"turns":6},{"damage":14,"enemies":"Chosen and Byrds","floor":29,"turns":9},{"damage":39,"enemies":"Slavers","floor":31,"turns":3}],"seed_played":"1060541825731974723","potions_obtained":[{"floor":3,"key":"Swift Potion"},{"floor":6,"key":"Energy Potion"},{"floor":8,"key":"PowerPotion"},{"floor":17,"key":"SkillPotion"},{"floor":19,"key":"BloodPotion"},{"floor":24,"key":"Explosive Potion"}],"is_trial":false,"path_per_floor":["M","?","M","$","?","E","R","M","T","R","$","M","E","M","R","B",null,"M","?","M","$","M","R","E","R","T","M","?","M","R","E"],"character_chosen":"IRONCLAD","items_purchased":["Shrug It Off","Clash","Juzu Bracelet"],"campfire_rested":2,"item_purchase_floors":[4,11,21],"current_hp_per_floor":[73,66,65,65,65,30,54,54,64,64,64,64,48,48,48,23,95,87,74,74,74,72,72,53,53,53,25,25,11,39,0],"gold":75,"neow_bonus":"BOSS_RELIC","is_prod":false,"is_daily":false,"chose_seed":false,"campfire_upgraded":4,"win_rate":0,"timestamp":1559558966,"path_taken":["M","?","M","$","?","E","R","M","T","R","$","?","E","M","R","BOSS","M","?","M","$","M","R","E","R","T","M","?","M","R","E"],"build_version":"2019-01-23","purchased_purges":2,"victory":false,"max_hp_per_floor":[80,80,80,80,80,80,80,80,90,90,90,90,90,90,90,90,95,95,95,95,95,95,95,95,95,95,95,95,95,95,95],"card_choices":[{"not_picked":["Thunderclap","Sword Boomerang"],"picked":"Inflame","floor":1},{"not_picked":["Headbutt","Pummel"],"picked":"Clash","floor":3},{"not_picked":["Hemokinesis","Warcry"],"picked":"Clash","floor":6},{"not_picked":["Wild Strike","Ghostly Armor","Sever Soul"],"picked":"SKIP","floor":8},{"not_picked":["Infernal Blade","Twin Strike","Cleave"],"picked":"SKIP","floor":12},{"not_picked":["Blood for Blood","Headbutt"],"picked":"Flex","floor":13},{"not_picked":["Sentinel","Wild Strike","Corruption"],"picked":"SKIP","floor":14},{"not_picked":["Dark Embrace","Immolate"],"picked":"Juggernaut","floor":16},{"not_picked":["Sentinel","Wild Strike"],"picked":"Battle Trance","floor":17},{"not_picked":["Battle Trance","Thunderclap"],"picked":"Disarm","floor":18},{"not_picked":["Shockwave","Ghostly Armor","Feel No Pain"],"picked":"SKIP","floor":20},{"not_picked":["Anger","Body Slam","Clothesline+1"],"picked":"SKIP","floor":22},{"not_picked":["Dropkick","Sword Boomerang+1","Twin Strike"],"picked":"SKIP","floor":24},{"not_picked":["Uppercut","Headbutt+1","Anger"],"picked":"SKIP","floor":27},{"not_picked":["Warcry","Bloodletting"],"picked":"True Grit","floor":29}],"player_experience":285131,"relics_obtained":[{"floor":6,"key":"Turnip"},{"floor":6,"key":"Oddly Smooth Stone"},{"floor":9,"key":"Pear"},{"floor":13,"key":"Letter Opener"},{"floor":13,"key":"Pen Nib"},{"floor":19,"key":"Red Mask"},{"floor":24,"key":"Red Skull"},{"floor":24,"key":"Unceasing Top"},{"floor":26,"key":"Smiling Mask"}],"event_choices":[{"cards_removed":["Strike_R"],"damage_healed":0,"gold_gain":0,"player_choice":"Card Removal","damage_taken":7,"max_hp_gain":0,"max_hp_loss":0,"event_name":"Golden Wing","floor":2,"gold_loss":0},{"cards_removed":["Bash"],"damage_healed":0,"gold_gain":0,"player_choice":"Purged","damage_taken":0,"max_hp_gain":0,"max_hp_loss":0,"event_name":"Purifier","floor":5,"gold_loss":0},{"damage_healed":0,"gold_gain":0,"player_choice":"Fought Bandits","damage_taken":0,"max_hp_gain":0,"max_hp_loss":0,"event_name":"Masked Bandits","floor":19,"gold_loss":0},{"cards_removed":["Strike_R"],"damage_healed":0,"gold_gain":0,"player_choice":"Single Remove","damage_taken":0,"max_hp_gain":0,"max_hp_loss":0,"event_name":"Designer","floor":28,"gold_loss":60}],"is_beta":false,"boss_relics":[{"not_picked":["Calling Bell","Pandora\u0027s Box"],"picked":"Tiny House"}],"items_purged_floors":[4,21],"is_endless":false,"potions_floor_spawned":[3,6,8,13,19,24],"killed_by":"Slavers","ascension_level":0}