{"gold_per_floor":[18,28,47,147,161,189,189,189,212,232,247,247,263,299,299,430,430,444,464,100,150,173,216,216,236,236,279,294,310,350,350,350,475,538,557,557,105,124,143,143,18,33,33,33,53,74,95,95,95,95],"floor_reached":51,"playtime":7345,"items_purged":["Injury","Strike_R","Strike_R"],"score":750,"play_id":"f48a1932-b692-45ea-b353-3c1015c9c8d4","local_time":"20190523175646","is_ascension_mode":false,"campfire_choices":[{"floor":8,"key":"REST"},{"data":"Entrench","floor":12,"key":"SMITH"},{"floor":15,"key":"REST"},{"data":"Cleave","floor":24,"key":"SMITH"},{"data":"Shrug It Off","floor":32,"key":"SMITH"},{"data":"Metallicize","floor":40,"key":"SMITH"},{"data":"Double Tap","floor":44,"key":"SMITH"},{"data":"Shrug It Off","floor":49,"key":"SMITH"}],"neow_cost":"NO_GOLD","seed_source_timestamp":169920540419500,"circlet_count":0,"master_deck":["Strike_R","Strike_R","Strike_R","Defend_R","Defend_R","Defend_R","Defend_R","Bash","Entrench+1","Twin Strike","Armaments","Carnage","Battle Trance","Cleave+1","Twin Strike","Immolate+1","Flame Barrier","Anger+1","Feed","Shrug It Off+1","Shrug It Off+1","Disarm+1","Pommel Strike","Iron Wave+1","RitualDagger+1","Metallicize+1","Clothesline+1","Double Tap+1","Twin Strike+1","Anger+1","Parasite","Shrug It Off+1","Spot Weakness+1","Infernal Blade+1","Uppercut+1"],"relics":["Burning Blood","FossilizedHelix","Happy Flower","Golden Idol","Red Skull","Dream Catcher","Sozu","Vajra","Bag of Marbles","Mercury Hourglass","Kunai","Potion Belt","Tiny House","HandDrill","Sundial"],"potions_floor_usage":[23,50,50],"damage_taken":[{"damage":4,"enemies":"Cultist","floor":1,"turns":4},{"damage":7,"enemies":"2 Louse","floor":2,"turns":4},{"damage":0,"enemies":"Small Slimes","floor":3,"turns":4},{"damage":13,"enemies":"Blue Slaver","floor":5,"turns":8},{"damage":51,"enemies":"Gremlin Nob","floor":6,"turns":6},{"damage":3,"enemies":"3 Louse","floor":10,"turns":4},{"damage":3,"enemies":"Red Slaver","floor":11,"turns":3},{"damage":10,"enemies":"Lots of Slimes","floor":13,"turns":7},{"damage":28,"enemies":"Lagavulin","floor":14,"turns":7},{"damage":31,"enemies":"Slime Boss","floor":16,"turns":9},{"damage":0,"enemies":"Shell Parasite","floor":18,"turns":4},{"damage":5,"enemies":"Chosen","floor":19,"turns":4},{"damage":15,"enemies":"Centurion and Healer","floor":22,"turns":5},{"damage":14,"enemies":"Book of Stabbing","floor":23,"turns":3},{"damage":0,"enemies":"Snecko","floor":25,"turns":3},{"damage":12,"enemies":"Gremlin Leader","floor":27,"turns":3},{"damage":0,"enemies":"Snake Plant","floor":28,"turns":2},{"damage":0,"enemies":"Chosen and Byrds","floor":29,"turns":6},{"damage":19,"enemies":"Slavers","floor":30,"turns":4},{"damage":37,"enemies":"Collector","floor":33,"turns":10},{"damage":0,"enemies":"3 Shapes","floor":35,"turns":1},{"damage":0,"enemies":"Orb Walker","floor":38,"turns":3},{"damage":1,"enemies":"Sphere and 2 Shapes","floor":39,"turns":3},{"damage":0,"enemies":"Writhing Mass","floor":42,"turns":7},{"damage":14,"enemies":"Spire Growth","floor":45,"turns":7},{"damage":14,"enemies":"3 Darklings","floor":46,"turns":3},{"damage":0,"enemies":"Jaw Worm Horde","floor":47,"turns":4},{"damage":93,"enemies":"Awakened One","floor":50,"turns":18}],"seed_played":"-3222342055866401825","potions_obtained":[{"floor":1,"key":"BloodPotion"},{"floor":3,"key":"Poison Potion"},{"floor":5,"key":"Dexterity Potion"},{"floor":10,"key":"Explosive Potion"}],"is_trial":false,"path_per_floor":["M","M","M","?","M","E","?","R","T","M","M","R","M","E","R","B",null,"M","M","$","?","M","E","R","M","T","E","M","M","E","?","R","B",null,"M","?","$","M","M","R","$","M","T","R","M","M","M","?","R","B",null],"character_chosen":"IRONCLAD","items_purchased":["Feed","Vajra","Double Tap","HandDrill"],"campfire_rested":2,"item_purchase_floors":[20,20,37,37],"current_hp_per_floor":[80,79,80,80,73,28,28,52,52,55,58,58,54,32,56,31,80,80,80,80,80,74,69,69,75,75,69,75,81,71,65,65,34,94,94,94,94,94,97,97,97,97,97,97,89,81,90,90,90,13],"gold":95,"neow_bonus":"ONE_RARE_RELIC","is_prod":false,"is_daily":false,"chose_seed":false,"campfire_upgraded":6,"win_rate":0.0,"timestamp":1558659406,"path_taken":["M","M","M","?","?","E","?","R","T","M","M","R","M","E","R","BOSS","M","M","$","?","M","E","R","M","T","E","?","M","E","?","R","BOSS","M","?","$","M","?","R","?","M","T","R","M","M","M","?","R","BOSS"],"build_version":"2019-01-23","purchased_purges":3,"victory":true,"max_hp_per_floor":[80,80,80,80,80,80,80,80,80,80,80,80,80,80,80,80,80,80,80,80,80,83,86,86,86,86,86,86,86,89,89,89,89,94,94,94,94,94,97,97,97,97,97,97,97,97,100,100,100,100],"card_choices":[{"not_picked":["Carnage","Evolve"],"picked":"Entrench","floor":1},{"not_picked":["Entrench","Wild Strike","Dropkick"],"picked":"SKIP","floor":2},{"not_picked":["Wild Strike","Blood for Blood","Rage"],"picked":"SKIP","floor":3},{"not_picked":["Cleave","Fire Breathing"],"picked":"Twin Strike","floor":5},{"not_picked":["Evolve","Limit Break"],"picked":"Armaments","floor":6},{"not_picked":["Rage","Spot Weakness"],"picked":"Carnage","floor":10},{"not_picked":["Twin Strike","Wild Strike"],"picked":"Battle Trance","floor":11},{"not_picked":["Armaments","Evolve","Reckless Charge"],"picked":"SKIP","floor":13},{"not_picked":["Feel No Pain","Rupture"],"picked":"Cleave","floor":14},{"not_picked":["Perfected Strike","Thunderclap"],"picked":"Twin Strike","floor":15},{"not_picked":["Juggernaut","Impervious"],"picked":"Immolate","floor":16},{"not_picked":["Hemokinesis+1","Heavy Blade"],"picked":"Flame Barrier","floor":18},{"not_picked":["Armaments","Heavy Blade"],"picked":"Anger+1","floor":19},{"not_picked":["Warcry","Clothesline"],"picked":"Shrug It Off","floor":22},{"not_picked":["Cleave","Heavy Blade"],"picked":"Shrug It Off","floor":23},{"not_picked":["Burning Pact","Blood for Blood","Spot Weakness"],"picked":"SKIP","floor":25},{"not_picked":["Twin Strike","Immolate"],"picked":"Disarm+1","floor":27},{"not_picked":["Thunderclap","Twin Strike","Power Through+1"],"picked":"SKIP","floor":28},{"not_picked":["Cleave","Warcry"],"picked":"Pommel Strike","floor":29},{"not_picked":["Pommel Strike","Clothesline+1"],"picked":"Iron Wave+1","floor":30},{"not_picked":["Perfected Strike","Fire Breathing"],"picked":"Metallicize","floor":34},{"not_picked":["Twin Strike","Flex"],"picked":"Clothesline+1","floor":35},{"not_picked":["Wild Strike+1","Headbutt+1"],"picked":"Twin Strike+1","floor":38},{"not_picked":["Clothesline+1","Pummel"],"picked":"Anger+1","floor":39},{"not_picked":["Spot Weakness+1","Dual Wield+1"],"picked":"Shrug It Off+1","floor":42},{"not_picked":["Flex","Reckless Charge"],"picked":"Spot Weakness+1","floor":45},{"not_picked":["Battle Trance+1","Burning Pact"],"picked":"Infernal Blade+1","floor":46},{"not_picked":["Blood for Blood+1","Anger"],"picked":"Uppercut+1","floor":47}],"player_experience":22718,"relics_obtained":[{"floor":6,"key":"Happy Flower"},{"floor":9,"key":"Red Skull"},{"floor":14,"key":"Dream Catcher"},{"floor":23,"key":"Bag of Marbles"},{"floor":26,"key":"Mercury Hourglass"},{"floor":27,"key":"Kunai"},{"floor":30,"key":"Potion Belt"},{"floor":43,"key":"Sundial"}],"event_choices":[{"damage_healed":0,"gold_gain":100,"player_choice":"Gold","damage_taken":0,"max_hp_gain":0,"max_hp_loss":0,"event_name":"Wheel of Change","floor":4,"gold_loss":0},{"damage_healed":0,"gold_gain":0,"player_choice":"Take Wound","damage_taken":0,"relics_obtained":["Golden Idol"],"max_hp_gain":0,"max_hp_loss":0,"event_name":"Golden Idol","floor":7,"gold_loss":0,"cards_obtained":["Injury"]},{"damage_healed":0,"gold_gain":100,"player_choice":"Bet on Murderer","damage_taken":0,"max_hp_gain":0,"max_hp_loss":0,"event_name":"The Joust","floor":21,"gold_loss":50},{"damage_healed":0,"gold_gain":0,"player_choice":"Joined the Cult","damage_taken":6,"max_hp_gain":0,"max_hp_loss":0,"event_name":"Nest","floor":31,"gold_loss":0,"cards_obtained":["RitualDagger"]},{"damage_healed":0,"gold_gain":0,"player_choice":"Upgraded","damage_taken":0,"max_hp_gain":0,"max_hp_loss":0,"event_name":"Upgrade Shrine","floor":36,"gold_loss":0,"cards_upgraded":["RitualDagger"]},{"damage_healed":0,"gold_gain":0,"player_choice":"Got Potions","damage_taken":0,"max_hp_gain":0,"max_hp_loss":0,"event_name":"Lab","floor":48,"gold_loss":0}],"is_beta":false,"boss_relics":[{"not_picked":["Runic Pyramid","Velvet Choker"],"picked":"Sozu"},{"not_picked":["Black Star","Busted Crown"],"picked":"Tiny House"}],"items_purged_floors":[20,37,41],"is_endless":false,"potions_floor_spawned":[1,3,5,10,16,22,28,33,35,39,47],"ascension_level":0}