{"gold_per_floor":[117,137,137,153,153,153,179,194,217,266,266,70,83,114,114,219,219,237,337,351,351],"floor_reached":21,"playtime":1579,"items_purged":["Strike_R"],"score":227,"play_id":"bc25570e-1c6b-40da-b23e-b18bd4ff90b2","local_time":"20190602200501","is_ascension_mode":true,"campfire_choices":[{"floor":6,"key":"RECALL"},{"data":"Disarm","floor":11,"key":"SMITH"},{"floor":15,"key":"REST"}],"neow_cost":"NONE","seed_source_timestamp":96652405231400,"circlet_count":0,"master_deck":["Strike_R","Strike_R","Strike_R","Strike_R","Defend_R","Defend_R","Defend_R","Defend_R","Bash+1","Anger","Carnage","Clothesline","Anger","Disarm+1","Power Through","Armaments","Headbutt","Limit Break","Rampage+1","Flame Barrier+1","Seeing Red+1"],"relics":["Burning Blood","Potion Belt","Incense Burner","Omamori","Oddly Smooth Stone","Juzu Bracelet","Cursed Key","Unceasing Top","Darkstone Periapt"],"potions_floor_usage":[7,13,14,16,19,20],"damage_taken":[{"damage":6,"enemies":"Cultist","floor":1,"turns":3},{"damage":8,"enemies":"2 Louse","floor":2,"turns":3},{"damage":7,"enemies":"Jaw Worm","floor":4,"turns":2},{"damage":25,"enemies":"Lagavulin","floor":7,"turns":5},{"damage":5,"enemies":"Red Slaver","floor":8,"turns":2},{"damage":21,"enemies":"Large Slime","floor":13,"turns":5},{"damage":28,"enemies":"Gremlin Nob","floor":14,"turns":5},{"damage":36,"enemies":"The Guardian","floor":16,"turns":9},{"damage":5,"enemies":"Spheric Guardian","floor":18,"turns":4},{"damage":38,"enemies":"Colosseum Slavers","floor":19,"turns":8},{"damage":58,"enemies":"Colosseum Nobs","floor":19,"turns":7},{"damage":0,"enemies":"3 Byrds","floor":20,"turns":5},{"damage":21,"enemies":"Centurion and Healer","floor":21,"turns":5}],"seed_played":"-8252925747329715966","potions_obtained":[{"floor":1,"key":"Regen Potion"},{"floor":2,"key":"Weak Potion"},{"floor":14,"key":"BloodPotion"},{"floor":18,"key":"Regen Potion"},{"floor":19,"key":"AttackPotion"}],"is_trial":false,"path_per_floor":["M","M","T","M","?","R","E","M","T","T","R","$","M","E","R","B",null,"M","?","M","M"],"character_chosen":"IRONCLAD","items_purchased":["Power Through","Explosive Potion"],"campfire_rested":1,"item_purchase_floors":[12,12],"current_hp_per_floor":[80,78,78,77,77,77,63,64,64,64,64,64,49,27,51,29,80,80,8,14,0],"gold":351,"neow_bonus":"RANDOM_COMMON_RELIC","is_prod":false,"is_daily":false,"chose_seed":false,"campfire_upgraded":1,"win_rate":0,"timestamp":1559498701,"path_taken":["M","M","?","M","?","R","E","M","T","?","R","$","?","E","R","BOSS","M","?","M","M"],"build_version":"2019-01-23","purchased_purges":1,"victory":false,"max_hp_per_floor":[80,80,80,80,80,80,80,80,80,80,80,80,80,80,80,80,80,80,80,80,80],"card_choices":[{"not_picked":["Spot Weakness","Pommel Strike"],"picked":"Anger","floor":1},{"not_picked":["Twin Strike","Body Slam"],"picked":"Carnage","floor":2},{"not_picked":["Sentinel","Rupture"],"picked":"Clothesline","floor":4},{"not_picked":["Perfected Strike","Shockwave"],"picked":"Anger","floor":7},{"not_picked":["Headbutt","Heavy Blade"],"picked":"Disarm","floor":8},{"not_picked":["Pommel Strike","Twin Strike"],"picked":"Armaments","floor":13},{"not_picked":["Clothesline","Power Through"],"picked":"Headbutt","floor":14},{"not_picked":["Bludgeon","Immolate"],"picked":"Limit Break","floor":16},{"not_picked":["Perfected Strike","Shrug It Off"],"picked":"Rampage+1","floor":18},{"not_picked":["Heavy Blade","Bloodletting+1"],"picked":"Flame Barrier+1","floor":19},{"not_picked":["Bloodletting","Evolve"],"picked":"Seeing Red+1","floor":20}],"player_experience":347806,"relics_obtained":[{"floor":7,"key":"Incense Burner"},{"floor":9,"key":"Omamori"},{"floor":10,"key":"Oddly Smooth Stone"},{"floor":14,"key":"Juzu Bracelet"},{"floor":19,"key":"Unceasing Top"},{"floor":19,"key":"Darkstone Periapt"}],"event_choices":[{"damage_healed":0,"gold_gain":0,"player_choice":"Grow","damage_taken":0,"max_hp_gain":0,"max_hp_loss":0,"event_name":"Living Wall","floor":5,"gold_loss":0,"cards_upgraded":["Bash"]},{"damage_healed":0,"gold_gain":0,"player_choice":"Fight","damage_taken":0,"max_hp_gain":0,"max_hp_loss":0,"event_name":"Colosseum","floor":19,"gold_loss":0},{"damage_healed":0,"gold_gain":0,"player_choice":"Fought Nobs","damage_taken":0,"max_hp_gain":0,"max_hp_loss":0,"event_name":"Colosseum","floor":19,"gold_loss":0}],"is_beta":false,"boss_relics":[{"not_picked":["Black Blood","Fusion Hammer"],"picked":"Cursed Key"}],"items_purged_floors":[12],"is_endless":false,"potions_floor_spawned":[1,2,14,18,19],"killed_by":"Centurion and Healer","ascension_level":4}