{"gold_per_floor":[118,43,63,77,89,89,89,103,103,3,3,36,36,51,51,149,149,169,18,18,32,52,52,78,78],"floor_reached":25,"playtime":1253,"items_purged":["Parasite","Regret"],"score":347,"play_id":"37248b0d-cae5-4e70-bfd8-a0cf14d46bad","local_time":"20190602025109","is_ascension_mode":true,"campfire_choices":[{"floor":7.0,"key":"REST"},{"floor":11.0,"key":"REST"},{"data":"Buffer","floor":13.0,"key":"SMITH"},{"floor":15.0,"key":"REST"},{"floor":23.0,"key":"REST"}],"neow_cost":"CURSE","seed_source_timestamp":82475792256600,"circlet_count":0,"master_deck":["Strike_B","Strike_B","Strike_B","Strike_B","Defend_B","Defend_B","Defend_B","Defend_B","Zap","Dualcast","Buffer+1","Go for the Eyes","Streamline","Genetic Algorithm","Ball Lightning","Coolheaded","Capacitor","Blizzard","Multi-Cast","Glacier+1","Buffer+1","Cold Snap","Coolheaded+1","Turbo"],"special_seed":0,"relics":["Cracked Core","Lantern","Ancient Tea Set","Kunai","Black Star","DataDisk","Dead Branch","Pen Nib"],"potions_floor_usage":[],"damage_taken":[{"damage":0.0,"enemies":"Small Slimes","floor":1.0,"turns":2.0},{"damage":8.0,"enemies":"2 Louse","floor":3.0,"turns":4.0},{"damage":1.0,"enemies":"Cultist","floor":4.0,"turns":4.0},{"damage":40.0,"enemies":"Exordium Thugs","floor":5.0,"turns":5.0},{"damage":10.0,"enemies":"Large Slime","floor":8.0,"turns":4.0},{"damage":0.0,"enemies":"Lagavulin","floor":12.0,"turns":7.0},{"damage":3.0,"enemies":"Blue Slaver","floor":14.0,"turns":2.0},{"damage":36.0,"enemies":"Hexaghost","floor":16.0,"turns":10.0},{"damage":42.0,"enemies":"3 Byrds","floor":18.0,"turns":7.0},{"damage":12.0,"enemies":"Shell Parasite","floor":21.0,"turns":10.0},{"damage":1.0,"enemies":"Sentry and Sphere","floor":22.0,"turns":15.0},{"damage":29.0,"enemies":"Book of Stabbing","floor":24.0,"turns":11.0},{"damage":8,"enemies":"Snake Plant","floor":25,"turns":1}],"seed_played":"7559591023391876978","potions_obtained":[{"floor":1.0,"key":"Strength Potion"},{"floor":3.0,"key":"LiquidBronze"},{"floor":14.0,"key":"Regen Potion"},{"floor":21.0,"key":"Explosive Potion"},{"floor":24.0,"key":"Ancient Potion"}],"is_trial":false,"path_per_floor":["M","$","M","M","M","?","R","M","T","$","R","E","R","M","R","B",null,"M","$","?","M","M","R","E","M"],"character_chosen":"DEFECT","items_purchased":["DataDisk"],"campfire_rested":4,"item_purchase_floors":[19],"current_hp_per_floor":[68,68,60,59,19,19,40,30,30,30,51,51,51,48,69,48,66,24,24,24,12,11,32,3,0],"gold":78,"neow_bonus":"THREE_RARE_CARDS","is_prod":false,"is_daily":false,"chose_seed":false,"campfire_upgraded":1,"win_rate":0,"timestamp":1559469069,"path_taken":["M","$","M","M","M","?","R","M","T","$","R","E","R","M","R","BOSS","M","$","?","?","M","R","E","M"],"build_version":"2019-01-23","purchased_purges":2,"victory":false,"max_hp_per_floor":[75,72,72,72,72,72,72,72,72,72,72,72,72,72,72,72,72,72,72,72,72,72,72,72,72],"card_choices":[{"not_picked":["Biased Cognition","Multi-Cast"],"picked":"Buffer","floor":0.0},{"not_picked":["Gash","Consume"],"picked":"Go for the Eyes","floor":1.0},{"not_picked":["Beam Cell","Gash"],"picked":"Streamline","floor":3.0},{"not_picked":["Conserve Battery","Rebound"],"picked":"Genetic Algorithm","floor":4.0},{"not_picked":["Go for the Eyes","Streamline"],"picked":"Ball Lightning","floor":5.0},{"not_picked":["Genetic Algorithm","Rip and Tear"],"picked":"Coolheaded","floor":8.0},{"not_picked":["Chill","Ball Lightning"],"picked":"Capacitor","floor":12.0},{"not_picked":["Sweeping Beam","Self Repair"],"picked":"Blizzard","floor":14.0},{"not_picked":["Meteor Strike","Core Surge"],"picked":"Multi-Cast","floor":16.0},{"not_picked":["Coolheaded","Ball Lightning"],"picked":"Glacier+1","floor":18.0},{"not_picked":["Rebound","Turbo+1"],"picked":"Cold Snap","floor":21.0},{"not_picked":["Compile Driver","Skim"],"picked":"Coolheaded+1","floor":22.0},{"not_picked":["Gash","Beam Cell"],"picked":"Turbo","floor":24.0}],"player_experience":203143,"relics_obtained":[{"floor":9.0,"key":"Ancient Tea Set"},{"floor":12.0,"key":"Kunai"},{"floor":24.0,"key":"Dead Branch"},{"floor":24.0,"key":"Pen Nib"}],"event_choices":[{"damage_healed":0.0,"max_hp_gain":0.0,"max_hp_loss":0.0,"gold_gain":0.0,"event_name":"Big Fish","player_choice":"Box","floor":6.0,"gold_loss":0.0,"damage_taken":0.0,"relics_obtained":["Lantern"],"cards_obtained":["Regret"]},{"damage_healed":0.0,"max_hp_gain":0.0,"max_hp_loss":0.0,"gold_gain":0.0,"event_name":"Duplicator","player_choice":"Copied","floor":20.0,"gold_loss":0.0,"damage_taken":0.0,"cards_obtained":["Buffer"]}],"is_beta":false,"boss_relics":[{"not_picked":["Empty Cage","Coffee Dripper"],"picked":"Black Star"}],"items_purged_floors":[2,10],"is_endless":false,"potions_floor_spawned":[1,3,14,21,24],"killed_by":"Snake Plant","ascension_level":8}