{"gold_per_floor":[114,133,133,158,168,168,38,38,38,66,83,115,115,131,131,210,210,230,249,249,249,263,263,77,104,104,104,104,104,104,123,123,199,199,219,219,219,219,319,349,349,349],"floor_reached":42,"playtime":3752,"items_purged":["Strike_G","Strike_G"],"score":810,"play_id":"b772a811-1424-4031-ad6d-fd48f425fc53","local_time":"20190530235858","is_ascension_mode":true,"campfire_choices":[{"data":"Well Laid Plans","floor":6.0,"key":"SMITH"},{"data":"Poisoned Stab","floor":8.0,"key":"SMITH"},{"floor":13.0,"key":"REST"},{"data":"Skewer","floor":15.0,"key":"SMITH"},{"floor":23.0,"key":"REST"},{"floor":27,"key":"REST"},{"data":"A Thousand Cuts","floor":29,"key":"SMITH"},{"data":"Footwork","floor":32,"key":"SMITH"},{"data":"Calculated Gamble","floor":41,"key":"SMITH"}],"neow_cost":"NONE","seed_source_timestamp":835012615088538,"circlet_count":0,"master_deck":["AscendersBane","Defend_G","Defend_G","Defend_G","Defend_G","Defend_G","Strike_G+1","Survivor","Neutralize+1","Calculated Gamble+1","Well Laid Plans+1","Poisoned Stab+1","Slice","Infinite Blades","Skewer+1","A Thousand Cuts+1","Footwork+1","Acrobatics","All Out Attack","PiercingWail","RitualDagger","Leg Sweep","Setup+1","Bane+1","Flying Knee+1","Dark Shackles","Cloak And Dagger+1"],"special_seed":0,"relics":["Ring of the Snake","Vajra","Snake Skull","Question Card","Regal Pillow","Du-Vu Doll","Sozu","MutagenicStrength","Dodecahedron","Astrolabe","Tough Bandages","Bag of Marbles"],"potions_floor_usage":[],"damage_taken":[{"damage":0.0,"enemies":"Jaw Worm","floor":1.0,"turns":6.0},{"damage":0.0,"enemies":"2 Louse","floor":2.0,"turns":4.0},{"damage":0.0,"enemies":"Small Slimes","floor":5.0,"turns":3.0},{"damage":14.0,"enemies":"3 Sentries","floor":10.0,"turns":12.0},{"damage":3.0,"enemies":"3 Louse","floor":11.0,"turns":4.0},{"damage":8.0,"enemies":"Lagavulin","floor":12.0,"turns":7.0},{"damage":0.0,"enemies":"Large Slime","floor":14.0,"turns":4.0},{"damage":38.0,"enemies":"Hexaghost","floor":16.0,"turns":9.0},{"damage":21.0,"enemies":"2 Thieves","floor":18.0,"turns":3.0},{"damage":6.0,"enemies":"Shell Parasite","floor":19.0,"turns":6.0},{"damage":9.0,"enemies":"Snake Plant","floor":22.0,"turns":3.0},{"damage":42,"enemies":"Gremlin Leader","floor":25,"turns":7},{"damage":9,"enemies":"Centurion and Healer","floor":31,"turns":4},{"damage":45,"enemies":"Collector","floor":33,"turns":11},{"damage":1,"enemies":"3 Shapes","floor":35,"turns":9},{"damage":3,"enemies":"Mind Bloom Boss Battle","floor":39,"turns":7},{"damage":11,"enemies":"Reptomancer","floor":40,"turns":7},{"damage":36,"enemies":"Giant Head","floor":42,"turns":9}],"seed_played":"-9178725382882962382","potions_obtained":[{"floor":1.0,"key":"Fire Potion"},{"floor":11.0,"key":"FairyPotion"},{"floor":16.0,"key":"Strength Potion"}],"is_trial":false,"path_per_floor":["M","M","?","T","M","R","$","R","T","E","M","E","R","M","R","B",null,"M","M","?","?","M","R","$","E","T","R","?","R","?","M","R","B",null,"M","?","?","?","?","E","R","E"],"character_chosen":"THE_SILENT","items_purchased":["Block Potion","All Out Attack"],"campfire_rested":3,"item_purchase_floors":[7,24],"current_hp_per_floor":[59,59,39,39,39,39,39,39,39,25,22,14,48,48,48,10,52,31,25,25,25,16,50,50,8,8,42,36,36,49,40,40,6,51,50,50,50,40,37,26,26,0],"gold":349,"neow_bonus":"RANDOM_COMMON_RELIC","is_prod":false,"is_daily":false,"chose_seed":false,"campfire_upgraded":6,"win_rate":0,"timestamp":1559275138,"path_taken":["M","M","?","?","M","R","$","R","T","E","M","E","R","M","R","BOSS","M","M","?","?","M","R","$","E","T","R","?","R","?","?","R","BOSS","M","?","?","?","?","E","R","E"],"build_version":"2019-01-23","purchased_purges":2,"victory":false,"max_hp_per_floor":[66,66,66,66,66,66,66,66,66,66,66,66,66,66,66,66,66,66,66,66,66,66,66,66,66,66,66,66,66,66,66,66,66,66,66,63,63,63,63,63,63,63],"card_choices":[{"not_picked":["Reflex","Deflect"],"picked":"Calculated Gamble","floor":1.0},{"not_picked":["Blade Dance","Riddle With Holes"],"picked":"Well Laid Plans","floor":2.0},{"not_picked":["Predator","Well Laid Plans"],"picked":"Poisoned Stab","floor":5.0},{"not_picked":["Backflip","Caltrops","Dodge and Roll"],"picked":"Slice","floor":10.0},{"not_picked":["Expertise","Dagger Throw","Acrobatics"],"picked":"Infinite Blades","floor":11.0},{"not_picked":["Reflex","Predator","Choke"],"picked":"Skewer","floor":12.0},{"not_picked":["Prepared","Tactician","Blade Dance"],"picked":"Sucker Punch","floor":14.0},{"not_picked":["After Image","Tools of the Trade","Bullet Time"],"picked":"A Thousand Cuts","floor":16.0},{"not_picked":["Underhanded Strike","Prepared","Dagger Throw"],"picked":"Footwork","floor":18.0},{"not_picked":["Bouncing Flask","Slice","Flying Knee"],"picked":"Acrobatics","floor":19.0},{"not_picked":["Deadly Poison","Tactician","Poisoned Stab","Blade Dance"],"picked":"SKIP","floor":22.0},{"not_picked":["Blade Dance","Setup+1","Reflex"],"picked":"PiercingWail","floor":25},{"not_picked":["Calculated Gamble","Prepared","Dodge and Roll"],"picked":"Leg Sweep","floor":31},{"not_picked":["Deflect","Expertise","Dodge and Roll","Bane"],"picked":"SKIP","floor":35},{"not_picked":["Purity","Sadistic Nature","Madness"],"picked":"Dark Shackles","floor":38},{"not_picked":["Bouncing Flask+1","Flechettes","Dodge and Roll"],"picked":"Cloak And Dagger+1","floor":39},{"not_picked":["Masterful Stab","Dagger Spray","Noxious Fumes","Blade Dance"],"picked":"SKIP","floor":40}],"player_experience":2213379,"relics_obtained":[{"floor":4.0,"key":"Snake Skull"},{"floor":9.0,"key":"Question Card"},{"floor":10.0,"key":"Regal Pillow"},{"floor":12.0,"key":"Du-Vu Doll"},{"floor":25,"key":"Dodecahedron"},{"floor":39,"key":"Tough Bandages"},{"floor":40,"key":"Bag of Marbles"}],"event_choices":[{"damage_healed":0.0,"max_hp_gain":0.0,"max_hp_loss":0.0,"gold_gain":0.0,"event_name":"Shining Light","player_choice":"Entered Light","floor":3.0,"gold_loss":0.0,"damage_taken":20.0,"cards_upgraded":["Neutralize","Strike_G"]},{"damage_healed":0.0,"max_hp_gain":0.0,"max_hp_loss":0.0,"gold_gain":0.0,"event_name":"Cursed Tome","player_choice":"Ignored","floor":20.0,"gold_loss":0.0,"damage_taken":0.0},{"damage_healed":0.0,"max_hp_gain":0.0,"max_hp_loss":0.0,"gold_gain":0.0,"event_name":"Drug Dealer","player_choice":"Inject Mutagens","floor":21.0,"gold_loss":0.0,"damage_taken":0.0,"relics_obtained":["MutagenicStrength"]},{"damage_healed":0,"gold_gain":0,"player_choice":"Joined the Cult","damage_taken":6,"max_hp_gain":0,"max_hp_loss":0,"event_name":"Nest","floor":28,"gold_loss":0,"cards_obtained":["RitualDagger"]},{"damage_healed":13,"gold_gain":0,"player_choice":"Heal","damage_taken":0,"max_hp_gain":0,"max_hp_loss":0,"event_name":"The Library","floor":30,"gold_loss":0},{"damage_healed":0,"gold_gain":0,"player_choice":"Max HP","damage_taken":0,"max_hp_gain":0,"max_hp_loss":3,"event_name":"Winding Halls","floor":36,"gold_loss":0},{"damage_healed":0,"gold_gain":0,"player_choice":"Ignored","damage_taken":0,"max_hp_gain":0,"max_hp_loss":0,"event_name":"Tomb of Lord Red Mask","floor":37,"gold_loss":0},{"damage_healed":0,"gold_gain":0,"player_choice":"Memory 3","damage_taken":10,"max_hp_gain":0,"max_hp_loss":0,"event_name":"SensoryStone","floor":38,"gold_loss":0},{"damage_healed":0,"gold_gain":0,"player_choice":"Fight","damage_taken":0,"max_hp_gain":0,"max_hp_loss":0,"event_name":"MindBloom","floor":39,"gold_loss":0}],"is_beta":false,"boss_relics":[{"not_picked":["Runic Pyramid","Snecko Eye"],"picked":"Sozu"},{"not_picked":["Empty Cage","WristBlade"],"picked":"Astrolabe"}],"items_purged_floors":[7,24],"is_endless":false,"potions_floor_spawned":[1,11,16,25,31,40],"killed_by":"Giant Head","ascension_level":16}