{"gold_per_floor":[119,133,133,152,0,0,20,20,46,69,98,127,64,76,76,76],"floor_reached":16,"playtime":1376,"items_purged":["Strike_B"],"score":158,"play_id":"09447a39-e660-4303-8aeb-72e94a710ddd","local_time":"20190517202950","is_ascension_mode":true,"campfire_choices":[{"floor":6,"key":"REST"},{"floor":8,"key":"REST"},{"floor":15,"key":"REST"}],"neow_cost":"PERCENT_DAMAGE","seed_source_timestamp":7202307543887,"circlet_count":0,"master_deck":["AscendersBane","Strike_B","Strike_B","Defend_B","Defend_B","Defend_B","Defend_B","Zap","Dualcast","Madness","Deep Breath","Reinforced Body","Machine Learning","Streamline"],"relics":["Cracked Core","MawBank"],"potions_floor_usage":[10,12,12],"damage_taken":[{"damage":3,"enemies":"2 Louse","floor":1,"turns":2},{"damage":6,"enemies":"Cultist","floor":2,"turns":4},{"damage":0,"enemies":"Small Slimes","floor":4,"turns":3},{"damage":8,"enemies":"Exordium Wildlife","floor":7,"turns":6},{"damage":11,"enemies":"Looter","floor":10,"turns":2},{"damage":9,"enemies":"3 Louse","floor":11,"turns":5},{"damage":2,"enemies":"Large Slime","floor":12,"turns":4},{"damage":22,"enemies":"Lots of Slimes","floor":14,"turns":4},{"damage":59,"enemies":"Hexaghost","floor":16,"turns":11}],"seed_played":"5485907691112416368","potions_obtained":[{"floor":7,"key":"AttackPotion"},{"floor":10,"key":"Fire Potion"},{"floor":11,"key":"Fire Potion"},{"floor":14,"key":"Fire Potion"}],"is_trial":false,"path_per_floor":["M","M","?","M","$","R","M","R","T","M","M","M","$","M","R","B"],"character_chosen":"DEFECT","items_purchased":["Machine Learning"],"campfire_rested":3,"item_purchase_floors":[5],"current_hp_per_floor":[47,41,41,41,41,63,55,75,75,64,55,53,53,31,53,0],"gold":76,"neow_bonus":"RANDOM_COLORLESS_2","is_prod":false,"is_daily":false,"chose_seed":false,"campfire_upgraded":0,"win_rate":0,"timestamp":1558150190,"path_taken":["M","M","?","M","$","R","M","R","T","M","M","M","?","M","R","BOSS"],"build_version":"2019-01-23","purchased_purges":1,"victory":false,"max_hp_per_floor":[75,75,75,75,75,75,75,75,75,75,75,75,75,75,75,75],"card_choices":[{"not_picked":["Chaos","Blizzard","Sweeping Beam"],"picked":"SKIP","floor":1},{"not_picked":["Conserve Battery","Gash"],"picked":"Reinforced Body","floor":2},{"not_picked":["Capacitor","Cold Snap","Tempest"],"picked":"SKIP","floor":4},{"not_picked":["Double Energy","Reinforced Body"],"picked":"Streamline","floor":7},{"not_picked":["Chaos","White Noise","Coolheaded"],"picked":"SKIP","floor":10},{"not_picked":["Reprogram","Stack","Hologram"],"picked":"SKIP","floor":11},{"not_picked":["Steam","Gash","Electrodynamics"],"picked":"SKIP","floor":12},{"not_picked":["Stack","Beam Cell","Blizzard"],"picked":"SKIP","floor":14}],"player_experience":612097,"relics_obtained":[{"floor":9,"key":"MawBank"}],"event_choices":[{"cards_removed":["Strike_B"],"damage_healed":0,"gold_gain":0,"player_choice":"Purged","damage_taken":0,"max_hp_gain":0,"max_hp_loss":0,"event_name":"Purifier","floor":3,"gold_loss":0}],"is_beta":false,"boss_relics":[],"items_purged_floors":[13],"is_endless":false,"potions_floor_spawned":[7,10,11,14],"killed_by":"Hexaghost","ascension_level":13}