{"gold_per_floor":[112,112,34,34,47,47,60,235,235,83,100,112,112,32,32,130,130,145,145,164,64,64,64,64,64,64,64,163,178,178,197,197,299,299,316,45,65,65,65,65,78,78,78,94,106,125,125,135,135,135],"floor_reached":50,"playtime":1534,"items_purged":["Doubt","Storm+1","Darkness+1"],"score":482,"play_id":"0480eaec-613e-454b-9503-104aa43299bc","local_time":"20190603150940","is_ascension_mode":false,"campfire_choices":[{"data":"White Noise","floor":6.0,"key":"SMITH"},{"data":"Sunder","floor":13.0,"key":"SMITH"},{"data":"Self Repair","floor":15.0,"key":"SMITH"},{"data":"Creative AI","floor":23.0,"key":"SMITH"},{"data":"Ghostly","floor":27.0,"key":"SMITH"},{"data":"Auto Shields","floor":32.0,"key":"SMITH"},{"data":"Hyperbeam","floor":40.0,"key":"SMITH"},{"floor":47.0,"key":"REST"},{"floor":49.0,"key":"REST"}],"neow_cost":"NONE","seed_source_timestamp":30473650408019,"circlet_count":0,"master_deck":["Strike_B+1","Defend_B","Defend_B+1","Defend_B","Defend_B","Zap","Dualcast","Hyperbeam+1","Auto Shields+1","White Noise+1","Beam Cell","FTL","Sunder+1","Self Repair+1","Melter","FTL","Creative AI+1","Ghostly+1","Ghostly","Ghostly","Ghostly","Ghostly","Streamline+1","Hyperbeam+1","Conserve Battery+1","Madness","Trip","Madness","Madness","Beam Cell","Double Energy+1","Go for the Eyes+1","Recycle+1"],"special_seed":0,"relics":["Astrolabe"],"potions_floor_usage":[50,50],"damage_taken":[{"damage":1.0,"enemies":"2 Louse","floor":1.0,"turns":2.0},{"damage":0.0,"enemies":"Small Slimes","floor":5.0,"turns":3.0},{"damage":0.0,"enemies":"Jaw Worm","floor":7.0,"turns":3.0},{"damage":2.0,"enemies":"Looter","floor":11.0,"turns":2.0},{"damage":0.0,"enemies":"Large Slime","floor":12.0,"turns":2.0},{"damage":7.0,"enemies":"Slime Boss","floor":16.0,"turns":9.0},{"damage":15.0,"enemies":"2 Thieves","floor":18.0,"turns":2.0},{"damage":0.0,"enemies":"Spheric Guardian","floor":20.0,"turns":1.0},{"damage":0.0,"enemies":"Snecko","floor":29.0,"turns":5.0},{"damage":3.0,"enemies":"Centurion and Healer","floor":31.0,"turns":5.0},{"damage":38.0,"enemies":"Automaton","floor":33.0,"turns":13.0},{"damage":8.0,"enemies":"Orb Walker","floor":35.0,"turns":6.0},{"damage":16.0,"enemies":"3 Darklings","floor":37.0,"turns":2.0},{"damage":3.0,"enemies":"Jaw Worm Horde","floor":41.0,"turns":6.0},{"damage":25.0,"enemies":"Maw","floor":44.0,"turns":9.0},{"damage":16.0,"enemies":"4 Shapes","floor":45.0,"turns":7.0},{"damage":1.0,"enemies":"Transient","floor":46.0,"turns":5.0},{"damage":41.0,"enemies":"Maw","floor":48.0,"turns":11.0},{"damage":41,"enemies":"Time Eater","floor":50,"turns":9}],"seed_played":"-4079014197975820566","potions_obtained":[{"floor":1.0,"key":"Weak Potion"},{"floor":7.0,"key":"Explosive Potion"},{"floor":16.0,"key":"PowerPotion"},{"floor":18.0,"key":"SkillPotion"},{"floor":29.0,"key":"Fruit Juice"},{"floor":35.0,"key":"SpeedPotion"},{"floor":37.0,"key":"Regen Potion"},{"floor":46.0,"key":"SkillPotion"}],"is_trial":false,"path_per_floor":["M","?","$","?","M","R","M","?","T","$","M","M","R","$","R","B",null,"M","?","M","$","?","R","?","?","T","R","?","M","?","M","R","B",null,"M","$","M","?","?","R","M","?","T","M","M","M","R","M","R","B"],"character_chosen":"DEFECT","items_purchased":["White Noise","Sunder","FTL","Conserve Battery","Madness"],"campfire_rested":2,"item_purchase_floors":[3,10,14,36,36],"current_hp_per_floor":[74,74,74,59,59,59,59,59,59,59,57,57,57,57,57,60,75,60,46,46,46,72,72,72,40,40,40,40,45,45,45,45,17,45,45,45,29,29,23,23,30,30,30,27,21,30,43,12,25,0],"gold":135,"neow_bonus":"BOSS_RELIC","is_prod":false,"is_daily":false,"chose_seed":false,"campfire_upgraded":7,"win_rate":0,"timestamp":1559567380,"path_taken":["M","?","$","?","M","R","M","?","T","$","M","M","R","?","R","BOSS","M","?","M","$","?","R","?","?","T","R","?","M","?","?","R","BOSS","M","$","M","?","?","R","M","?","T","M","M","?","R","M","R","BOSS"],"build_version":"2019-01-23","purchased_purges":3,"victory":false,"max_hp_per_floor":[75,75,75,75,75,75,75,75,75,75,75,75,75,75,75,75,75,75,80,80,80,80,80,80,40,40,40,40,45,45,45,45,45,45,45,45,45,45,45,45,45,45,45,45,45,45,45,45,45,45],"card_choices":[{"not_picked":["Hello World","Steam"],"picked":"Auto Shields","floor":1.0},{"not_picked":["Lockon","Skim"],"picked":"Beam Cell","floor":5.0},{"not_picked":["Scrape","Go for the Eyes"],"picked":"FTL","floor":7.0},{"not_picked":["Reprogram","Rebound"],"picked":"Self Repair","floor":11.0},{"not_picked":["Turbo","Rebound"],"picked":"Melter","floor":12.0},{"not_picked":["Multi-Cast","Electrodynamics"],"picked":"Creative AI","floor":16.0},{"not_picked":["Storm","Beam Cell","Coolheaded"],"picked":"SKIP","floor":18.0},{"not_picked":["Reprogram+1","Aggregate","Chaos+1"],"picked":"SKIP","floor":20.0},{"not_picked":["Rip and Tear","Gash"],"picked":"Streamline+1","floor":29.0},{"not_picked":["Barrage","Coolheaded","Cold Snap"],"picked":"SKIP","floor":31.0},{"not_picked":["Multi-Cast","All For One"],"picked":"Hyperbeam","floor":33.0},{"not_picked":["Barrage+1","Rebound+1","Leap"],"picked":"SKIP","floor":35.0},{"not_picked":["Stack","Leap","Blizzard+1"],"picked":"SKIP","floor":37.0},{"not_picked":["PanicButton","Panacea"],"picked":"Trip","floor":38.0},{"not_picked":["Turbo+1","Cold Snap"],"picked":"Beam Cell","floor":41.0},{"not_picked":["Chill","Hologram"],"picked":"Double Energy+1","floor":44.0},{"not_picked":["Rebound+1","Lockon+1","Loop"],"picked":"SKIP","floor":45.0},{"not_picked":["Rebound","Leap"],"picked":"Go for the Eyes+1","floor":46.0},{"not_picked":["White Noise+1","Blizzard+1"],"picked":"Recycle+1","floor":48.0}],"player_experience":292136,"relics_obtained":[],"event_choices":[{"damage_healed":0.0,"max_hp_gain":0.0,"max_hp_loss":0.0,"gold_gain":0.0,"event_name":"Scrap Ooze","player_choice":"Fled","floor":2.0,"gold_loss":0.0,"damage_taken":0.0},{"damage_healed":0.0,"max_hp_gain":0.0,"max_hp_loss":0.0,"gold_gain":0.0,"event_name":"Shining Light","player_choice":"Entered Light","floor":4.0,"gold_loss":0.0,"damage_taken":15.0,"cards_upgraded":["Defend_B","Strike_B"]},{"damage_healed":0.0,"max_hp_gain":0.0,"max_hp_loss":0.0,"gold_gain":175.0,"event_name":"Liars Game","player_choice":"AGREE","floor":8.0,"gold_loss":0.0,"damage_taken":0.0,"cards_obtained":["Doubt"]},{"damage_healed":0.0,"max_hp_gain":5.0,"max_hp_loss":0.0,"gold_gain":0.0,"event_name":"Forgotten Altar","player_choice":"Shed Blood","floor":19.0,"gold_loss":0.0,"damage_taken":19.0},{"damage_healed":26.0,"max_hp_gain":0.0,"max_hp_loss":0.0,"gold_gain":0.0,"event_name":"The Library","player_choice":"Heal","floor":22.0,"gold_loss":0.0,"damage_taken":0.0},{"damage_healed":0.0,"max_hp_gain":0.0,"max_hp_loss":0.0,"gold_gain":0.0,"event_name":"The Mausoleum","player_choice":"Ignored","floor":24.0,"gold_loss":0.0,"damage_taken":0.0},{"damage_healed":0.0,"max_hp_gain":0.0,"max_hp_loss":40.0,"gold_gain":0.0,"event_name":"Ghosts","player_choice":"Became a Ghost","floor":25.0,"gold_loss":0.0,"damage_taken":0.0,"cards_obtained":["Ghostly","Ghostly","Ghostly","Ghostly","Ghostly"]},{"damage_healed":0.0,"max_hp_gain":0.0,"max_hp_loss":0.0,"gold_gain":99.0,"event_name":"Nest","player_choice":"Stole From Cult","floor":28.0,"gold_loss":0.0,"damage_taken":0.0},{"damage_healed":0.0,"max_hp_gain":0.0,"max_hp_loss":0.0,"gold_gain":0.0,"event_name":"Vampires","player_choice":"Ignored","floor":30.0,"gold_loss":0.0,"damage_taken":0.0},{"damage_healed":0.0,"max_hp_gain":0.0,"max_hp_loss":0.0,"gold_gain":0.0,"event_name":"SensoryStone","player_choice":"Memory 1","floor":38.0,"gold_loss":0.0,"damage_taken":0.0},{"damage_healed":0.0,"max_hp_gain":0.0,"max_hp_loss":0.0,"gold_gain":0.0,"event_name":"Winding Halls","player_choice":"Embrace Madness","floor":39.0,"gold_loss":0.0,"damage_taken":6.0,"cards_obtained":["Madness","Madness"]},{"damage_healed":0.0,"max_hp_gain":0.0,"max_hp_loss":0.0,"gold_gain":0.0,"event_name":"Accursed Blacksmith","player_choice":"Forge","floor":42.0,"gold_loss":0.0,"damage_taken":0.0,"cards_upgraded":["Conserve Battery"]}],"is_beta":false,"boss_relics":[{"not_picked":["Pandora\u0027s Box","Runic Dome","Eternal Feather"]},{"not_picked":["Empty Cage","Lizard Tail","Tiny House"]}],"items_purged_floors":[10,21,36],"is_endless":false,"potions_floor_spawned":[1,7,16,18,29,35,37,46],"killed_by":"Time Eater","ascension_level":0}