{"gold_per_floor":[113,37,56,56,6,6,106,106,106,106,117,117,131,145,145,145],"floor_reached":16,"playtime":1281,"items_purged":[],"score":104,"play_id":"3488405f-3646-4645-bd33-831022946e21","local_time":"20190427235829","is_ascension_mode":true,"campfire_choices":[{"data":"Fusion","floor":6,"key":"SMITH"},{"data":"Capacitor","floor":8,"key":"SMITH"},{"data":"Zap","floor":10,"key":"SMITH"},{"floor":12,"key":"REST"},{"floor":15,"key":"REST"}],"neow_cost":"NONE","seed_source_timestamp":1088072256622589,"circlet_count":0,"master_deck":["Strike_B","Strike_B","Strike_B","Defend_B","Defend_B","Defend_B","Defend_B","Zap+1","Dualcast","Redo","Capacitor+1","Fusion+1","Genetic Algorithm","Sweeping Beam"],"relics":["Lizard Tail","Cables","Frozen Egg 2"],"potions_floor_usage":[14],"damage_taken":[{"damage":1,"enemies":"Cultist","floor":1,"turns":4},{"damage":10,"enemies":"Small Slimes","floor":3,"turns":3},{"damage":6,"enemies":"2 Louse","floor":11,"turns":3},{"damage":39,"enemies":"Exordium Thugs","floor":13,"turns":8},{"damage":6,"enemies":"Looter","floor":14,"turns":4},{"damage":91,"enemies":"Hexaghost","floor":16,"turns":12}],"seed_played":"-5582295102179751460","potions_obtained":[{"floor":3,"key":"FocusPotion"},{"floor":13,"key":"Explosive Potion"}],"is_trial":false,"path_per_floor":["M","$","M","?","?","R","?","R","T","R","M","R","M","M","R","B"],"character_chosen":"DEFECT","items_purchased":["Capacitor"],"campfire_rested":2,"item_purchase_floors":[2],"current_hp_per_floor":[74,74,64,61,61,61,61,61,61,61,55,75,36,30,52,0],"gold":145,"neow_bonus":"BOSS_RELIC","is_prod":false,"is_daily":false,"chose_seed":false,"campfire_upgraded":3,"win_rate":0,"timestamp":1556434709,"path_taken":["M","$","M","?","?","R","?","R","T","R","M","R","M","?","R","BOSS"],"build_version":"2019-01-23","purchased_purges":0,"victory":false,"max_hp_per_floor":[75,75,75,75,75,75,75,75,75,75,75,75,75,75,75,75],"card_choices":[{"not_picked":["Streamline","Redo","Reprogram"],"picked":"SKIP","floor":1},{"not_picked":["Streamline","Reprogram"],"picked":"Redo","floor":1},{"not_picked":["Lockon","Scrape"],"picked":"Fusion","floor":3},{"not_picked":["Turbo","Coolheaded"],"picked":"Genetic Algorithm","floor":11},{"not_picked":["Beam Cell","Turbo"],"picked":"Sweeping Beam","floor":13},{"not_picked":["Turbo","Reprogram","Gash"],"picked":"SKIP","floor":14}],"player_experience":148598,"relics_obtained":[{"floor":9,"key":"Frozen Egg 2"}],"event_choices":[{"damage_healed":0,"gold_gain":0,"player_choice":"Success","damage_taken":3,"relics_obtained":["Cables"],"max_hp_gain":0,"max_hp_loss":0,"event_name":"Scrap Ooze","floor":4,"gold_loss":0},{"cards_removed":["Strike_B"],"damage_healed":0,"gold_gain":0,"player_choice":"Card Removal","damage_taken":0,"max_hp_gain":0,"max_hp_loss":0,"event_name":"The Cleric","floor":5,"gold_loss":50},{"damage_healed":0,"gold_gain":100,"player_choice":"Pray","damage_taken":0,"max_hp_gain":0,"max_hp_loss":0,"event_name":"Golden Shrine","floor":7,"gold_loss":0}],"is_beta":false,"boss_relics":[],"items_purged_floors":[],"is_endless":false,"potions_floor_spawned":[3,13],"killed_by":"Hexaghost","ascension_level":3}