{"gold_per_floor":[119,119,133,133,148,148,189,189,189,15,40,40,60,101,101,225,225,225,225,225,225,225,225,225,225,225,225,225,225,225,225,225,225,225,225,225,225,225,225,225,225,225,225,225,225,225,225,225,225,225],"floor_reached":51,"playtime":4336,"items_purged":[],"score":1279,"play_id":"1cc20275-a836-412d-b130-d42f9488ab52","local_time":"20190328023503","is_ascension_mode":true,"campfire_choices":[{"data":"Bash","floor":6,"key":"SMITH"},{"data":"Battle Trance","floor":8,"key":"SMITH"},{"data":"Anger","floor":12,"key":"SMITH"},{"data":"Flame Barrier","floor":15,"key":"SMITH"},{"data":"Limit Break","floor":23,"key":"SMITH"},{"data":"Limit Break","floor":25,"key":"SMITH"},{"data":"Flex","floor":32,"key":"SMITH"},{"data":"Flex","floor":45,"key":"SMITH"},{"data":"Shrug It Off","floor":47,"key":"SMITH"},{"data":"Havoc","floor":49,"key":"SMITH"}],"neow_cost":"NONE","seed_source_timestamp":438759711511214,"circlet_count":0,"master_deck":["Strike_R+1","Strike_R+1","Defend_R+1","Defend_R+1","Defend_R+1","Defend_R+1","Bash+1","Havoc+1","Reckless Charge","Anger+1","Battle Trance+1","Shrug It Off+1","Limit Break+1","Shrug It Off+1","Flame Barrier+1","Limit Break+1","Shrug It Off+1","Anger+1","Flex+1","Inflame+1","Whirlwind","Flex+1","Pommel Strike+1","Flex+1","Flex+1","Anger+1","Trip","Inflame+1","Shrug It Off+1","Thunderclap+1","Evolve"],"relics":["Burning Blood","Golden Idol","Kunai","Bag of Preparation","War Paint","Mango","Ectoplasm","Nilry\u0027s Codex","Bronze Scales","Question Card","FossilizedHelix","Orichalcum","Mark of Pain","Bird Faced Urn","Ancient Tea Set","Vajra","PreservedInsect","Ornamental Fan","Lantern"],"potions_floor_usage":[7,14,16,27,30,50,50,50],"damage_taken":[{"damage":15,"enemies":"Jaw Worm","floor":1,"turns":6},{"damage":7,"enemies":"Small Slimes","floor":3,"turns":3},{"damage":1,"enemies":"Cultist","floor":5,"turns":3},{"damage":22,"enemies":"3 Sentries","floor":7,"turns":5},{"damage":5,"enemies":"Exordium Wildlife","floor":11,"turns":3},{"damage":3,"enemies":"Large Slime","floor":13,"turns":5},{"damage":17,"enemies":"Lagavulin","floor":14,"turns":5},{"damage":24,"enemies":"Slime Boss","floor":16,"turns":12},{"damage":0,"enemies":"3 Byrds","floor":18,"turns":1},{"damage":9,"enemies":"Shell Parasite","floor":21,"turns":4},{"damage":0,"enemies":"Snecko","floor":22,"turns":5},{"damage":0,"enemies":"Gremlin Leader","floor":24,"turns":6},{"damage":16,"enemies":"Book of Stabbing","floor":27,"turns":4},{"damage":0,"enemies":"Chosen and Byrds","floor":29,"turns":4},{"damage":25,"enemies":"Slavers","floor":30,"turns":4},{"damage":0,"enemies":"3 Cultists","floor":31,"turns":2},{"damage":20,"enemies":"Champ","floor":33,"turns":4},{"damage":9,"enemies":"3 Darklings","floor":35,"turns":5},{"damage":0,"enemies":"Mind Bloom Boss Battle","floor":36,"turns":3},{"damage":0,"enemies":"Orb Walker","floor":38,"turns":2},{"damage":0,"enemies":"Nemesis","floor":40,"turns":3},{"damage":0,"enemies":"Giant Head","floor":42,"turns":5},{"damage":0,"enemies":"Nemesis","floor":44,"turns":5},{"damage":0,"enemies":"Transient","floor":46,"turns":5},{"damage":0,"enemies":"Maw","floor":48,"turns":5},{"damage":46,"enemies":"Awakened One","floor":50,"turns":6}],"seed_played":"1876686454657730530","potions_obtained":[{"floor":1,"key":"AttackPotion"},{"floor":3,"key":"SteroidPotion"},{"floor":5,"key":"LiquidBronze"},{"floor":13,"key":"GamblersBrew"},{"floor":14,"key":"FearPotion"},{"floor":22,"key":"Swift Potion"},{"floor":27,"key":"Poison Potion"},{"floor":29,"key":"Dexterity Potion"},{"floor":35,"key":"Block Potion"},{"floor":36,"key":"Swift Potion"},{"floor":38,"key":"PowerPotion"}],"is_trial":false,"path_per_floor":["M","?","M","?","M","R","E","R","T","$","M","R","M","E","R","B",null,"M","?","?","M","M","R","E","R","T","E","?","M","E","M","R","B",null,"M","?","?","M","?","E","T","E","T","E","R","M","R","M","R","B",null],"character_chosen":"IRONCLAD","items_purchased":["Shrug It Off","War Paint"],"campfire_rested":0,"item_purchase_floors":[10,10],"current_hp_per_floor":[63,56,55,55,60,60,44,44,44,44,45,45,48,51,51,33,74,80,80,64,61,67,67,73,73,73,63,63,69,50,56,56,42,77,74,80,80,88,88,88,88,88,88,88,88,88,88,88,88,52],"gold":225,"neow_bonus":"THREE_CARDS","is_prod":false,"is_daily":false,"chose_seed":false,"campfire_upgraded":10,"win_rate":0,"timestamp":1553754903,"path_taken":["M","?","M","?","M","R","E","R","T","?","?","R","M","E","R","BOSS","M","?","?","M","M","R","E","R","T","E","?","?","E","M","R","BOSS","M","?","?","M","?","E","?","E","T","E","R","?","R","M","R","BOSS"],"build_version":"2019-01-23","purchased_purges":0,"victory":true,"max_hp_per_floor":[80,80,80,74,74,74,74,74,74,74,74,74,74,88,88,88,88,88,88,88,88,88,88,88,88,88,88,88,88,88,88,88,88,88,88,88,88,88,88,88,88,88,88,88,88,88,88,88,88,88],"card_choices":[{"not_picked":["Sever Soul","Heavy Blade"],"picked":"Havoc","floor":0},{"not_picked":["Sever Soul","Power Through"],"picked":"Reckless Charge","floor":1},{"not_picked":["Corruption","Fire Breathing","Warcry"],"picked":"SKIP","floor":3},{"not_picked":["Shockwave","Twin Strike"],"picked":"Anger","floor":5},{"not_picked":["Sword Boomerang","Twin Strike"],"picked":"Battle Trance","floor":7},{"not_picked":["Intimidate","Headbutt"],"picked":"Limit Break","floor":11},{"not_picked":["Cleave","Dropkick"],"picked":"Shrug It Off","floor":13},{"not_picked":["Intimidate","Second Wind"],"picked":"Flame Barrier","floor":14},{"not_picked":["Reaper","Juggernaut"],"picked":"Limit Break","floor":16},{"not_picked":["Anger","Iron Wave"],"picked":"Shrug It Off+1","floor":18},{"not_picked":["Clothesline","Rage"],"picked":"Anger+1","floor":21},{"not_picked":["Cleave","Bloodletting"],"picked":"Flex+1","floor":22},{"not_picked":["Clash","Thunderclap+1"],"picked":"Inflame+1","floor":24},{"not_picked":["Havoc+1","Sever Soul","Twin Strike"],"picked":"Whirlwind","floor":27},{"not_picked":["Immolate","True Grit","Combust"],"picked":"Flex","floor":29},{"not_picked":["Battle Trance","Anger","Metallicize+1"],"picked":"Pommel Strike+1","floor":30},{"not_picked":["Pommel Strike","Power Through","Warcry"],"picked":"Flex","floor":31},{"not_picked":["Cleave+1","Blood for Blood","Clash+1"],"picked":"Flex+1","floor":35},{"not_picked":["Intimidate","Wild Strike","Spot Weakness"],"picked":"Anger+1","floor":36},{"not_picked":["Metamorphosis","Discovery","Mind Blast"],"picked":"Trip","floor":37},{"not_picked":["Dropkick+1","Sentinel","Intimidate+1"],"picked":"Inflame+1","floor":38},{"not_picked":["Dual Wield+1","Second Wind","Intimidate+1"],"picked":"Shrug It Off+1","floor":40},{"not_picked":["Seeing Red","Disarm+1","Infernal Blade","Armaments"],"picked":"SKIP","floor":42},{"not_picked":["Havoc+1","Bludgeon","Flex","Dual Wield"],"picked":"SKIP","floor":44},{"not_picked":["Combust","Iron Wave+1","Havoc+1"],"picked":"Thunderclap+1","floor":46},{"not_picked":["Warcry","Dropkick","Hemokinesis"],"picked":"Evolve","floor":48}],"player_experience":264247,"relics_obtained":[{"floor":7,"key":"Kunai"},{"floor":9,"key":"Bag of Preparation"},{"floor":14,"key":"Mango"},{"floor":20,"key":"Nilry\u0027s Codex"},{"floor":24,"key":"Bronze Scales"},{"floor":26,"key":"Question Card"},{"floor":27,"key":"FossilizedHelix"},{"floor":30,"key":"Orichalcum"},{"floor":36,"key":"Bird Faced Urn"},{"floor":40,"key":"Ancient Tea Set"},{"floor":41,"key":"Vajra"},{"floor":42,"key":"PreservedInsect"},{"floor":43,"key":"Ornamental Fan"},{"floor":44,"key":"Lantern"}],"event_choices":[{"cards_removed":["Strike_R"],"damage_healed":0,"gold_gain":0,"player_choice":"Card Removal","damage_taken":7,"max_hp_gain":0,"max_hp_loss":0,"event_name":"Golden Wing","floor":2,"gold_loss":0},{"damage_healed":0,"gold_gain":0,"player_choice":"Lose Max HP","damage_taken":0,"relics_obtained":["Golden Idol"],"max_hp_gain":0,"max_hp_loss":6,"event_name":"Golden Idol","floor":4,"gold_loss":0},{"damage_healed":0,"gold_gain":0,"player_choice":"Simplicity","damage_taken":0,"max_hp_gain":0,"max_hp_loss":0,"event_name":"Back to Basics","floor":19,"gold_loss":0,"cards_upgraded":["Strike_R","Strike_R","Strike_R","Strike_R","Defend_R","Defend_R","Defend_R"]},{"damage_healed":0,"gold_gain":0,"player_choice":"Obtained Book","damage_taken":16,"max_hp_gain":0,"max_hp_loss":0,"event_name":"Cursed Tome","floor":20,"gold_loss":0},{"cards_removed":["Strike_R"],"damage_healed":0,"gold_gain":0,"player_choice":"Offered Basic","damage_taken":0,"max_hp_gain":0,"max_hp_loss":0,"event_name":"Bonfire Elementals","floor":28,"gold_loss":0},{"damage_healed":0,"gold_gain":0,"player_choice":"Fight","damage_taken":0,"max_hp_gain":0,"max_hp_loss":0,"event_name":"MindBloom","floor":36,"gold_loss":0},{"damage_healed":0,"gold_gain":0,"player_choice":"Memory 1","damage_taken":0,"max_hp_gain":0,"max_hp_loss":0,"event_name":"SensoryStone","floor":37,"gold_loss":0},{"cards_removed":["Strike_R"],"damage_healed":0,"gold_gain":0,"player_choice":"Removed Attack","damage_taken":0,"max_hp_gain":0,"max_hp_loss":0,"event_name":"Falling","floor":39,"gold_loss":0}],"is_beta":false,"boss_relics":[{"not_picked":["White Beast Statue","Runic Pyramid"],"picked":"Ectoplasm"},{"not_picked":["Pandora\u0027s Box","Busted Crown"],"picked":"Mark of Pain"}],"items_purged_floors":[],"is_endless":false,"potions_floor_spawned":[1,3,5,13,14,22,24,27,29,35,36,38],"ascension_level":8}