{"gold_per_floor":[118,133,133,63,83,83,101,115,142,158,227,242,242,17,17,17],"floor_reached":16,"playtime":1281,"items_purged":["Strike_B"],"score":155,"play_id":"aafbc256-ff0e-4e0b-a301-36b93fdfced6","local_time":"20190516205820","is_ascension_mode":true,"campfire_choices":[{"data":"Reinforced Body","floor":6,"key":"SMITH"},{"floor":15,"key":"REST"}],"neow_cost":"NONE","seed_source_timestamp":641661634586361,"circlet_count":0,"master_deck":["AscendersBane","Strike_B","Strike_B","Defend_B","Defend_B","Defend_B","Defend_B","Zap","Dualcast","Genetic Algorithm","Reprogram","Reinforced Body+1","Go for the Eyes","Machine Learning"],"relics":["Cracked Core","NeowsBlessing","Pen Nib","Blue Candle","Orichalcum"],"potions_floor_usage":[7,16],"damage_taken":[{"damage":0,"enemies":"Jaw Worm","floor":1,"turns":1},{"damage":0,"enemies":"Cultist","floor":2,"turns":1},{"damage":0,"enemies":"Small Slimes","floor":5,"turns":1},{"damage":11,"enemies":"Blue Slaver","floor":7,"turns":4},{"damage":12,"enemies":"Exordium Thugs","floor":8,"turns":8},{"damage":0,"enemies":"2 Fungi Beasts","floor":10,"turns":4},{"damage":8,"enemies":"Blue Slaver","floor":12,"turns":4},{"damage":66,"enemies":"Slime Boss","floor":16,"turns":8}],"seed_played":"7564074449302142686","potions_obtained":[{"floor":2,"key":"PowerPotion"},{"floor":12,"key":"SkillPotion"}],"is_trial":false,"path_per_floor":["M","M","?","$","M","R","M","M","T","M","T","M","$","$","R","B"],"character_chosen":"DEFECT","items_purchased":["Reinforced Body","Orichalcum"],"campfire_rested":1,"item_purchase_floors":[4,14],"current_hp_per_floor":[68,68,68,68,68,68,57,45,45,45,45,37,37,37,59,0],"gold":17,"neow_bonus":"THREE_ENEMY_KILL","is_prod":false,"is_daily":false,"chose_seed":false,"campfire_upgraded":1,"win_rate":0,"timestamp":1558065500,"path_taken":["M","M","?","$","?","R","M","M","T","M","?","M","?","$","R","BOSS"],"build_version":"2019-01-23","purchased_purges":1,"victory":false,"max_hp_per_floor":[75,75,75,75,75,75,75,75,75,75,75,75,75,75,75,75],"card_choices":[{"not_picked":["Rebound","Sweeping Beam"],"picked":"Genetic Algorithm","floor":1},{"not_picked":["Compile Driver","Steam","Coolheaded"],"picked":"SKIP","floor":2},{"not_picked":["Leap","Ball Lightning"],"picked":"Go for the Eyes","floor":5},{"not_picked":["Sunder","Gash","Loop"],"picked":"SKIP","floor":7},{"not_picked":["Streamline","Leap"],"picked":"Machine Learning","floor":8},{"not_picked":["Barrage","Ball Lightning","Undo"],"picked":"SKIP","floor":10},{"not_picked":["Chaos","Streamline","Lockon"],"picked":"SKIP","floor":12}],"player_experience":603246,"relics_obtained":[{"floor":9,"key":"Pen Nib"},{"floor":11,"key":"Blue Candle"}],"event_choices":[{"damage_healed":0,"gold_gain":0,"cards_transformed":["Strike_B"],"player_choice":"Transformed","damage_taken":0,"max_hp_gain":0,"max_hp_loss":0,"event_name":"Transmorgrifier","floor":3,"gold_loss":0,"cards_obtained":["Reprogram"]}],"is_beta":false,"boss_relics":[],"items_purged_floors":[14],"is_endless":false,"potions_floor_spawned":[2,12],"killed_by":"Slime Boss","ascension_level":13}