{"gold_per_floor":[109,121,133,153,78,106,106,120,120,120,150,150,150,167,167,264,264,280,379,379,379,379,379,399,432,455,201,201,46,57,57,57,159,159,173,185,185,60,0,20,38,38,85,185,196,196,196,212,212,212],"floor_reached":51,"playtime":1853,"items_purged":["Strike_G","Regret","Grand Finale"],"score":740,"play_id":"dcfbe29a-a770-47d1-a6f9-3f5ea6d60869","local_time":"20190319014949","is_ascension_mode":false,"campfire_choices":[{"data":"Riddle With Holes","floor":7,"key":"SMITH"},{"floor":10,"key":"REST"},{"data":"Dash","floor":13,"key":"SMITH"},{"data":"Footwork","floor":15,"key":"SMITH"},{"data":"Deadly Poison","floor":23,"key":"SMITH"},{"floor":28,"key":"REST"},{"data":"Noxious Fumes","floor":32,"key":"SMITH"},{"data":"Adrenaline","floor":42,"key":"SMITH"},{"data":"Footwork","floor":47,"key":"SMITH"},{"data":"Catalyst","floor":49,"key":"SMITH"}],"neow_cost":"NONE","seed_source_timestamp":446967608658087,"circlet_count":0,"master_deck":["Defend_G","Defend_G","Defend_G","Defend_G","Defend_G","Survivor","Neutralize","Dagger Spray","Riddle With Holes+1","Dash+1","Deadly Poison+1","Backstab","Footwork+1","Corpse Explosion","Prepared+1","Blur","Poisoned Stab","Noxious Fumes+1","Injury","Adrenaline+1","Deadly Poison+1","Caltrops+1","Backflip+1","Deadly Poison+1","Bouncing Flask+1","Madness","Madness","Leg Sweep+1","Footwork+1","Backstab+1","Finesse","Panacea","Finesse","Catalyst+1"],"relics":["Ring of the Snake","Vajra","Art of War","Matryoshka","Darkstone Periapt","Cursed Key","Enchiridion","Letter Opener","Question Card","Pen Nib","Blood Vial","Happy Flower","Omamori","Pear","Astrolabe","Red Mask","Oddly Smooth Stone","Ice Cream"],"potions_floor_usage":[6,33,50,50],"damage_taken":[{"damage":2,"enemies":"Jaw Worm","floor":1,"turns":3},{"damage":2,"enemies":"2 Louse","floor":2,"turns":2},{"damage":8,"enemies":"Small Slimes","floor":3,"turns":2},{"damage":2,"enemies":"2 Fungi Beasts","floor":4,"turns":2},{"damage":4,"enemies":"Gremlin Nob","floor":6,"turns":3},{"damage":15,"enemies":"Large Slime","floor":8,"turns":7},{"damage":1,"enemies":"Exordium Thugs","floor":14,"turns":4},{"damage":11,"enemies":"The Guardian","floor":16,"turns":15},{"damage":0,"enemies":"Chosen","floor":18,"turns":4},{"damage":4,"enemies":"Shell Parasite","floor":24,"turns":3},{"damage":25,"enemies":"Gremlin Leader","floor":25,"turns":5},{"damage":4,"enemies":"Sentry and Sphere","floor":30,"turns":5},{"damage":53,"enemies":"Collector","floor":33,"turns":9},{"damage":2,"enemies":"Orb Walker","floor":35,"turns":3},{"damage":0,"enemies":"3 Darklings","floor":36,"turns":2},{"damage":0,"enemies":"Maw","floor":40,"turns":6},{"damage":5,"enemies":"Writhing Mass","floor":41,"turns":5},{"damage":0,"enemies":"Mind Bloom Boss Battle","floor":44,"turns":7},{"damage":10,"enemies":"Jaw Worm Horde","floor":45,"turns":3},{"damage":0,"enemies":"3 Darklings","floor":48,"turns":4},{"damage":52,"enemies":"Awakened One","floor":50,"turns":14}],"seed_played":"9207210572628619483","potions_obtained":[{"floor":3,"key":"AttackPotion"},{"floor":14,"key":"Explosive Potion"},{"floor":16,"key":"SpeedPotion"},{"floor":18,"key":"SpeedPotion"},{"floor":25,"key":"FearPotion"},{"floor":36,"key":"EssenceOfSteel"},{"floor":40,"key":"EssenceOfSteel"}],"is_trial":false,"path_per_floor":["M","M","M","M","$","E","R","M","T","R","?","?","R","M","R","B",null,"M","?","?","?","?","R","M","E","T","$","R","$","M","T","R","B",null,"M","M","?","$","?","M","M","R","T","?","M","?","R","M","R","B",null],"character_chosen":"THE_SILENT","items_purchased":["Blood Vial","Happy Flower"],"campfire_rested":2,"item_purchase_floors":[27,29],"current_hp_per_floor":[68,66,58,56,56,52,52,37,37,58,58,63,63,62,62,51,75,75,75,61,61,45,45,41,16,22,22,47,47,45,61,61,10,102,100,102,89,89,89,91,88,88,88,90,82,72,72,74,74,24],"gold":212,"neow_bonus":"RANDOM_COMMON_RELIC","is_prod":false,"is_daily":false,"chose_seed":false,"campfire_upgraded":8,"win_rate":0,"timestamp":1552927789,"path_taken":["M","M","M","M","$","E","R","M","T","R","?","?","R","M","R","BOSS","M","?","?","?","?","R","M","E","T","$","R","$","M","?","R","BOSS","M","M","?","$","?","M","M","R","T","?","M","?","R","M","R","BOSS"],"build_version":"2019-01-23","purchased_purges":3,"victory":true,"max_hp_per_floor":[70,70,70,70,70,70,70,70,70,70,70,75,75,75,75,75,75,75,75,80,80,80,80,80,80,86,86,86,86,86,102,102,102,102,102,102,102,102,102,102,102,102,102,102,102,102,102,102,102,102],"card_choices":[{"not_picked":["Blade Dance","Eviscerate"],"picked":"Dagger Spray","floor":1},{"not_picked":["Underhanded Strike","Storm of Steel"],"picked":"Riddle With Holes","floor":2},{"not_picked":["Flying Knee","Riddle With Holes"],"picked":"Dash","floor":3},{"not_picked":["Finisher","Predator"],"picked":"Deadly Poison","floor":4},{"not_picked":["Storm of Steel","Blade Dance"],"picked":"Concentrate","floor":6},{"not_picked":["Flying Knee","Cloak And Dagger"],"picked":"Backstab","floor":8},{"not_picked":["Noxious Fumes","Heel Hook"],"picked":"Footwork","floor":14},{"not_picked":["Phantasmal Killer","Bullet Time"],"picked":"Corpse Explosion","floor":16},{"not_picked":["Acrobatics","PiercingWail"],"picked":"Prepared+1","floor":18},{"not_picked":["Sucker Punch","Underhanded Strike"],"picked":"Poisoned Stab","floor":24},{"not_picked":["Finisher+1","Caltrops"],"picked":"Noxious Fumes","floor":25},{"not_picked":["Outmaneuver","Slice","Masterful Stab+1","Sucker Punch"],"picked":"SKIP","floor":30},{"not_picked":["Bullet Time","Wraith Form v2","Burst"],"picked":"Adrenaline","floor":33},{"not_picked":["Slice+1","Poisoned Stab","Bane+1"],"picked":"Deadly Poison+1","floor":35},{"not_picked":["Outmaneuver","Footwork+1","Dagger Throw"],"picked":"Bouncing Flask+1","floor":36},{"not_picked":["Flying Knee+1","Tactician","Cloak And Dagger"],"picked":"Leg Sweep+1","floor":40},{"not_picked":["Caltrops","Skewer+1","Noxious Fumes"],"picked":"Footwork","floor":41},{"not_picked":["Deflect+1","Backflip","Acrobatics+1"],"picked":"Backstab+1","floor":44},{"not_picked":["Predator+1","Envenom","Blade Dance","Prepared"],"picked":"SKIP","floor":45},{"not_picked":["Transmutation","Bandage Up","PanicButton"],"picked":"Finesse","floor":46},{"not_picked":["PanicButton","Purity","Swift Strike"],"picked":"Panacea","floor":46},{"not_picked":["Purity","Mind Blast","Jack Of All Trades"],"picked":"Finesse","floor":46},{"not_picked":["Blade Dance+1","Dagger Throw+1","Slice"],"picked":"Catalyst","floor":48}],"player_experience":316073,"relics_obtained":[{"floor":6,"key":"Art of War"},{"floor":9,"key":"Matryoshka"},{"floor":22,"key":"Enchiridion"},{"floor":25,"key":"Letter Opener"},{"floor":26,"key":"Question Card"},{"floor":26,"key":"Pen Nib"},{"floor":31,"key":"Omamori"},{"floor":31,"key":"Pear"},{"floor":43,"key":"Oddly Smooth Stone"},{"floor":44,"key":"Ice Cream"}],"event_choices":[{"damage_healed":0,"gold_gain":30,"player_choice":"Searched \u00273\u0027 times","damage_taken":0,"relics_obtained":["Darkstone Periapt"],"max_hp_gain":0,"max_hp_loss":0,"event_name":"Dead Adventurer","floor":11,"gold_loss":0},{"damage_healed":0,"gold_gain":0,"player_choice":"Donut","damage_taken":0,"max_hp_gain":5,"max_hp_loss":0,"event_name":"Big Fish","floor":12,"gold_loss":0},{"damage_healed":0,"gold_gain":99,"player_choice":"Stole From Cult","damage_taken":0,"max_hp_gain":0,"max_hp_loss":0,"event_name":"Nest","floor":19,"gold_loss":0},{"damage_healed":0,"gold_gain":0,"player_choice":"Shed Blood","damage_taken":19,"max_hp_gain":5,"max_hp_loss":0,"event_name":"Forgotten Altar","floor":20,"gold_loss":0},{"damage_healed":0,"gold_gain":0,"cards_transformed":["Concentrate","Strike_G"],"player_choice":"Became Test Subject","damage_taken":0,"max_hp_gain":0,"max_hp_loss":0,"event_name":"Drug Dealer","floor":21,"gold_loss":0,"cards_obtained":["Grand Finale","Blur"]},{"damage_healed":0,"gold_gain":0,"player_choice":"Obtained Book","damage_taken":16,"max_hp_gain":0,"max_hp_loss":0,"event_name":"Cursed Tome","floor":22,"gold_loss":0},{"damage_healed":0,"gold_gain":0,"player_choice":"Embrace Madness","damage_taken":13,"max_hp_gain":0,"max_hp_loss":0,"event_name":"Winding Halls","floor":37,"gold_loss":0,"cards_obtained":["Madness","Madness"]},{"damage_healed":0,"gold_gain":0,"player_choice":"Paid","damage_taken":0,"relics_obtained":["Red Mask"],"max_hp_gain":0,"max_hp_loss":0,"event_name":"Tomb of Lord Red Mask","floor":39,"gold_loss":60},{"damage_healed":0,"gold_gain":0,"player_choice":"Fight","damage_taken":0,"max_hp_gain":0,"max_hp_loss":0,"event_name":"MindBloom","floor":44,"gold_loss":0},{"damage_healed":0,"gold_gain":0,"player_choice":"Memory 3","damage_taken":10,"max_hp_gain":0,"max_hp_loss":0,"event_name":"SensoryStone","floor":46,"gold_loss":0}],"is_beta":false,"boss_relics":[{"not_picked":["White Beast Statue","Fusion Hammer"],"picked":"Cursed Key"},{"not_picked":["Pandora\u0027s Box","Eternal Feather"],"picked":"Astrolabe"}],"items_purged_floors":[5,27,38],"is_endless":false,"potions_floor_spawned":[3,14,16,18,25,30,36,40,45],"ascension_level":0}