{"gold_per_floor":[218,218,15,26,46,46,78,78,78,105,105,119,147,147,147,246,246,262,18,18,18,33,33,33],"floor_reached":24,"playtime":1374,"items_purged":[],"score":276,"play_id":"5ee74f84-ace5-4d92-9bf0-f2b9de1167ed","local_time":"20190531024239","is_ascension_mode":true,"campfire_choices":[{"data":"Cold Snap","floor":6.0,"key":"SMITH"},{"floor":8.0,"key":"REST"},{"floor":11.0,"key":"REST"},{"data":"Streamline","floor":15.0,"key":"SMITH"},{"floor":23,"key":"REST"}],"neow_cost":"NONE","seed_source_timestamp":151132476405000,"circlet_count":0,"master_deck":["Strike_B","Strike_B","Strike_B","Strike_B","Defend_B","Defend_B","Defend_B","Zap","Dualcast","Cold Snap+1","Conserve Battery","Streamline+1","Coolheaded","Undo","Turbo","Buffer","Seek","Turbo+1","Decay","Writhe"],"special_seed":0,"relics":["Cracked Core","Strange Spoon","Bird Faced Urn","Thread and Needle","Torii","Kunai","Runic Capacitor","FossilizedHelix"],"potions_floor_usage":[22],"damage_taken":[{"damage":0.0,"enemies":"2 Louse","floor":1.0,"turns":3.0},{"damage":0.0,"enemies":"Small Slimes","floor":4.0,"turns":3.0},{"damage":5.0,"enemies":"Jaw Worm","floor":5.0,"turns":3.0},{"damage":28.0,"enemies":"Gremlin Nob","floor":7.0,"turns":4.0},{"damage":17.0,"enemies":"3 Sentries","floor":10.0,"turns":10.0},{"damage":2.0,"enemies":"Gremlin Gang","floor":12.0,"turns":4.0},{"damage":8.0,"enemies":"Lagavulin","floor":13.0,"turns":8.0},{"damage":21.0,"enemies":"Slime Boss","floor":16.0,"turns":10.0},{"damage":19.0,"enemies":"Shell Parasite","floor":18.0,"turns":8.0},{"damage":9,"enemies":"2 Thieves","floor":22,"turns":5},{"damage":59,"enemies":"Slavers","floor":24,"turns":3}],"seed_played":"-7080625108432308286","potions_obtained":[{"floor":5.0,"key":"LiquidBronze"},{"floor":12.0,"key":"FearPotion"},{"floor":13.0,"key":"Poison Potion"}],"is_trial":false,"path_per_floor":["M","?","$","M","M","R","E","R","T","E","R","M","E","$","R","B",null,"M","$","?","?","M","R","E"],"character_chosen":"DEFECT","items_purchased":["Strange Spoon","Runic Capacitor","Fire Potion"],"campfire_rested":3,"item_purchase_floors":[3,19,19],"current_hp_per_floor":[68,61,61,61,56,56,28,50,50,33,55,53,45,45,45,26,63,44,44,44,44,35,57,0],"gold":33,"neow_bonus":"HUNDRED_GOLD","is_prod":false,"is_daily":false,"chose_seed":false,"campfire_upgraded":2,"win_rate":0,"timestamp":1559295759,"path_taken":["M","?","$","M","M","R","E","R","T","E","R","M","E","$","R","BOSS","M","$","?","?","M","R","E"],"build_version":"2019-01-23","purchased_purges":0,"victory":false,"max_hp_per_floor":[75,75,75,75,75,75,75,75,75,75,75,75,75,75,75,75,75,75,75,75,75,75,75,75],"card_choices":[{"not_picked":["Compile Driver","Redo"],"picked":"Cold Snap","floor":1.0},{"not_picked":["Double Energy","Chaos"],"picked":"Conserve Battery","floor":4.0},{"not_picked":["Self Repair","Go for the Eyes"],"picked":"Streamline","floor":5.0},{"not_picked":["Consume","Chaos"],"picked":"Coolheaded","floor":7.0},{"not_picked":["Self Repair","Steam Power"],"picked":"Undo","floor":10.0},{"not_picked":["Reprogram","Steam Power"],"picked":"Turbo","floor":12.0},{"not_picked":["Steam","Barrage"],"picked":"Buffer","floor":13.0},{"not_picked":["Electrodynamics","Biased Cognition"],"picked":"Seek","floor":16.0},{"not_picked":["Sunder","Force Field+1"],"picked":"Turbo+1","floor":18.0},{"not_picked":["Loop","Coolheaded","Ball Lightning"],"picked":"SKIP","floor":22}],"player_experience":176284,"relics_obtained":[{"floor":7.0,"key":"Bird Faced Urn"},{"floor":9.0,"key":"Thread and Needle"},{"floor":10.0,"key":"Torii"},{"floor":13.0,"key":"Kunai"}],"event_choices":[{"cards_removed":["Defend_B"],"damage_healed":0.0,"max_hp_gain":0.0,"max_hp_loss":0.0,"gold_gain":0.0,"event_name":"Golden Wing","player_choice":"Card Removal","floor":2.0,"gold_loss":0.0,"damage_taken":7.0},{"damage_healed":0.0,"max_hp_gain":0.0,"max_hp_loss":0.0,"gold_gain":0.0,"event_name":"Forgotten Altar","player_choice":"Smashed Altar","floor":20.0,"gold_loss":0.0,"damage_taken":0.0,"cards_obtained":["Decay"]},{"damage_healed":0.0,"max_hp_gain":0.0,"max_hp_loss":0.0,"gold_gain":0.0,"event_name":"The Mausoleum","player_choice":"Opened","floor":21.0,"gold_loss":0.0,"damage_taken":0.0,"relics_obtained":["FossilizedHelix"],"cards_obtained":["Writhe"]}],"is_beta":false,"boss_relics":[{"not_picked":["Runic Pyramid","Runic Dome","Fusion Hammer"]}],"items_purged_floors":[],"is_endless":false,"potions_floor_spawned":[5,12,13],"killed_by":"Slavers","ascension_level":6}