{"gold_per_floor":[117,117,117,117,7,7,46,46,71,71,36,50,74,92,92,190,190,215,248,248,248,271,271,271,271,297,337,337,355,371,392,392,392],"floor_reached":33,"playtime":2483,"items_purged":["Strike_B"],"score":447,"play_id":"37b3c4a0-1513-4b22-b8c8-1f17efc07438","local_time":"20190519112338","is_ascension_mode":true,"campfire_choices":[{"floor":6,"key":"REST"},{"floor":8,"key":"REST"},{"floor":15,"key":"REST"},{"floor":23,"key":"REST"},{"floor":25,"key":"REST"},{"floor":28,"key":"REST"},{"floor":32,"key":"REST"}],"neow_cost":"NONE","seed_source_timestamp":38415141960045,"circlet_count":0,"master_deck":["AscendersBane","Defend_B","Defend_B","Defend_B","Defend_B","Zap","Dualcast","Go for the Eyes","Sweeping Beam","Turbo","Glacier","Conserve Battery","Cold Snap","Meteor Strike+1","Hologram+1","Coolheaded+1","Melter+1","FTL"],"relics":["Cracked Core","Smiling Mask","The Courier","Golden Idol","Pen Nib","Juzu Bracelet","Runic Pyramid","Red Mask","Blood Vial","Dodecahedron"],"potions_floor_usage":[19,22,22,27,33],"damage_taken":[{"damage":3,"enemies":"Small Slimes","floor":1,"turns":3},{"damage":45,"enemies":"3 Sentries","floor":7,"turns":9},{"damage":0,"enemies":"Jaw Worm","floor":12,"turns":5},{"damage":7,"enemies":"2 Louse","floor":13,"turns":3},{"damage":0,"enemies":"Large Slime","floor":14,"turns":8},{"damage":63,"enemies":"Slime Boss","floor":16,"turns":25},{"damage":4,"enemies":"3 Byrds","floor":18,"turns":4},{"damage":33,"enemies":"Masked Bandits","floor":19,"turns":7},{"damage":9,"enemies":"Shell Parasite","floor":22,"turns":3},{"damage":29,"enemies":"Slavers","floor":27,"turns":8},{"damage":13,"enemies":"3 Cultists","floor":29,"turns":7},{"damage":2,"enemies":"Cultist and Chosen","floor":30,"turns":6},{"damage":13,"enemies":"Snake Plant","floor":31,"turns":3},{"damage":60,"enemies":"Collector","floor":33,"turns":9}],"seed_played":"-665445154880955581","potions_obtained":[{"floor":7,"key":"Strength Potion"},{"floor":12,"key":"Ancient Potion"},{"floor":16,"key":"Block Potion"},{"floor":19,"key":"FearPotion"},{"floor":22,"key":"LiquidBronze"},{"floor":27,"key":"Regen Potion"},{"floor":31,"key":"Strength Potion"}],"is_trial":false,"path_per_floor":["M","?","T","?","$","R","E","R","T","?","?","M","M","M","R","B",null,"M","?","?","?","M","R","?","R","T","E","R","M","M","M","R","B"],"character_chosen":"DEFECT","items_purchased":["Sweeping Beam","Turbo"],"campfire_rested":7,"item_purchase_floors":[5,5],"current_hp_per_floor":[61,54,54,54,54,66,21,40,40,40,56,56,49,49,66,3,50,46,13,13,13,4,23,23,42,42,15,34,23,23,12,31,0],"gold":392,"neow_bonus":"RANDOM_COMMON_RELIC","is_prod":false,"is_daily":false,"chose_seed":false,"campfire_upgraded":0,"win_rate":0,"timestamp":1558290218,"path_taken":["M","?","?","?","$","R","E","R","T","?","?","M","M","M","R","BOSS","M","?","?","?","M","R","?","R","T","E","R","M","M","M","R","BOSS"],"build_version":"2019-01-23","purchased_purges":1,"victory":false,"max_hp_per_floor":[71,71,71,66,66,66,66,66,66,66,66,66,66,66,66,66,66,66,66,66,66,66,66,66,66,66,66,66,66,66,66,66,66],"card_choices":[{"not_picked":["Redo","Aggregate"],"picked":"Go for the Eyes","floor":1},{"not_picked":["Aggregate","Heatsinks","Rebound"],"picked":"SKIP","floor":7},{"not_picked":["Coolheaded","Conserve Battery"],"picked":"Glacier","floor":12},{"not_picked":["Storm","Electrodynamics"],"picked":"Conserve Battery","floor":13},{"not_picked":["Ball Lightning","Tempest"],"picked":"Cold Snap","floor":14},{"not_picked":["All For One","Electrodynamics"],"picked":"Meteor Strike","floor":16},{"not_picked":["Cold Snap","Hello World","Ball Lightning"],"picked":"SKIP","floor":18},{"not_picked":["Rebound","Sweeping Beam"],"picked":"Hologram+1","floor":22},{"not_picked":["Steam","Creative AI"],"picked":"Coolheaded+1","floor":27},{"not_picked":["Redo","Ball Lightning"],"picked":"Melter+1","floor":29},{"not_picked":["Redo","Stack","Conserve Battery"],"picked":"SKIP","floor":30},{"not_picked":["Self Repair","Turbo"],"picked":"FTL","floor":31}],"player_experience":641651,"relics_obtained":[{"floor":3,"key":"The Courier"},{"floor":7,"key":"Pen Nib"},{"floor":9,"key":"Juzu Bracelet"},{"floor":19,"key":"Red Mask"},{"floor":26,"key":"Blood Vial"},{"floor":27,"key":"Dodecahedron"}],"event_choices":[{"cards_removed":["Strike_B"],"damage_healed":0,"gold_gain":0,"player_choice":"Card Removal","damage_taken":7,"max_hp_gain":0,"max_hp_loss":0,"event_name":"Golden Wing","floor":2,"gold_loss":0},{"damage_healed":0,"gold_gain":0,"player_choice":"Lose Max HP","damage_taken":0,"relics_obtained":["Golden Idol"],"max_hp_gain":0,"max_hp_loss":5,"event_name":"Golden Idol","floor":4,"gold_loss":0},{"damage_healed":0,"gold_gain":0,"player_choice":"Ignored","damage_taken":0,"max_hp_gain":0,"max_hp_loss":0,"event_name":"Shining Light","floor":10,"gold_loss":0},{"damage_healed":16,"gold_gain":0,"player_choice":"Healed","damage_taken":0,"max_hp_gain":0,"max_hp_loss":0,"event_name":"The Cleric","floor":11,"gold_loss":35},{"damage_healed":0,"gold_gain":0,"player_choice":"Fought Bandits","damage_taken":0,"max_hp_gain":0,"max_hp_loss":0,"event_name":"Masked Bandits","floor":19,"gold_loss":0},{"damage_healed":0,"gold_gain":0,"player_choice":"Upgraded","damage_taken":0,"max_hp_gain":0,"max_hp_loss":0,"event_name":"Upgrade Shrine","floor":20,"gold_loss":0,"cards_upgraded":["Meteor Strike"]},{"cards_removed":["Strike_B"],"damage_healed":0,"gold_gain":0,"player_choice":"Offered Basic","damage_taken":0,"max_hp_gain":0,"max_hp_loss":0,"event_name":"Bonfire Elementals","floor":21,"gold_loss":0},{"cards_removed":["Strike_B"],"damage_healed":0,"gold_gain":0,"player_choice":"Elegance","damage_taken":0,"max_hp_gain":0,"max_hp_loss":0,"event_name":"Back to Basics","floor":24,"gold_loss":0}],"is_beta":false,"boss_relics":[{"not_picked":["Ectoplasm","Tiny House"],"picked":"Runic Pyramid"}],"items_purged_floors":[5],"is_endless":false,"potions_floor_spawned":[7,12,16,19,22,27,31],"killed_by":"Collector","ascension_level":14}