{"gold_per_floor":[218,16,36,54,129,129,54,54,54,82,82,11,91,104,104,207,207,221,238,238,248,148,148,148,148,172,172,184,132,232,250,250,346,346,358,369,271,283,383,383,417,417,417,417],"floor_reached":44,"playtime":1013,"items_purged":["Zap","Writhe"],"score":474,"play_id":"37d025d9-b87a-4ed3-bcd8-1ca6bfdfc4e6","local_time":"20190522012034","is_ascension_mode":false,"campfire_choices":[{"data":"Hologram","floor":6,"key":"SMITH"},{"data":"Dualcast","floor":8,"key":"SMITH"},{"data":"Sunder","floor":11,"key":"SMITH"},{"data":"Defragment","floor":15,"key":"SMITH"},{"data":"Echo Form","floor":23,"key":"SMITH"},{"data":"Loop","floor":25,"key":"SMITH"},{"data":"Ball Lightning","floor":27,"key":"SMITH"},{"floor":32,"key":"REST"},{"data":"Enlightenment","floor":40,"key":"SMITH"},{"floor":42,"key":"REST"}],"neow_cost":"NONE","seed_source_timestamp":291390903013505,"circlet_count":0,"master_deck":["Strike_B","Strike_B","Defend_B","Defend_B","Defend_B+1","Defend_B","Dualcast+1","Ball Lightning+1","Hologram+1","Sunder+1","Defragment+1","Echo Form+1","Turbo+1","Loop+1","Reboot","Coolheaded","Defragment+1","Echo Form","Enlightenment+1","Redo+1","Meteor Strike"],"relics":["Cracked Core","MealTicket","Blue Candle","Odd Mushroom","energizedSpire:OgreHead","War Paint","Bag of Marbles","Sozu","Gremlin Horn","Meat on the Bone"],"potions_floor_usage":[33,33,33],"damage_taken":[{"damage":6,"enemies":"2 Louse","floor":1,"turns":3},{"damage":11,"enemies":"Jaw Worm","floor":3,"turns":2},{"damage":0,"enemies":"Small Slimes","floor":4,"turns":3},{"damage":19,"enemies":"The Mushroom Lair","floor":10,"turns":3},{"damage":2,"enemies":"Blue Slaver","floor":14,"turns":3},{"damage":33,"enemies":"Slime Boss","floor":16,"turns":9},{"damage":17,"enemies":"Shell Parasite","floor":18,"turns":4},{"damage":10,"enemies":"Chosen","floor":19,"turns":3},{"damage":17,"enemies":"Shelled Parasite and Fungi","floor":21,"turns":5},{"damage":28,"enemies":"3 Cultists","floor":28,"turns":4},{"damage":19,"enemies":"Sentry and Sphere","floor":31,"turns":4},{"damage":0,"enemies":"Collector","floor":33,"turns":8},{"damage":10,"enemies":"3 Darklings","floor":35,"turns":5},{"damage":6,"enemies":"Orb Walker","floor":36,"turns":4},{"damage":19,"enemies":"Maw","floor":38,"turns":8},{"damage":43,"enemies":"Nemesis","floor":41,"turns":7},{"damage":44,"enemies":"Spire Growth","floor":44,"turns":4}],"seed_played":"7440410498696866240","potions_obtained":[{"floor":3,"key":"SkillPotion"},{"floor":16,"key":"SkillPotion"},{"floor":19,"key":"Weak Potion"}],"is_trial":false,"path_per_floor":["M","$","M","M","?","R","$","R","T","?","R","$","?","M","R","B",null,"M","M","?","M","$","R","?","R","T","R","M","$","?","M","R","B",null,"M","M","$","M","?","R","E","R","T","M"],"character_chosen":"DEFECT","items_purchased":["MealTicket","Defragment","Coolheaded","Enlightenment"],"campfire_rested":2,"item_purchase_floors":[2,12,29,37],"current_hp_per_floor":[69,69,58,58,47,47,62,62,62,43,43,58,58,56,56,23,75,58,48,48,31,46,46,46,46,46,46,18,33,33,14,36,36,75,65,59,74,55,55,55,12,34,34,0],"gold":417,"neow_bonus":"HUNDRED_GOLD","is_prod":false,"is_daily":false,"chose_seed":false,"campfire_upgraded":8,"win_rate":0,"timestamp":1558455634,"path_taken":["M","$","M","M","?","R","$","R","T","?","R","$","?","M","R","BOSS","M","M","?","M","$","R","?","R","T","R","M","$","?","?","R","BOSS","M","M","$","M","?","R","E","R","T","?"],"build_version":"2019-01-23","purchased_purges":2,"victory":false,"max_hp_per_floor":[75,75,75,75,75,75,75,75,75,75,75,75,75,75,75,75,75,75,75,75,75,75,75,75,75,75,75,75,75,75,75,75,75,75,75,75,75,75,75,75,75,75,75,75],"card_choices":[{"not_picked":["Barrage","Steam"],"picked":"Ball Lightning","floor":1},{"not_picked":["Steam","Reinforced Body"],"picked":"Hologram","floor":3},{"not_picked":["Conserve Battery","Beam Cell"],"picked":"Sunder","floor":4},{"not_picked":["Skim","Doom and Gloom","Go for the Eyes"],"picked":"SKIP","floor":14},{"not_picked":["Creative AI","Multi-Cast"],"picked":"Echo Form","floor":16},{"not_picked":["Gash","Sunder","Redo"],"picked":"SKIP","floor":18},{"not_picked":["Sweeping Beam","Doom and Gloom"],"picked":"Turbo","floor":19},{"not_picked":["Hologram","Turbo","Amplify"],"picked":"SKIP","floor":21},{"not_picked":["Beam Cell","Ball Lightning","Compile Driver"],"picked":"SKIP","floor":28},{"not_picked":["Sweeping Beam","Conserve Battery"],"picked":"Defragment+1","floor":31},{"not_picked":["Hyperbeam","Rainbow"],"picked":"Echo Form","floor":33},{"not_picked":["Conserve Battery","Ball Lightning+1","Barrage"],"picked":"SKIP","floor":35},{"not_picked":["Doom and Gloom+1","Sunder+1","Go for the Eyes+1"],"picked":"SKIP","floor":36},{"not_picked":["Beam Cell","Doom and Gloom+1"],"picked":"Redo+1","floor":38},{"not_picked":["Go for the Eyes","Compile Driver"],"picked":"Meteor Strike","floor":41}],"player_experience":447902,"relics_obtained":[{"floor":9,"key":"Blue Candle"},{"floor":10,"key":"Odd Mushroom"},{"floor":26,"key":"Bag of Marbles"},{"floor":41,"key":"Gremlin Horn"},{"floor":43,"key":"Meat on the Bone"}],"event_choices":[{"damage_healed":0,"gold_gain":75,"player_choice":"Gather Gold","damage_taken":11,"max_hp_gain":0,"max_hp_loss":0,"event_name":"World of Goop","floor":5,"gold_loss":0},{"damage_healed":0,"gold_gain":0,"player_choice":"Fought Mushrooms","damage_taken":0,"max_hp_gain":0,"max_hp_loss":0,"event_name":"Mushrooms","floor":10,"gold_loss":0},{"damage_healed":0,"gold_gain":80,"player_choice":"Gained Gold","damage_taken":0,"max_hp_gain":0,"max_hp_loss":0,"event_name":"Golden Wing","floor":13,"gold_loss":0},{"damage_healed":0,"gold_gain":0,"player_choice":"Opened","damage_taken":0,"relics_obtained":["War Paint"],"max_hp_gain":0,"max_hp_loss":0,"event_name":"The Mausoleum","floor":20,"gold_loss":0,"cards_obtained":["Writhe"]},{"damage_healed":0,"gold_gain":0,"cards_transformed":["Strike_B","Strike_B"],"player_choice":"Became Test Subject","damage_taken":0,"max_hp_gain":0,"max_hp_loss":0,"event_name":"Drug Dealer","floor":24,"gold_loss":0,"cards_obtained":["Loop","Reboot"]},{"damage_healed":0,"gold_gain":100,"player_choice":"Pray","damage_taken":0,"max_hp_gain":0,"max_hp_loss":0,"event_name":"Golden Shrine","floor":30,"gold_loss":0},{"damage_healed":0,"gold_gain":100,"player_choice":"Pray","damage_taken":0,"max_hp_gain":0,"max_hp_loss":0,"event_name":"Golden Shrine","floor":39,"gold_loss":0}],"is_beta":false,"boss_relics":[{"not_picked":["White Beast Statue","Lizard Tail"],"picked":"energizedSpire:OgreHead"},{"not_picked":["Runic Dome","Black Star"],"picked":"Sozu"}],"items_purged_floors":[7,22],"is_endless":false,"potions_floor_spawned":[3,16,19,38,41],"killed_by":"Spire Growth","ascension_level":0}