{"gold_per_floor":[118,118,43,61,71,71,86,111,111,128,128,138,164,37,37,133,133,145,28,28,0,99,99,130,130,130,130,130,163,15,46,46,151,151,168,15,27,73,73,73,84,84,107,127,127,127,156,171,171,171],"floor_reached":50,"playtime":3968,"items_purged":["Strike_R","Normality"],"score":586,"play_id":"fdd39b1c-a899-4f21-afcb-506dec6f0881","local_time":"20190123044903","is_ascension_mode":true,"campfire_choices":[{"data":"Spot Weakness","floor":6,"key":"SMITH"},{"floor":11,"key":"REST"},{"floor":15,"key":"REST"},{"floor":23,"key":"REST"},{"data":"Dual Wield","floor":25,"key":"SMITH"},{"floor":28,"key":"REST"},{"data":"Inflame","floor":32,"key":"SMITH"},{"floor":40,"key":"REST"},{"floor":45,"key":"REST"},{"floor":49,"key":"REST"}],"neow_cost":"NONE","seed_source_timestamp":1089391638255575,"circlet_count":0,"master_deck":["Strike_R","Strike_R","Strike_R","Defend_R","Defend_R","Defend_R","Defend_R","Bash","Deep Breath","Spot Weakness+1","Intimidate","Twin Strike","Dual Wield+1","Battle Trance","Pummel","Flex","Cleave","Berserk","Infernal Blade","Inflame+1","Clothesline","Twin Strike","Uppercut","Writhe","Pummel","Thunderclap+1","Shrug It Off","Dark Embrace","Doubt","Writhe","Warcry+1","Heavy Blade","Heavy Blade+1","True Grit+1","Limit Break+1","Wild Strike+1","Rage+1","Flame Barrier+1","Reaper","Cleave+1"],"relics":["Burning Blood","Blue Candle","Shuriken","Mummified Hand","Dream Catcher","Sozu","Oddly Smooth Stone","Regal Pillow","Boot","Bag of Marbles","Centennial Puzzle","Orichalcum","Calling Bell","PreservedInsect","Toxic Egg 2","Bird Faced Urn","Ginger","Blood Vial","Art of War","Anchor"],"potions_floor_usage":[33,38],"damage_taken":[{"damage":5,"enemies":"Small Slimes","floor":1,"turns":4},{"damage":1,"enemies":"Cultist","floor":4,"turns":3},{"damage":10,"enemies":"Jaw Worm","floor":5,"turns":4},{"damage":5,"enemies":"2 Fungi Beasts","floor":7,"turns":3},{"damage":41,"enemies":"Lagavulin","floor":8,"turns":8},{"damage":9,"enemies":"3 Louse","floor":10,"turns":3},{"damage":7,"enemies":"Looter","floor":12,"turns":3},{"damage":31,"enemies":"3 Sentries","floor":13,"turns":5},{"damage":34,"enemies":"Slime Boss","floor":16,"turns":7},{"damage":25,"enemies":"2 Thieves","floor":18,"turns":4},{"damage":26,"enemies":"Gremlin Leader","floor":24,"turns":6},{"damage":19,"enemies":"Slavers","floor":29,"turns":3},{"damage":11,"enemies":"Book of Stabbing","floor":31,"turns":3},{"damage":52,"enemies":"Champ","floor":33,"turns":10},{"damage":8,"enemies":"Orb Walker","floor":35,"turns":3},{"damage":26,"enemies":"3 Shapes","floor":37,"turns":3},{"damage":59,"enemies":"2 Orb Walkers","floor":38,"turns":5},{"damage":30,"enemies":"Maw","floor":41,"turns":6},{"damage":20,"enemies":"3 Darklings","floor":44,"turns":6},{"damage":16,"enemies":"Nemesis","floor":47,"turns":5},{"damage":43,"enemies":"Sphere and 2 Shapes","floor":48,"turns":5},{"damage":93,"enemies":"Awakened One","floor":50,"turns":5}],"seed_played":"-8105236986164191916","potions_obtained":[{"floor":4,"key":"SteroidPotion"},{"floor":7,"key":"Explosive Potion"},{"floor":8,"key":"FearPotion"},{"floor":10,"key":"GamblersBrew"}],"is_trial":false,"path_per_floor":["M","?","$","M","M","R","M","E","T","M","R","M","E","$","R","B",null,"M","$","?","?","?","R","E","R","T","?","R","E","$","E","R","B",null,"M","$","M","?","?","R","M","T","T","M","R","?","E","M","R","B"],"character_chosen":"IRONCLAD","items_purchased":["Pummel","Flex","Inflame","Clothesline","Centennial Puzzle","Heavy Blade"],"campfire_rested":7,"item_purchase_floors":[14,14,19,19,30,36],"current_hp_per_floor":[80,80,80,80,76,76,77,42,42,39,63,62,37,37,61,33,80,61,61,46,46,46,71,51,51,51,51,85,72,72,67,67,21,85,84,84,64,13,13,53,33,33,33,25,65,65,59,28,68,0],"gold":171,"neow_bonus":"RANDOM_COLORLESS","is_prod":false,"is_daily":false,"chose_seed":false,"campfire_upgraded":3,"win_rate":0,"timestamp":1548236943,"path_taken":["M","?","$","?","M","R","M","E","T","M","R","M","E","?","R","BOSS","M","$","?","?","?","R","E","R","T","?","R","E","?","E","R","BOSS","M","$","M","?","?","R","M","?","T","?","R","?","E","M","R","BOSS"],"build_version":"2019-01-17v2","purchased_purges":2,"victory":false,"max_hp_per_floor":[80,80,80,80,80,80,80,80,80,80,80,80,80,80,80,80,80,80,80,85,85,85,85,85,85,85,85,85,85,85,85,85,85,85,85,85,85,85,85,85,85,85,85,85,85,85,85,85,85,85],"card_choices":[{"not_picked":["Rage","Headbutt"],"picked":"Warcry","floor":1},{"not_picked":["Intimidate","Rupture"],"picked":"Spot Weakness","floor":4},{"not_picked":["Body Slam","Anger"],"picked":"Intimidate","floor":5},{"not_picked":["Thunderclap","Exhume"],"picked":"Twin Strike","floor":7},{"not_picked":["Perfected Strike","Iron Wave","Wild Strike"],"picked":"SKIP","floor":8},{"not_picked":["Havoc","Body Slam"],"picked":"Dual Wield","floor":10},{"not_picked":["Feel No Pain","True Grit"],"picked":"Battle Trance","floor":12},{"not_picked":["Combust","Intimidate","Body Slam"],"picked":"SKIP","floor":13},{"not_picked":["Blood for Blood","Wild Strike"],"picked":"Cleave","floor":15},{"not_picked":["Fiend Fire","Bludgeon"],"picked":"Berserk","floor":16},{"not_picked":["Warcry","Rampage"],"picked":"Infernal Blade","floor":18},{"not_picked":["Cleave","Searing Blow"],"picked":"Twin Strike","floor":23},{"not_picked":["Wild Strike","Perfected Strike"],"picked":"Uppercut","floor":24},{"not_picked":["Juggernaut","Sentinel+1"],"picked":"Pummel","floor":28},{"not_picked":["Perfected Strike","Flex+1"],"picked":"Thunderclap+1","floor":29},{"not_picked":["Feel No Pain","Double Tap"],"picked":"Shrug It Off","floor":31},{"not_picked":["Fiend Fire","Brutality"],"picked":"Dark Embrace","floor":33},{"not_picked":["Iron Wave","Reckless Charge"],"picked":"Warcry+1","floor":35},{"not_picked":["Feel No Pain","Headbutt"],"picked":"Heavy Blade+1","floor":37},{"not_picked":["Dual Wield+1","Headbutt+1"],"picked":"True Grit+1","floor":38},{"not_picked":["Sentinel+1","Spot Weakness+1"],"picked":"Limit Break+1","floor":40},{"not_picked":["Hemokinesis+1","Shockwave+1"],"picked":"Wild Strike+1","floor":41},{"not_picked":["Havoc+1","Seeing Red+1"],"picked":"Rage+1","floor":44},{"not_picked":["Body Slam+1","Sword Boomerang"],"picked":"Flame Barrier+1","floor":45},{"not_picked":["Blood for Blood+1","Twin Strike"],"picked":"Reaper","floor":47},{"not_picked":["Clothesline","Corruption"],"picked":"Cleave+1","floor":48}],"player_experience":86855,"relics_obtained":[{"floor":8,"key":"Shuriken"},{"floor":9,"key":"Mummified Hand"},{"floor":13,"key":"Dream Catcher"},{"floor":24,"key":"Oddly Smooth Stone"},{"floor":26,"key":"Regal Pillow"},{"floor":29,"key":"Bag of Marbles"},{"floor":31,"key":"Orichalcum"},{"floor":34,"key":"PreservedInsect"},{"floor":34,"key":"Toxic Egg 2"},{"floor":34,"key":"Bird Faced Urn"},{"floor":38,"key":"Ginger"},{"floor":42,"key":"Blood Vial"},{"floor":43,"key":"Art of War"},{"floor":47,"key":"Anchor"}],"event_choices":[{"cards_removed":["Warcry"],"damage_healed":0,"gold_gain":0,"player_choice":"Gave Card","damage_taken":0,"relics_obtained":["Blue Candle"],"max_hp_gain":0,"max_hp_loss":0,"event_name":"WeMeetAgain","floor":2,"gold_loss":0},{"damage_healed":0,"gold_gain":0,"player_choice":"Shed Blood","damage_taken":20,"max_hp_gain":5,"max_hp_loss":0,"event_name":"Forgotten Altar","floor":20,"gold_loss":0},{"damage_healed":0,"gold_gain":0,"player_choice":"Paid Fearfully","damage_taken":0,"max_hp_gain":0,"max_hp_loss":0,"event_name":"Masked Bandits","floor":21,"gold_loss":28},{"damage_healed":0,"gold_gain":99,"player_choice":"Stole From Cult","damage_taken":0,"max_hp_gain":0,"max_hp_loss":0,"event_name":"Nest","floor":22,"gold_loss":0},{"damage_healed":0,"gold_gain":0,"player_choice":"Opened","damage_taken":0,"relics_obtained":["Boot"],"max_hp_gain":0,"max_hp_loss":0,"event_name":"The Mausoleum","floor":27,"gold_loss":0,"cards_obtained":["Writhe"]},{"damage_healed":0,"gold_gain":0,"player_choice":"Fight","damage_taken":0,"max_hp_gain":0,"max_hp_loss":0,"event_name":"Mysterious Sphere","floor":38,"gold_loss":0},{"cards_removed":["Strike_R"],"damage_healed":0,"gold_gain":0,"player_choice":"Removed Attack","damage_taken":0,"max_hp_gain":0,"max_hp_loss":0,"event_name":"Falling","floor":39,"gold_loss":0},{"damage_healed":0,"gold_gain":0,"player_choice":"Bought 0 Potions","damage_taken":0,"max_hp_gain":0,"max_hp_loss":0,"event_name":"The Woman in Blue","floor":46,"gold_loss":0}],"is_beta":false,"boss_relics":[{"not_picked":["Mark of Pain","Orrery"],"picked":"Sozu"},{"not_picked":["Snecko Eye","Runic Dome"],"picked":"Calling Bell"}],"items_purged_floors":[3,36],"is_endless":false,"potions_floor_spawned":[4,7,8,10,13,18,35,44,47],"killed_by":"Awakened One","ascension_level":1}