{"gold_per_floor":[116,116,116,116,133,133,158,158,208,220,230,248,306,319,319,416,416,432,6,21,41,55,89,89,123,172,172,204,4,21,34,34,131,131,147,164,181,193,293,293,327,340,412,412,431,461,461,476,476,476],"floor_reached":51,"playtime":4849,"items_purged":["Defend_B"],"score":888,"play_id":"86964a99-c025-4566-9711-45ce95af9b51","local_time":"20190425155708","is_ascension_mode":true,"campfire_choices":[{"data":"Chaos","floor":6.0,"key":"SMITH"},{"floor":8.0,"key":"REST"},{"floor":15.0,"key":"REST"},{"floor":24.0,"key":"REST"},{"floor":27.0,"key":"REST"},{"floor":32.0,"key":"REST"},{"floor":40,"key":"REST"},{"floor":44,"key":"REST"},{"floor":49,"key":"REST"}],"neow_cost":"NONE","seed_source_timestamp":0,"circlet_count":0,"master_deck":["Strike_B","Strike_B","Strike_B","Strike_B","Defend_B","Defend_B","Defend_B","Zap","Dualcast","Chaos+1","Barrage","Reprogram","Coolheaded","White Noise","Leap","Ball Lightning","Buffer","Coolheaded+1","Ball Lightning","Lockon+1","Ball Lightning","Capacitor","Chaos","Leap","Core Surge","Ball Lightning","Cold Snap","Conserve Battery","Echo Form","Barrage","Barrage+1","Parasite","Leap","Blizzard","Storm+1","Glacier+1","Barrage+1","Cold Snap+1","Writhe","Ball Lightning+1","Barrage+1"],"special_seed":0,"relics":["FrozenCore","Darkstone Periapt","Letter Opener","Pen Nib","Singing Bowl","Velvet Choker","DataDisk","Meat on the Bone","Unceasing Top","Orichalcum","Regal Pillow","Red Mask","Prayer Wheel","StoneCalendar","Molten Egg 2","Frozen Egg 2"],"potions_floor_usage":[38,38,41,41,41,45,48,50],"damage_taken":[{"damage":11.0,"enemies":"Jaw Worm","floor":1.0,"turns":2.0},{"damage":5.0,"enemies":"Small Slimes","floor":5.0,"turns":3.0},{"damage":36.0,"enemies":"Lagavulin","floor":7.0,"turns":7.0},{"damage":6.0,"enemies":"Cultist","floor":10.0,"turns":3.0},{"damage":0.0,"enemies":"Large Slime","floor":11.0,"turns":2.0},{"damage":6.0,"enemies":"Looter","floor":12.0,"turns":2.0},{"damage":33.0,"enemies":"Lagavulin Event","floor":13.0,"turns":4.0},{"damage":9.0,"enemies":"Blue Slaver","floor":14.0,"turns":3.0},{"damage":6.0,"enemies":"The Guardian","floor":16.0,"turns":13.0},{"damage":11.0,"enemies":"Shell Parasite","floor":18.0,"turns":4.0},{"damage":0.0,"enemies":"Chosen","floor":20.0,"turns":3.0},{"damage":29.0,"enemies":"Shelled Parasite and Fungi","floor":21.0,"turns":5.0},{"damage":0.0,"enemies":"Cultist and Chosen","floor":22.0,"turns":5.0},{"damage":40.0,"enemies":"Book of Stabbing","floor":23.0,"turns":5.0},{"damage":27.0,"enemies":"Slavers","floor":25.0,"turns":5.0},{"damage":31.0,"enemies":"Masked Bandits","floor":28.0,"turns":4.0},{"damage":6.0,"enemies":"Snecko","floor":30.0,"turns":4.0},{"damage":3.0,"enemies":"3 Cultists","floor":31.0,"turns":4.0},{"damage":32.0,"enemies":"Collector","floor":33.0,"turns":9.0},{"damage":27.0,"enemies":"3 Darklings","floor":35.0,"turns":5.0},{"damage":40,"enemies":"3 Shapes","floor":36,"turns":3},{"damage":21,"enemies":"Transient","floor":37,"turns":5},{"damage":10,"enemies":"Writhing Mass","floor":38,"turns":8},{"damage":6,"enemies":"Mind Bloom Boss Battle","floor":39,"turns":6},{"damage":23,"enemies":"Nemesis","floor":41,"turns":7},{"damage":8,"enemies":"Sphere and 2 Shapes","floor":42,"turns":5},{"damage":3,"enemies":"4 Shapes","floor":45,"turns":7},{"damage":58,"enemies":"Reptomancer","floor":46,"turns":7},{"damage":25,"enemies":"Writhing Mass","floor":48,"turns":6},{"damage":66,"enemies":"Donu and Deca","floor":50,"turns":10}],"seed_played":"950643009942069525","potions_obtained":[{"floor":7.0,"key":"Poison Potion"},{"floor":12.0,"key":"FocusPotion"},{"floor":14.0,"key":"Energy Potion"},{"floor":16.0,"key":"SteroidPotion"},{"floor":22.0,"key":"Regen Potion"},{"floor":25.0,"key":"SpeedPotion"},{"floor":28.0,"key":"Swift Potion"},{"floor":38,"key":"PowerPotion"},{"floor":39,"key":"LiquidBronze"},{"floor":41,"key":"EssenceOfSteel"},{"floor":45,"key":"EssenceOfSteel"},{"floor":46,"key":"PowerPotion"}],"is_trial":false,"path_per_floor":["M","?","?","?","M","R","E","R","T","M","M","M","?","M","R","B",null,"M","$","M","M","M","E","R","E","T","R","?","$","M","M","R","B",null,"M","M","M","M","?","R","E","M","T","R","M","E","?","M","R","B",null],"character_chosen":"DEFECT","items_purchased":["DataDisk","Meat on the Bone","Ball Lightning","Core Surge","Ball Lightning"],"campfire_rested":8,"item_purchase_floors":[19,19,19,29,29],"current_hp_per_floor":[64,64,46,85,80,80,44,69,69,63,63,57,24,15,40,34,85,74,74,74,45,45,17,42,38,38,79,48,48,54,51,87,55,87,60,34,25,33,39,82,59,53,53,97,94,50,81,56,102,48],"gold":476,"neow_bonus":"ONE_RANDOM_RARE_CARD","is_prod":false,"is_daily":false,"chose_seed":false,"campfire_upgraded":1,"win_rate":0,"timestamp":1556233028,"path_taken":["M","?","?","?","M","R","E","R","T","M","?","M","?","M","R","BOSS","M","$","M","M","M","E","R","E","T","R","?","$","M","M","R","BOSS","M","M","M","M","?","R","E","M","T","R","M","E","?","M","R","BOSS"],"build_version":"2019-01-23","purchased_purges":1,"victory":true,"max_hp_per_floor":[75,75,75,85,85,85,85,85,85,85,85,85,85,85,85,85,85,85,85,85,85,85,85,85,87,87,87,87,87,87,87,87,87,87,87,89,89,95,95,95,95,97,97,97,97,99,105,105,105,105],"card_choices":[{"not_picked":["Barrage","Consume"],"picked":"Chaos","floor":1.0},{"not_picked":["Turbo","Streamline","Heatsinks"],"picked":"SKIP","floor":5.0},{"not_picked":["Skim","Steam"],"picked":"Barrage","floor":7.0},{"not_picked":["Go for the Eyes","Gash"],"picked":"Reprogram","floor":10.0},{"not_picked":["Double Energy","Steam Power"],"picked":"Coolheaded","floor":11.0},{"not_picked":["Blizzard","Coolheaded"],"picked":"White Noise","floor":12.0},{"not_picked":["Recycle","All For One"],"picked":"Leap","floor":13.0},{"not_picked":["Beam Cell","Reinforced Body"],"picked":"Ball Lightning","floor":14.0},{"not_picked":["Creative AI","Amplify"],"picked":"Buffer","floor":16.0},{"not_picked":["Stack","Steam"],"picked":"Coolheaded+1","floor":18.0},{"not_picked":["Hologram+1","Static Discharge"],"picked":"Lockon+1","floor":20.0},{"not_picked":["Coolheaded","Streamline"],"picked":"Ball Lightning","floor":21.0},{"not_picked":["Double Energy","Lockon"],"picked":"Capacitor","floor":22.0},{"not_picked":["Hyperbeam","Compile Driver+1"],"picked":"Chaos","floor":23.0},{"not_picked":["Fusion+1","Turbo","Steam Power"],"picked":"Singing Bowl","floor":25.0},{"not_picked":["Beam Cell+1","Force Field+1"],"picked":"Leap","floor":28.0},{"not_picked":["Storm","Ball Lightning"],"picked":"Cold Snap","floor":30.0},{"not_picked":["FTL","Hologram"],"picked":"Conserve Battery","floor":31.0},{"not_picked":["Electrodynamics","Machine Learning"],"picked":"Echo Form","floor":33.0},{"not_picked":["Sunder+1","Aggregate+1"],"picked":"Barrage","floor":35},{"not_picked":["Darkness+1","Streamline+1","Rebound"],"picked":"Singing Bowl","floor":36},{"not_picked":["Sweeping Beam+1","Heatsinks"],"picked":"Barrage+1","floor":37},{"not_picked":["Coolheaded+1","Beam Cell+1"],"picked":"Leap","floor":38},{"not_picked":["Chaos","Doom and Gloom"],"picked":"Blizzard","floor":39},{"not_picked":["Coolheaded+1","Ball Lightning"],"picked":"Storm+1","floor":41},{"not_picked":["Redo+1","Reinforced Body"],"picked":"Glacier+1","floor":42},{"not_picked":["Hologram+1","Turbo","Beam Cell"],"picked":"Singing Bowl","floor":42},{"not_picked":["Tempest+1","Reprogram"],"picked":"Barrage+1","floor":45},{"not_picked":["Gash+1","Aggregate+1"],"picked":"Cold Snap+1","floor":45},{"not_picked":["All For One+1","Go for the Eyes+1","Genetic Algorithm+1"],"picked":"Singing Bowl","floor":46},{"not_picked":["Heatsinks+1","Sweeping Beam+1"],"picked":"Ball Lightning+1","floor":48},{"not_picked":["Go for the Eyes+1","Stack"],"picked":"Barrage+1","floor":48}],"player_experience":105447,"relics_obtained":[{"floor":7.0,"key":"Letter Opener"},{"floor":9.0,"key":"Pen Nib"},{"floor":23.0,"key":"Unceasing Top"},{"floor":25.0,"key":"Orichalcum"},{"floor":26.0,"key":"Regal Pillow"},{"floor":28.0,"key":"Red Mask"},{"floor":39,"key":"Prayer Wheel"},{"floor":41,"key":"StoneCalendar"},{"floor":43,"key":"Molten Egg 2"},{"floor":46,"key":"Frozen Egg 2"}],"event_choices":[{"damage_healed":0.0,"max_hp_gain":0.0,"max_hp_loss":0.0,"gold_gain":0.0,"event_name":"Liars Game","player_choice":"Ignored","floor":2.0,"gold_loss":0.0,"damage_taken":0.0},{"damage_healed":0.0,"max_hp_gain":0.0,"max_hp_loss":0.0,"gold_gain":0.0,"event_name":"Scrap Ooze","player_choice":"Success","floor":3.0,"gold_loss":0.0,"damage_taken":18.0,"relics_obtained":["Darkstone Periapt"]},{"cards_removed":["Amplify"],"damage_healed":29.0,"max_hp_gain":10.0,"max_hp_loss":0.0,"gold_gain":0.0,"event_name":"Bonfire Elementals","player_choice":"Offered Rare","floor":4.0,"gold_loss":0.0,"damage_taken":0.0},{"damage_healed":0.0,"max_hp_gain":0.0,"max_hp_loss":0.0,"gold_gain":0.0,"event_name":"Dead Adventurer","player_choice":"Searched \u00273\u0027 times","floor":13.0,"gold_loss":0.0,"damage_taken":0.0,"relics_obtained":["Singing Bowl"]},{"damage_healed":0.0,"max_hp_gain":0.0,"max_hp_loss":0.0,"gold_gain":0.0,"event_name":"Masked Bandits","player_choice":"Fought Bandits","floor":28.0,"gold_loss":0.0,"damage_taken":0.0},{"damage_healed":0,"gold_gain":0,"player_choice":"Fight","damage_taken":0,"max_hp_gain":0,"max_hp_loss":0,"event_name":"MindBloom","floor":39,"gold_loss":0},{"damage_healed":25,"gold_gain":0,"player_choice":"Writhe","damage_taken":0,"max_hp_gain":0,"max_hp_loss":0,"event_name":"Winding Halls","floor":47,"gold_loss":0,"cards_obtained":["Writhe"]}],"is_beta":false,"boss_relics":[{"not_picked":["Snecko Eye","Nuclear Battery"],"picked":"Velvet Choker"},{"not_picked":["Fusion Hammer","Orrery"],"picked":"FrozenCore"}],"items_purged_floors":[29],"is_endless":false,"potions_floor_spawned":[7,12,14,16,22,25,28,30,33,38,39,41,45,46],"ascension_level":1}