{"gold_per_floor":[111,129,129,139,67,67,67,86,86,86,16,56,75,94,94,223,223],"floor_reached":17,"playtime":447,"items_purged":[],"score":157,"play_id":"9ac75f2e-1cd7-4775-9219-3239af503a70","local_time":"20190318224338","is_ascension_mode":false,"campfire_choices":[{"data":"Carnage","floor":6,"key":"SMITH"},{"floor":10,"key":"REST"},{"data":"Uppercut","floor":15,"key":"SMITH"}],"neow_cost":"NONE","seed_source_timestamp":437213390370393,"circlet_count":0,"master_deck":["Strike_R","Strike_R","Strike_R","Strike_R","Strike_R","Defend_R","Defend_R","Defend_R","Bash","Shrug It Off","Headbutt","Pommel Strike","Second Wind","Cleave","Carnage+1","Metallicize","Pummel","Shockwave","Uppercut+1","Immolate"],"relics":["Burning Blood","Golden Idol","Paper Frog","Question Card"],"potions_floor_usage":[],"damage_taken":[{"damage":3,"enemies":"Jaw Worm","floor":1,"turns":4},{"damage":12,"enemies":"Small Slimes","floor":2,"turns":3},{"damage":6,"enemies":"2 Louse","floor":4,"turns":2},{"damage":14,"enemies":"Exordium Thugs","floor":8,"turns":3},{"damage":11,"enemies":"Gremlin Nob","floor":12,"turns":3},{"damage":8,"enemies":"Exordium Wildlife","floor":13,"turns":3},{"damage":12,"enemies":"Gremlin Gang","floor":14,"turns":3},{"damage":31,"enemies":"Hexaghost","floor":16,"turns":8}],"seed_played":"-8683615937721936474","potions_obtained":[{"floor":1,"key":"Strength Potion"},{"floor":8,"key":"Energy Potion"},{"floor":13,"key":"LiquidBronze"},{"floor":14,"key":"AttackPotion"}],"is_trial":false,"path_per_floor":["M","M","?","M","$","R","?","M","T","R","$","E","M","M","R","B",null],"character_chosen":"IRONCLAD","items_purchased":["Carnage","Metallicize"],"campfire_rested":1,"item_purchase_floors":[5,11],"current_hp_per_floor":[80,74,74,74,74,74,54,46,46,70,70,65,63,57,57,32,32],"gold":223,"neow_bonus":"THREE_CARDS","is_prod":false,"is_daily":false,"chose_seed":false,"campfire_upgraded":2,"win_rate":0,"timestamp":1552916618,"path_taken":["M","M","?","M","$","R","?","M","T","R","?","E","M","M","R","BOSS"],"build_version":"2019-01-23","purchased_purges":0,"victory":false,"max_hp_per_floor":[80,80,80,80,80,80,80,80,80,80,80,80,80,80,80,80,80],"card_choices":[{"not_picked":["Rage","Shockwave"],"picked":"Shrug It Off","floor":0},{"not_picked":["Armaments","Ghostly Armor"],"picked":"Headbutt","floor":1},{"not_picked":["Shrug It Off","Wild Strike"],"picked":"Pommel Strike","floor":2},{"not_picked":["Second Wind","Headbutt"],"picked":"Cleave","floor":4},{"not_picked":["Iron Wave","Shrug It Off","Wild Strike"],"picked":"SKIP","floor":8},{"not_picked":["Power Through","Havoc"],"picked":"Pummel","floor":12},{"not_picked":["Sever Soul","Heavy Blade","Iron Wave"],"picked":"Shockwave","floor":13},{"not_picked":["Wild Strike","Pommel Strike","Sentinel"],"picked":"Uppercut","floor":14},{"not_picked":["Limit Break","Fiend Fire","Barricade"],"picked":"Immolate","floor":16}],"player_experience":308246,"relics_obtained":[{"floor":9,"key":"Paper Frog"},{"floor":12,"key":"Question Card"}],"event_choices":[{"damage_healed":0,"gold_gain":0,"cards_transformed":["Defend_R"],"player_choice":"Change","damage_taken":0,"max_hp_gain":0,"max_hp_loss":0,"event_name":"Living Wall","floor":3,"gold_loss":0,"cards_obtained":["Second Wind"]},{"damage_healed":0,"gold_gain":0,"player_choice":"Take Damage","damage_taken":20,"relics_obtained":["Golden Idol"],"max_hp_gain":0,"max_hp_loss":0,"event_name":"Golden Idol","floor":7,"gold_loss":0}],"is_beta":false,"boss_relics":[],"items_purged_floors":[],"is_endless":false,"potions_floor_spawned":[1,8,13,14],"ascension_level":0}