{"gold_per_floor":[109,122,122,102,120,148,163,163,187,213,231,15,34,34,34,162,162,185,185,203,203,216,247,247,2,28,28,28,49,49,70,70,189,189,204,229,229,22,22,22,48,48],"floor_reached":42,"playtime":3478,"items_purged":[],"score":451,"play_id":"630b1415-5067-4c18-9211-e003c0522ff8","local_time":"20190523005431","is_ascension_mode":false,"campfire_choices":[{"data":"Noxious Fumes","floor":8,"key":"SMITH"},{"floor":15,"key":"REST"},{"floor":24,"key":"REST"},{"data":"Deadly Poison","floor":27,"key":"SMITH"},{"floor":32,"key":"REST"},{"floor":40,"key":"REST"}],"neow_cost":"NONE","seed_source_timestamp":112579175736000,"circlet_count":0,"master_deck":["Defend_G+1","Defend_G+1","Defend_G+1","Defend_G+1","Defend_G+1","Strike_G+1","Strike_G+1","Strike_G+1","Survivor","Neutralize+1","Sucker Punch+1","Dash","Noxious Fumes+1","Acrobatics","Finisher","Underhanded Strike","All Out Attack","Deadly Poison+1","Prepared","Flying Knee","Deadly Poison","Dodge and Roll","Necronomicurse","Backflip","Blade Dance+1","Deadly Poison","Poisoned Stab","Bouncing Flask+1","Noxious Fumes+1","Adrenaline","Normality","PiercingWail+1","Eviscerate+1","Escape Plan+1","Acrobatics+1","Writhe"],"relics":["Ring of the Serpent","NeowsBlessing","Potion Belt","Juzu Bracelet","Boot","Orichalcum","Golden Idol","Necronomicon","Bag of Marbles","TheAbacus","Whetstone","Astrolabe","Membership Card","Dream Catcher"],"potions_floor_usage":[23,31,31,33,33,35],"damage_taken":[{"damage":0,"enemies":"Small Slimes","floor":1,"turns":1},{"damage":0,"enemies":"2 Louse","floor":2,"turns":1},{"damage":0,"enemies":"Cultist","floor":5,"turns":1},{"damage":3,"enemies":"Lagavulin","floor":6,"turns":10},{"damage":4,"enemies":"Red Slaver","floor":7,"turns":5},{"damage":23,"enemies":"3 Sentries","floor":10,"turns":7},{"damage":3,"enemies":"Blue Slaver","floor":11,"turns":4},{"damage":10,"enemies":"Exordium Wildlife","floor":13,"turns":4},{"damage":31,"enemies":"Slime Boss","floor":16,"turns":10},{"damage":13,"enemies":"Spheric Guardian","floor":18,"turns":6},{"damage":9,"enemies":"3 Byrds","floor":20,"turns":3},{"damage":17,"enemies":"Cultist and Chosen","floor":22,"turns":5},{"damage":11,"enemies":"Book of Stabbing","floor":23,"turns":7},{"damage":5,"enemies":"Centurion and Healer","floor":29,"turns":6},{"damage":5,"enemies":"Snake Plant","floor":31,"turns":4},{"damage":25,"enemies":"Automaton","floor":33,"turns":10},{"damage":54,"enemies":"3 Shapes","floor":35,"turns":4},{"damage":13,"enemies":"Orb Walker","floor":36,"turns":4},{"damage":42,"enemies":"Transient","floor":42,"turns":4}],"seed_played":"7529981606496865696","potions_obtained":[{"floor":2,"key":"Explosive Potion"},{"floor":4,"key":"Weak Potion"},{"floor":6,"key":"Block Potion"},{"floor":7,"key":"Swift Potion"},{"floor":13,"key":"Explosive Potion"},{"floor":16,"key":"GamblersBrew"},{"floor":31,"key":"AttackPotion"},{"floor":36,"key":"Regen Potion"}],"is_trial":false,"path_per_floor":["M","M","?","?","M","E","M","R","T","E","M","$","M","?","R","B",null,"M","?","M","?","M","E","R","$","T","R","?","M","?","M","R","B",null,"M","M","?","$","?","R","T","M"],"character_chosen":"THE_SILENT","items_purchased":["Orichalcum","Deadly Poison","Prepared","Deadly Poison","TheAbacus","Membership Card"],"campfire_rested":4,"item_purchase_floors":[12,12,12,25,25,38],"current_hp_per_floor":[70,70,70,70,70,67,63,63,63,40,37,37,27,27,48,17,70,57,57,48,32,15,4,25,25,25,25,25,20,20,15,36,11,70,16,3,21,21,21,42,42,0],"gold":48,"neow_bonus":"THREE_ENEMY_KILL","is_prod":false,"is_daily":false,"chose_seed":false,"campfire_upgraded":2,"win_rate":0.0,"timestamp":1558598071,"path_taken":["M","M","?","?","?","E","M","R","T","E","M","?","M","?","R","BOSS","M","?","M","?","M","E","R","$","T","R","?","M","?","M","R","BOSS","M","M","?","$","?","R","?","M"],"build_version":"2019-01-23","purchased_purges":0,"victory":false,"max_hp_per_floor":[70,70,70,70,70,70,70,70,70,70,70,70,70,70,70,70,70,70,70,70,70,70,70,70,70,70,70,70,70,70,70,70,70,70,70,70,70,70,70,70,70,70],"card_choices":[{"not_picked":["Eviscerate","Underhanded Strike"],"picked":"Sucker Punch","floor":1},{"not_picked":["Tactician","Slice"],"picked":"Dash","floor":2},{"not_picked":["Backflip","Infinite Blades"],"picked":"Noxious Fumes","floor":5},{"not_picked":["Deflect","Night Terror"],"picked":"Acrobatics","floor":6},{"not_picked":["Deflect","Sucker Punch"],"picked":"Finisher","floor":7},{"not_picked":["Unload","Slice"],"picked":"Underhanded Strike","floor":10},{"not_picked":["Infinite Blades","Riddle With Holes"],"picked":"All Out Attack","floor":11},{"not_picked":["Dash","Endless Agony"],"picked":"Flying Knee","floor":13},{"not_picked":["Venomology","Wraith Form v2"],"picked":"Glass Knife","floor":16},{"not_picked":["Finisher+1","PiercingWail"],"picked":"Deadly Poison","floor":18},{"not_picked":["Slice+1","Deadly Poison"],"picked":"Dodge and Roll","floor":20},{"not_picked":["Noxious Fumes","Sucker Punch"],"picked":"Backflip","floor":22},{"not_picked":["Dodge and Roll","Footwork+1"],"picked":"Blade Dance+1","floor":23},{"not_picked":["Quick Slash","Tactician"],"picked":"Bouncing Flask+1","floor":29},{"not_picked":["Acrobatics","Unload"],"picked":"Noxious Fumes+1","floor":31},{"not_picked":["Glass Knife","Unload"],"picked":"Adrenaline","floor":33},{"not_picked":["Underhanded Strike+1","PiercingWail"],"picked":"Escape Plan+1","floor":35},{"not_picked":["Dagger Spray","Slice"],"picked":"Acrobatics+1","floor":36}],"player_experience":10348,"relics_obtained":[{"floor":6,"key":"Potion Belt"},{"floor":9,"key":"Juzu Bracelet"},{"floor":10,"key":"Boot"},{"floor":21,"key":"Necronomicon"},{"floor":23,"key":"Bag of Marbles"},{"floor":26,"key":"Whetstone"},{"floor":41,"key":"Dream Catcher"}],"event_choices":[{"damage_healed":0,"gold_gain":0,"cards_transformed":["Strike_G"],"player_choice":"Change","damage_taken":0,"max_hp_gain":0,"max_hp_loss":0,"event_name":"Living Wall","floor":3,"gold_loss":0,"cards_obtained":["After Image"]},{"damage_healed":0,"gold_gain":0,"player_choice":"Bought 1 Potion","damage_taken":0,"max_hp_gain":0,"max_hp_loss":0,"event_name":"The Woman in Blue","floor":4,"gold_loss":0},{"damage_healed":0,"gold_gain":0,"player_choice":"Take Wound","damage_taken":0,"relics_obtained":["Golden Idol"],"max_hp_gain":0,"max_hp_loss":0,"event_name":"Golden Idol","floor":14,"gold_loss":0,"cards_obtained":["Injury"]},{"damage_healed":0,"gold_gain":0,"player_choice":"Simplicity","damage_taken":0,"max_hp_gain":0,"max_hp_loss":0,"event_name":"Back to Basics","floor":19,"gold_loss":0,"cards_upgraded":["Defend_G","Defend_G","Defend_G","Defend_G","Defend_G","Strike_G","Strike_G","Strike_G","Strike_G"]},{"damage_healed":0,"gold_gain":0,"player_choice":"Obtained Book","damage_taken":16,"max_hp_gain":0,"max_hp_loss":0,"event_name":"Cursed Tome","floor":21,"gold_loss":0},{"damage_healed":0,"gold_gain":0,"player_choice":"Read","damage_taken":0,"max_hp_gain":0,"max_hp_loss":0,"event_name":"The Library","floor":28,"gold_loss":0,"cards_obtained":["Poisoned Stab"]},{"damage_healed":0,"gold_gain":0,"player_choice":"Ignored","damage_taken":0,"max_hp_gain":0,"max_hp_loss":0,"event_name":"Ghosts","floor":30,"gold_loss":0},{"damage_healed":18,"gold_gain":0,"player_choice":"Writhe","damage_taken":0,"max_hp_gain":0,"max_hp_loss":0,"event_name":"Winding Halls","floor":37,"gold_loss":0,"cards_obtained":["Writhe"]},{"cards_removed":["After Image"],"damage_healed":0,"gold_gain":0,"player_choice":"Removed Power","damage_taken":0,"max_hp_gain":0,"max_hp_loss":0,"event_name":"Falling","floor":39,"gold_loss":0}],"is_beta":false,"boss_relics":[{"not_picked":["Sozu","White Beast Statue"],"picked":"Ring of the Serpent"},{"not_picked":["Busted Crown","Runic Pyramid"],"picked":"Astrolabe"}],"items_purged_floors":[],"is_endless":false,"potions_floor_spawned":[2,6,7,13,16,18,31,36],"killed_by":"Transient","ascension_level":0}