{"gold_per_floor":[117,135,147,157,208,234,234,263,263,60,60,8,23,56,56,128,128,140,165,165,0,0,0,0,33,113,113,140,140,140,158,158,236,236,253,253,253,272,67,67,85,85,85,99,110,110,127,146,146,146],"floor_reached":51,"playtime":1817,"items_purged":["Strike_R"],"score":1375,"play_id":"ad655d41-3f58-44d0-9be4-2db51a204f52","local_time":"20190404155347","is_ascension_mode":true,"campfire_choices":[{"data":"Bash","floor":7.0,"key":"SMITH"},{"data":"Uppercut","floor":11.0,"key":"SMITH"},{"data":"Barricade","floor":15.0,"key":"SMITH"},{"data":"Corruption","floor":23.0,"key":"SMITH"},{"floor":27.0,"key":"REST"},{"data":"Demon Form","floor":29.0,"key":"SMITH"},{"floor":32,"key":"REST"},{"data":"Dark Embrace","floor":40,"key":"SMITH"},{"data":"Secret Technique","floor":42,"key":"SMITH"},{"data":"Shockwave","floor":46,"key":"SMITH"},{"floor":49,"key":"REST"}],"neow_cost":"NONE","seed_source_timestamp":0,"circlet_count":0,"master_deck":["AscendersBane","Strike_R+1","Strike_R","Strike_R","Strike_R+1","Defend_R","Defend_R","Defend_R","Defend_R","Bash+1","Second Wind","Feed","Twin Strike","Battle Trance","Uppercut+1","Corruption+1","Sentinel","Iron Wave","Barricade+1","Dropkick","Demon Form+1","Necronomicurse","Whirlwind","Shockwave+1","Rage+1","Dark Embrace+1","Warcry+1","Secret Technique+1","Ghostly Armor+1"],"special_seed":0,"relics":["Burning Blood","NeowsBlessing","Oddly Smooth Stone","Whetstone","Potion Belt","Pear","Kunai","Sozu","Anchor","Necronomicon","Charon\u0027s Ashes","Singing Bowl","Matryoshka","Mark of Pain","Smiling Mask","Juzu Bracelet"],"potions_floor_usage":[50],"damage_taken":[{"damage":0.0,"enemies":"Cultist","floor":1.0,"turns":1.0},{"damage":0.0,"enemies":"2 Louse","floor":2.0,"turns":1.0},{"damage":0.0,"enemies":"Jaw Worm","floor":3.0,"turns":1.0},{"damage":8.0,"enemies":"3 Louse","floor":4.0,"turns":4.0},{"damage":28.0,"enemies":"3 Sentries","floor":6.0,"turns":13.0},{"damage":23.0,"enemies":"Gremlin Nob","floor":8.0,"turns":4.0},{"damage":9.0,"enemies":"2 Fungi Beasts","floor":13.0,"turns":5.0},{"damage":3.0,"enemies":"Lagavulin","floor":14.0,"turns":8.0},{"damage":24.0,"enemies":"Hexaghost","floor":16.0,"turns":9.0},{"damage":31.0,"enemies":"Spheric Guardian","floor":18.0,"turns":6.0},{"damage":18.0,"enemies":"Book of Stabbing","floor":25.0,"turns":4.0},{"damage":15.0,"enemies":"Slavers","floor":28.0,"turns":5.0},{"damage":2.0,"enemies":"2 Thieves","floor":31.0,"turns":4.0},{"damage":29,"enemies":"Collector","floor":33,"turns":6},{"damage":34,"enemies":"3 Darklings","floor":35,"turns":4},{"damage":0,"enemies":"3 Shapes","floor":38,"turns":7},{"damage":9,"enemies":"3 Darklings","floor":41,"turns":4},{"damage":7,"enemies":"4 Shapes","floor":44,"turns":7},{"damage":13,"enemies":"Transient","floor":45,"turns":5},{"damage":21,"enemies":"Writhing Mass","floor":47,"turns":4},{"damage":4,"enemies":"4 Shapes","floor":48,"turns":4},{"damage":62,"enemies":"Time Eater","floor":50,"turns":9}],"seed_played":"-1279657883004197257","potions_obtained":[{"floor":6.0,"key":"PowerPotion"},{"floor":8.0,"key":"EssenceOfSteel"},{"floor":13.0,"key":"FearPotion"},{"floor":14.0,"key":"Ancient Potion"}],"is_trial":false,"path_per_floor":["M","M","M","M","T","E","R","E","T","$","R","$","M","E","R","B",null,"M","T","?","$","?","R","$","E","T","R","E","R","?","M","R","B",null,"M","?","?","M","$","R","M","R","T","M","M","R","M","M","R","B",null],"character_chosen":"IRONCLAD","items_purchased":["Corruption","Sentinel","Iron Wave","Whirlwind","Shockwave","Secret Technique"],"campfire_rested":3,"item_purchase_floors":[10,10,12,21,21,39],"current_hp_per_floor":[74,75,75,76,76,57,57,40,50,50,50,50,50,53,53,38,82,57,57,36,36,36,36,36,27,27,57,53,53,21,27,60,37,93,67,67,69,78,78,78,75,75,75,79,74,74,61,65,104,48],"gold":146,"neow_bonus":"THREE_ENEMY_KILL","is_prod":false,"is_daily":false,"chose_seed":false,"campfire_upgraded":8,"win_rate":0,"timestamp":1554368027,"path_taken":["M","M","M","M","?","E","R","E","T","$","R","$","M","E","R","BOSS","M","?","?","$","?","R","$","E","T","R","E","R","?","M","R","BOSS","M","?","?","M","$","R","M","R","T","M","M","R","M","M","R","BOSS"],"build_version":"2019-01-23","purchased_purges":1,"victory":true,"max_hp_per_floor":[75,75,75,78,78,81,81,81,91,91,91,91,94,94,94,97,97,97,97,97,97,97,97,97,100,100,100,105,105,110,112,112,112,112,114,114,116,119,119,119,119,119,119,124,126,126,128,130,130,130],"card_choices":[{"not_picked":["Armaments","Pommel Strike"],"picked":"True Grit","floor":1.0},{"not_picked":["Flex","Sentinel"],"picked":"Second Wind","floor":2.0},{"not_picked":["Warcry","Clothesline"],"picked":"Feed","floor":3.0},{"not_picked":["Burning Pact","Combust"],"picked":"Twin Strike","floor":4.0},{"not_picked":["Evolve","Warcry"],"picked":"Battle Trance","floor":6.0},{"not_picked":["Dual Wield","Pummel"],"picked":"Uppercut","floor":8.0},{"not_picked":["Warcry","Rage"],"picked":"Barricade","floor":13.0},{"not_picked":["Armaments","Carnage"],"picked":"Dropkick","floor":14.0},{"not_picked":["Brutality","Immolate"],"picked":"Demon Form","floor":16.0},{"not_picked":["Clash","Warcry","Body Slam"],"picked":"SKIP","floor":18.0},{"not_picked":["Iron Wave","Thunderclap"],"picked":"Rage+1","floor":25.0},{"not_picked":["Evolve","Feed","Cleave"],"picked":"Singing Bowl","floor":28.0},{"not_picked":["Headbutt","Evolve","Warcry"],"picked":"Singing Bowl","floor":31.0},{"not_picked":["Bludgeon","Fiend Fire"],"picked":"Dark Embrace","floor":33},{"not_picked":["Twin Strike+1","Thunderclap","Wild Strike"],"picked":"Singing Bowl","floor":35},{"not_picked":["Deep Breath","Swift Strike","Sadistic Nature"],"picked":"Singing Bowl","floor":37},{"not_picked":["Armaments","Burning Pact"],"picked":"Warcry+1","floor":38},{"not_picked":["Evolve","Seeing Red+1"],"picked":"Ghostly Armor+1","floor":41},{"not_picked":["Cleave","Havoc","Thunderclap"],"picked":"Singing Bowl","floor":44},{"not_picked":["Iron Wave","Cleave","Body Slam+1"],"picked":"Singing Bowl","floor":45},{"not_picked":["Seeing Red","Armaments+1","Flex"],"picked":"Singing Bowl","floor":47},{"not_picked":["Seeing Red","Cleave","Evolve"],"picked":"Singing Bowl","floor":48}],"player_experience":412783,"relics_obtained":[{"floor":5.0,"key":"Oddly Smooth Stone"},{"floor":6.0,"key":"Whetstone"},{"floor":8.0,"key":"Potion Belt"},{"floor":9.0,"key":"Pear"},{"floor":14.0,"key":"Kunai"},{"floor":19.0,"key":"Anchor"},{"floor":20.0,"key":"Necronomicon"},{"floor":25.0,"key":"Charon\u0027s Ashes"},{"floor":26.0,"key":"Singing Bowl"},{"floor":28.0,"key":"Matryoshka"},{"floor":43,"key":"Smiling Mask"},{"floor":43,"key":"Juzu Bracelet"}],"event_choices":[{"damage_healed":0.0,"max_hp_gain":0.0,"max_hp_loss":0.0,"gold_gain":0.0,"event_name":"Cursed Tome","player_choice":"Obtained Book","floor":20.0,"gold_loss":0.0,"damage_taken":21.0},{"damage_healed":0.0,"max_hp_gain":0.0,"max_hp_loss":0.0,"gold_gain":0.0,"event_name":"Beggar","player_choice":"Ignored","floor":22.0,"gold_loss":0.0,"damage_taken":0.0},{"damage_healed":0.0,"max_hp_gain":5.0,"max_hp_loss":0.0,"gold_gain":0.0,"event_name":"Forgotten Altar","player_choice":"Shed Blood","floor":30.0,"gold_loss":0.0,"damage_taken":37.0},{"cards_removed":["True Grit"],"damage_healed":0,"gold_gain":0,"player_choice":"Removed Skill","damage_taken":0,"max_hp_gain":0,"max_hp_loss":0,"event_name":"Falling","floor":36,"gold_loss":0},{"damage_healed":0,"gold_gain":0,"player_choice":"Memory 1","damage_taken":0,"max_hp_gain":0,"max_hp_loss":0,"event_name":"SensoryStone","floor":37,"gold_loss":0}],"is_beta":false,"boss_relics":[{"not_picked":["Orrery","Runic Dome"],"picked":"Sozu"},{"not_picked":["Empty Cage","White Beast Statue"],"picked":"Mark of Pain"}],"items_purged_floors":[10],"is_endless":false,"potions_floor_spawned":[6,8,13,14,18,28,33,38,44,48],"ascension_level":16}