{"gold_per_floor":[115,34,47,58,70,102,102,127,154,213,213,69,69,85,85,190,190,200,219,219,236,252,268,88,88,88,10,10,10],"floor_reached":29,"playtime":2654,"items_purged":["Strike_G","Strike_G"],"score":294,"play_id":"5d5f4a5f-79af-4d26-92b3-7530a158d905","local_time":"20190211195418","is_ascension_mode":true,"campfire_choices":[{"data":"Skewer","floor":7,"key":"SMITH"},{"floor":11,"key":"REST"},{"data":"Footwork","floor":13,"key":"SMITH"},{"data":"Noxious Fumes","floor":15,"key":"SMITH"}],"neow_cost":"NONE","seed_source_timestamp":2786617266016365,"circlet_count":0,"master_deck":["Defend_G","Defend_G","Defend_G","Survivor","Neutralize","Doppelganger","Crippling Poison","Well Laid Plans","Backflip","Noxious Fumes+1","Skewer+1","Die Die Die","Dodge and Roll","Deflect","Footwork+1","After Image","Dagger Spray+1","Dagger Throw+1","Night Terror+1","Crippling Poison","Dodge and Roll","Deadly Poison","Well Laid Plans+1","Footwork","Writhe","Footwork+1","Malaise","Endless Agony+1"],"relics":["Ring of the Snake","Pen Nib","Happy Flower","Oddly Smooth Stone","Potion Belt","Astrolabe","Molten Egg 2","Frozen Egg 2"],"potions_floor_usage":[16,19,21,23],"damage_taken":[{"damage":0,"enemies":"Cultist","floor":1,"turns":4},{"damage":2,"enemies":"Small Slimes","floor":3,"turns":4},{"damage":1,"enemies":"Jaw Worm","floor":4,"turns":5},{"damage":5,"enemies":"Exordium Wildlife","floor":5,"turns":5},{"damage":23,"enemies":"3 Sentries","floor":6,"turns":7},{"damage":14,"enemies":"Gremlin Nob","floor":8,"turns":4},{"damage":13,"enemies":"Gremlin Nob","floor":10,"turns":3},{"damage":2,"enemies":"Blue Slaver","floor":14,"turns":4},{"damage":12,"enemies":"Hexaghost","floor":16,"turns":5},{"damage":16,"enemies":"2 Thieves","floor":18,"turns":5},{"damage":4,"enemies":"Shell Parasite","floor":19,"turns":6},{"damage":0,"enemies":"Centurion and Healer","floor":21,"turns":8},{"damage":11,"enemies":"Shelled Parasite and Fungi","floor":22,"turns":8},{"damage":7,"enemies":"Chosen and Byrds","floor":23,"turns":7},{"damage":13,"enemies":"Centurion and Healer","floor":29,"turns":3}],"seed_played":"2627656597746676047","potions_obtained":[{"floor":6,"key":"GamblersBrew"},{"floor":8,"key":"SkillPotion"},{"floor":10,"key":"Dexterity Potion"},{"floor":16,"key":"Swift Potion"},{"floor":19,"key":"Ancient Potion"},{"floor":22,"key":"Strength Potion"}],"is_trial":false,"path_per_floor":["M","$","M","M","M","E","R","E","T","?","R","$","R","M","R","B",null,"M","M","?","M","M","M","$","?","T","$","?","M"],"character_chosen":"THE_SILENT","items_purchased":["Well Laid Plans","Backflip","Footwork","Footwork","Footwork+1"],"campfire_rested":1,"item_purchase_floors":[2,2,12,24,27],"current_hp_per_floor":[70,70,68,67,62,39,39,25,25,12,33,33,33,31,31,19,57,41,37,30,30,19,12,12,12,12,12,12,0],"gold":10,"neow_bonus":"ONE_RANDOM_RARE_CARD","is_prod":false,"is_daily":false,"chose_seed":false,"campfire_upgraded":3,"win_rate":0,"timestamp":1549932858,"path_taken":["M","?","M","M","M","E","R","E","T","?","R","$","R","M","R","BOSS","M","M","?","M","?","M","$","?","T","?","?","M"],"build_version":"2019-01-23","purchased_purges":2,"victory":false,"max_hp_per_floor":[70,70,70,70,70,70,70,70,70,70,70,70,70,70,70,70,70,70,70,70,70,70,70,70,70,70,70,70,70],"card_choices":[{"not_picked":["Flying Knee","Catalyst"],"picked":"Crippling Poison","floor":1},{"not_picked":["Tactician","Blade Dance","Slice"],"picked":"SKIP","floor":3},{"not_picked":["Dagger Spray","Blade Dance"],"picked":"Noxious Fumes","floor":4},{"not_picked":["Finisher","Cloak And Dagger"],"picked":"Skewer","floor":5},{"not_picked":["Quick Slash","Sucker Punch"],"picked":"Die Die Die","floor":6},{"not_picked":["Quick Slash","Prepared"],"picked":"Dodge and Roll","floor":8},{"not_picked":["Endless Agony","Choke"],"picked":"Deflect","floor":10},{"not_picked":["Backflip","Blade Dance","Cloak And Dagger"],"picked":"SKIP","floor":14},{"not_picked":["Adrenaline","Glass Knife"],"picked":"After Image","floor":16},{"not_picked":["Predator+1","Bouncing Flask"],"picked":"Crippling Poison","floor":18},{"not_picked":["Deflect","Slice+1"],"picked":"Dodge and Roll","floor":19},{"not_picked":["Backflip+1","Slice"],"picked":"Deadly Poison","floor":21},{"not_picked":["Calculated Gamble","Prepared"],"picked":"Well Laid Plans+1","floor":22},{"not_picked":["Sucker Punch","Dodge and Roll","Dagger Throw"],"picked":"SKIP","floor":23}],"player_experience":190175,"relics_obtained":[{"floor":6,"key":"Pen Nib"},{"floor":8,"key":"Happy Flower"},{"floor":9,"key":"Oddly Smooth Stone"},{"floor":10,"key":"Potion Belt"},{"floor":26,"key":"Frozen Egg 2"}],"event_choices":[{"damage_healed":0,"gold_gain":0,"player_choice":"Searched \u00271\u0027 times","damage_taken":0,"max_hp_gain":0,"max_hp_loss":0,"event_name":"Dead Adventurer","floor":10,"gold_loss":0},{"damage_healed":0,"gold_gain":0,"player_choice":"","damage_taken":7,"max_hp_gain":0,"max_hp_loss":0,"event_name":"Knowing Skull","floor":20,"potions_obtained":[],"gold_loss":0,"cards_obtained":[]},{"damage_healed":0,"gold_gain":0,"player_choice":"Opened","damage_taken":0,"relics_obtained":["Molten Egg 2"],"max_hp_gain":0,"max_hp_loss":0,"event_name":"The Mausoleum","floor":25,"gold_loss":0,"cards_obtained":["Writhe"]},{"damage_healed":0,"gold_gain":0,"cards_transformed":["Defend_G","Defend_G"],"player_choice":"Became Test Subject","damage_taken":0,"max_hp_gain":0,"max_hp_loss":0,"event_name":"Drug Dealer","floor":28,"gold_loss":0,"cards_obtained":["Malaise","Endless Agony"]}],"is_beta":false,"boss_relics":[{"not_picked":["Ring of the Serpent","Calling Bell"],"picked":"Astrolabe"}],"items_purged_floors":[12,24],"is_endless":false,"potions_floor_spawned":[6,8,10,16,19,22],"killed_by":"Centurion and Healer","ascension_level":5}