{"gold_per_floor":[110,110,121,46,64,96,106,132,157,196,208,248,260,291,303,315],"floor_reached":16,"playtime":426,"items_purged":["Strike_R"],"score":195,"play_id":"aa103277-3f45-435a-a6ab-18353047161b","local_time":"20181118160303","is_ascension_mode":false,"campfire_choices":[{"data":"Armaments","floor":13,"key":"SMITH"},{"data":"Shrug It Off","floor":15,"key":"SMITH"}],"neow_cost":"NONE","seed_source_timestamp":29544062527180,"circlet_count":0,"master_deck":["Strike_R","Strike_R","Strike_R","Strike_R","Defend_R","Defend_R","Defend_R","Defend_R","Bash","Bludgeon+1","Shrug It Off+1","Anger","Fire Breathing","Headbutt","Disarm","Anger","Armaments+1"],"relics":["Burning Blood","Bag of Preparation","Happy Flower","MawBank","Centennial Puzzle","Bronze Scales","Kunai"],"potions_floor_usage":[8,8,16],"damage_taken":[{"damage":5,"enemies":"Small Slimes","floor":1,"turns":2},{"damage":0,"enemies":"Cultist","floor":3,"turns":2},{"damage":1,"enemies":"Jaw Worm","floor":5,"turns":2},{"damage":28,"enemies":"Lagavulin","floor":6,"turns":5},{"damage":22,"enemies":"Lots of Slimes","floor":7,"turns":4},{"damage":13,"enemies":"Gremlin Nob","floor":8,"turns":4},{"damage":0,"enemies":"Lagavulin","floor":12,"turns":3},{"damage":5,"enemies":"Exordium Wildlife","floor":14,"turns":2}],"seed_played":"7134705215726207024","potions_obtained":[{"floor":5,"key":"Poison Potion"},{"floor":7,"key":"Energy Potion"},{"floor":8,"key":"Poison Potion"},{"floor":14,"key":"Energy Potion"}],"is_trial":false,"path_per_floor":["M","?","M","$","M","E","M","E","T","T","?","E","R","M","R","B"],"character_chosen":"IRONCLAD","items_purchased":[],"campfire_rested":0,"item_purchase_floors":[],"current_hp_per_floor":[80,80,80,80,80,58,42,35,35,35,35,41,41,42,42,0],"gold":315,"neow_bonus":"ONE_RANDOM_RARE_CARD","is_prod":false,"is_daily":false,"chose_seed":false,"campfire_upgraded":2,"win_rate":0,"timestamp":1542553383,"path_taken":["M","?","M","$","?","E","M","E","T","?","?","E","R","M","R","BOSS"],"build_version":"2018-11-15","purchased_purges":1,"victory":false,"max_hp_per_floor":[80,80,80,80,80,80,80,80,80,80,80,80,80,80,80,80],"card_choices":[{"not_picked":["Thunderclap","Heavy Blade"],"picked":"Shrug It Off","floor":1},{"not_picked":["Infernal Blade","Corruption"],"picked":"Anger","floor":3},{"not_picked":["Clash","Rupture"],"picked":"Fire Breathing","floor":5},{"not_picked":["Twin Strike","Body Slam"],"picked":"Headbutt","floor":6},{"not_picked":["Thunderclap","Dark Embrace"],"picked":"Disarm","floor":7},{"not_picked":["Power Through","Havoc"],"picked":"Anger","floor":8},{"not_picked":["Twin Strike","Burning Pact"],"picked":"Armaments","floor":12},{"not_picked":["Twin Strike","Perfected Strike","Body Slam"],"picked":"SKIP","floor":14}],"player_experience":119811,"relics_obtained":[{"floor":6,"key":"Bag of Preparation"},{"floor":8,"key":"Happy Flower"},{"floor":9,"key":"MawBank"},{"floor":10,"key":"Centennial Puzzle"},{"floor":12,"key":"Kunai"}],"event_choices":[{"damage_healed":0,"gold_gain":0,"player_choice":"Forge","damage_taken":0,"max_hp_gain":0,"max_hp_loss":0,"event_name":"Accursed Blacksmith","floor":2,"gold_loss":0,"cards_upgraded":["Bludgeon"]},{"damage_healed":0,"gold_gain":0,"player_choice":"Gave Potion","damage_taken":0,"relics_obtained":["Bronze Scales"],"max_hp_gain":0,"max_hp_loss":0,"event_name":"WeMeetAgain","floor":11,"gold_loss":0}],"is_beta":false,"boss_relics":[],"items_purged_floors":[4],"is_endless":false,"potions_floor_spawned":[5,7,8,14],"killed_by":"The Guardian","ascension_level":0}