{"gold_per_floor":[109,129,129,146,69,69,94,94,94,94,110,122,144,164,164,164],"floor_reached":16,"playtime":408,"items_purged":[],"score":102,"play_id":"97266f14-1da3-443e-a2fa-5fa34e1f30e8","local_time":"20181120164537","is_ascension_mode":false,"campfire_choices":[{"floor":6,"key":"RECALL"},{"floor":8,"key":"REST"},{"floor":15,"key":"REST"}],"neow_cost":"NONE","seed_source_timestamp":7550208222803,"circlet_count":0,"master_deck":["Strike_R","Strike_R","Strike_R","Strike_R","Defend_R","Defend_R","Defend_R","Defend_R","Bash","Anger+1","Combust","Seeing Red"],"relics":["Busted Crown","Calipers","Thread and Needle","Odd Mushroom"],"potions_floor_usage":[16,16],"damage_taken":[{"damage":10,"enemies":"Small Slimes","floor":1,"turns":4},{"damage":0,"enemies":"Cultist","floor":2,"turns":2},{"damage":0,"enemies":"2 Louse","floor":4,"turns":3},{"damage":50,"enemies":"Lagavulin","floor":7,"turns":6},{"damage":3,"enemies":"Large Slime","floor":11,"turns":5},{"damage":2,"enemies":"2 Fungi Beasts","floor":12,"turns":3},{"damage":19,"enemies":"The Mushroom Lair","floor":13,"turns":4},{"damage":16,"enemies":"3 Louse","floor":14,"turns":3},{"damage":30,"enemies":"The Guardian","floor":16,"turns":9}],"seed_played":"7273088243496836857","potions_obtained":[{"floor":1,"key":"LiquidBronze"},{"floor":13,"key":"Swift Potion"}],"is_trial":false,"path_per_floor":["M","M","?","M","$","R","E","R","T","?","M","M","?","M","R","B"],"character_chosen":"IRONCLAD","items_purchased":["Combust"],"campfire_rested":2,"item_purchase_floors":[5],"current_hp_per_floor":[70,70,70,70,70,70,20,44,44,44,41,39,20,4,28,0],"gold":164,"neow_bonus":"BOSS_RELIC","is_prod":false,"is_daily":false,"chose_seed":false,"campfire_upgraded":0,"win_rate":0,"timestamp":1542728737,"path_taken":["M","M","?","?","$","R","E","R","T","?","M","M","?","M","R","BOSS"],"build_version":"2018-11-15","purchased_purges":0,"victory":false,"max_hp_per_floor":[80,80,80,80,80,80,80,80,80,80,80,80,80,80,80,80],"card_choices":[{"not_picked":["Second Wind"],"picked":"SKIP","floor":1},{"not_picked":["Burning Pact"],"picked":"SKIP","floor":2},{"not_picked":[],"picked":"Anger","floor":4},{"not_picked":["Sword Boomerang"],"picked":"SKIP","floor":7},{"not_picked":[],"picked":"Seeing Red","floor":11},{"not_picked":["Sword Boomerang"],"picked":"SKIP","floor":12},{"not_picked":["Dropkick"],"picked":"SKIP","floor":14}],"player_experience":128929,"relics_obtained":[{"floor":7,"key":"Calipers"},{"floor":9,"key":"Thread and Needle"},{"floor":13,"key":"Odd Mushroom"}],"event_choices":[{"cards_removed":["Strike_R"],"damage_healed":0,"gold_gain":0,"player_choice":"Offered Basic","damage_taken":0,"max_hp_gain":0,"max_hp_loss":0,"event_name":"Bonfire Elementals","floor":3,"gold_loss":0},{"damage_healed":0,"gold_gain":0,"player_choice":"Grow","damage_taken":0,"max_hp_gain":0,"max_hp_loss":0,"event_name":"Living Wall","floor":10,"gold_loss":0,"cards_upgraded":["Anger"]},{"damage_healed":0,"gold_gain":0,"player_choice":"Fought Mushrooms","damage_taken":0,"max_hp_gain":0,"max_hp_loss":0,"event_name":"Mushrooms","floor":13,"gold_loss":0}],"is_beta":false,"boss_relics":[],"items_purged_floors":[],"is_endless":false,"potions_floor_spawned":[1,13],"killed_by":"The Guardian","ascension_level":0}