{"gold_per_floor":[110,120,140,152,163,192,202,213,213,213,245,17,17,31,31,127,127,127,127,127,307,324,357,357,456,456,456,91,106,122,152,152,152],"floor_reached":33,"playtime":1527,"items_purged":["Strike_R"],"score":299,"play_id":"83ac967b-3f23-4c02-91bb-3c91c30d93ad","local_time":"20180626021204","is_ascension_mode":false,"campfire_choices":[{"data":"Armaments","floor":10,"key":"SMITH"},{"floor":15,"key":"REST"},{"floor":24,"key":"REST"},{"floor":27,"key":"REST"},{"floor":32,"key":"REST"}],"neow_cost":"NONE","seed_source_timestamp":37680099359970,"circlet_count":0,"master_deck":["Strike_R+1","Strike_R+1","Strike_R","Strike_R","Defend_R","Defend_R","Defend_R","Defend_R","Bash","Clothesline+1","Headbutt","Perfected Strike","Clash","Armaments+1","Cleave","Perfected Strike","Twin Strike","Shrug It Off","Whirlwind","Clash","Feed","Feed+1","Perfected Strike","Cleave","Shrug It Off","Double Tap"],"relics":["Burning Blood","Self Forming Clay","Vajra","Black Star","Nloth\u0027s Gift","Ginger","Magic Flower","Regal Pillow","Toolbox","Ancient Tea Set","Whetstone"],"potions_floor_usage":[4,7,14,16,16,18,31],"damage_taken":[{"damage":0,"enemies":"2 Louse","floor":1,"turns":3},{"damage":3,"enemies":"Small Slimes","floor":2,"turns":4},{"damage":3,"enemies":"Jaw Worm","floor":3,"turns":3},{"damage":9,"enemies":"Red Slaver","floor":4,"turns":3},{"damage":14,"enemies":"Blue Slaver","floor":5,"turns":3},{"damage":26,"enemies":"Lagavulin","floor":6,"turns":7},{"damage":10,"enemies":"Lots of Slimes","floor":7,"turns":3},{"damage":1,"enemies":"2 Fungi Beasts","floor":8,"turns":3},{"damage":19,"enemies":"3 Sentries","floor":11,"turns":5},{"damage":5,"enemies":"Exordium Thugs","floor":14,"turns":2},{"damage":27,"enemies":"Hexaghost","floor":16,"turns":8},{"damage":0,"enemies":"2 Thieves","floor":18,"turns":1},{"damage":11,"enemies":"Spheric Guardian","floor":22,"turns":4},{"damage":37,"enemies":"Slavers","floor":23,"turns":5},{"damage":50,"enemies":"Chosen and Byrds","floor":29,"turns":6},{"damage":10,"enemies":"Sentry and Sphere","floor":30,"turns":3},{"damage":19,"enemies":"Gremlin Leader","floor":31,"turns":6},{"damage":81,"enemies":"Champ","floor":33,"turns":9}],"seed_played":"-6360366192665839227","potions_obtained":[{"floor":3,"key":"Fruit Juice"},{"floor":4,"key":"SmokeBomb"},{"floor":6,"key":"SkillPotion"},{"floor":8,"key":"Dexterity Potion"},{"floor":14,"key":"LiquidBronze"},{"floor":23,"key":"SpeedPotion"},{"floor":29,"key":"FearPotion"}],"is_trial":false,"path_per_floor":["M","M","M","M","M","E","M","M","T","R","E","$","?","M","R","B",null,"M","?","?","?","M","E","R","?","T","R","$","M","M","E","R"],"character_chosen":"IRONCLAD","items_purchased":["Twin Strike","Shrug It Off","Whirlwind","Explosive Potion","Toolbox","Shrug It Off"],"campfire_rested":4,"item_purchase_floors":[12,12,12,12,28,28],"current_hp_per_floor":[80,80,80,82,74,54,50,55,55,55,42,42,25,26,51,30,85,85,85,85,61,56,25,50,50,50,85,85,49,48,38,79,0],"gold":152,"neow_bonus":"THREE_CARDS","is_prod":false,"is_daily":false,"chose_seed":false,"campfire_upgraded":1,"win_rate":0,"timestamp":1529971924,"path_taken":["M","M","M","M","M","E","M","M","T","R","E","$","?","M","R","BOSS","M","?","?","?","M","E","R","?","T","R","$","?","M","E","R","BOSS"],"build_version":"2018-06-21v2","purchased_purges":1,"victory":false,"max_hp_per_floor":[80,80,80,85,85,85,85,85,85,85,85,85,85,85,85,85,85,85,85,85,85,85,85,85,85,85,85,85,88,88,88,88,88],"card_choices":[{"not_picked":["Flex","Corruption"],"picked":"Clothesline","floor":0},{"not_picked":["Anger","Thunderclap"],"picked":"Headbutt","floor":1},{"not_picked":["Clothesline","Feel No Pain"],"picked":"Perfected Strike","floor":2},{"not_picked":["Blood for Blood","Entrench","True Grit"],"picked":"SKIP","floor":3},{"not_picked":["Seeing Red","Flex"],"picked":"Clash","floor":4},{"not_picked":["Sever Soul","Flex","Seeing Red"],"picked":"SKIP","floor":5},{"not_picked":["Clash","Metallicize"],"picked":"Armaments","floor":6},{"not_picked":["Anger","Clothesline"],"picked":"Cleave","floor":7},{"not_picked":["Body Slam","True Grit","Bloodletting"],"picked":"SKIP","floor":8},{"not_picked":["Heavy Blade","Burning Pact"],"picked":"Perfected Strike","floor":11},{"not_picked":["Dark Embrace","Anger"],"picked":"Clash","floor":14},{"not_picked":["Demon Form","Immolate"],"picked":"Feed","floor":16},{"not_picked":["Seeing Red","Flame Barrier"],"picked":"Perfected Strike","floor":22},{"not_picked":["Juggernaut","Warcry"],"picked":"Cleave","floor":23},{"not_picked":["Combust","Flex","Headbutt"],"picked":"SKIP","floor":29},{"not_picked":["Heavy Blade+1","Armaments","True Grit"],"picked":"SKIP","floor":30},{"not_picked":["Dark Embrace","Clothesline+1"],"picked":"Double Tap","floor":31}],"player_experience":43513,"relics_obtained":[{"floor":6,"key":"Self Forming Clay"},{"floor":9,"key":"Vajra"},{"floor":11,"key":"Boot"},{"floor":23,"key":"Ginger"},{"floor":23,"key":"Magic Flower"},{"floor":26,"key":"Regal Pillow"},{"floor":31,"key":"Ancient Tea Set"},{"floor":31,"key":"Whetstone"}],"event_choices":[{"event_name":"Shining Light","player_choice":"Entered Light","floor":13,"damage_taken":0},{"event_name":"N\u0027loth","player_choice":"Traded a Boot","floor":19,"damage_taken":0},{"event_name":"Duplicator","player_choice":"One dupe","floor":20,"damage_taken":0},{"event_name":"Knowing Skull","player_choice":"GOLD GOLD ","floor":21,"damage_taken":0},{"event_name":"Nest","player_choice":"Stole From Cult","floor":25,"damage_taken":0}],"boss_relics":[{"not_picked":["Philosopher\u0027s Stone","Fusion Hammer"],"picked":"Black Star"}],"items_purged_floors":[28],"is_endless":false,"potions_floor_spawned":[3,4,6,8,14,23,29],"killed_by":"Champ","ascension_level":0}