{"gold_per_floor":[115,115,129,149,11,11,41,41,68,79,91,91,120,132,132,208,208,221,236,250,349,65,92,92,117,117,146,146,156,156,172,172,246,246,264,37,85,85,100,129,142,173,173,199,54,80,80,94,94,94],"floor_reached":51,"playtime":3782,"items_purged":["Strike_B"],"score":1674,"play_id":"8251787b-10f8-4632-abf6-89f6366f55ee","local_time":"20190604205051","is_ascension_mode":true,"campfire_choices":[{"floor":6.0,"key":"REST"},{"data":"Capacitor","floor":8.0,"key":"SMITH"},{"floor":15.0,"key":"REST"},{"data":"Coolheaded","floor":30.0,"key":"SMITH"},{"data":"Barrage","floor":32.0,"key":"SMITH"},{"data":"Defragment","floor":47,"key":"SMITH"},{"data":"Loop","floor":49,"key":"SMITH"}],"neow_cost":"NONE","seed_source_timestamp":0,"circlet_count":0,"master_deck":["AscendersBane","Defend_B","Defend_B","Defend_B","Defend_B","Zap","Dualcast","Doom and Gloom","FTL","Skim","Gash","Echo Form","Capacitor+1","Self Repair","Go for the Eyes","Ball Lightning","White Noise","Electrodynamics","Barrage+1","Coolheaded+1","Darkness","Ghostly","Ghostly","Ghostly","Ghostly","Ghostly","Multi-Cast","Self Repair","Ghostly","Conserve Battery","Chill+1","Buffer","Stack+1","Storm","Heatsinks","Storm","Loop+1","Heatsinks+1","Consume+1","Compile Driver","Defragment+1","Hello World","Double Energy+1"],"special_seed":0,"relics":["FrozenCore","Orichalcum","Anchor","Strawberry","Mummified Hand","Runic Capacitor","The Courier","Darkstone Periapt","Vajra","DataDisk","Nuclear Battery","Pocketwatch","Meat on the Bone","Pear","Sundial","Gremlin Horn","Blood Vial"],"potions_floor_usage":[33,50],"damage_taken":[{"damage":13.0,"enemies":"Small Slimes","floor":1.0,"turns":2.0},{"damage":7.0,"enemies":"Jaw Worm","floor":3.0,"turns":3.0},{"damage":0.0,"enemies":"Cultist","floor":4.0,"turns":3.0},{"damage":30.0,"enemies":"Lagavulin","floor":7.0,"turns":5.0},{"damage":6.0,"enemies":"Exordium Thugs","floor":10.0,"turns":4.0},{"damage":7.0,"enemies":"Lots of Slimes","floor":11.0,"turns":4.0},{"damage":14.0,"enemies":"3 Sentries","floor":13.0,"turns":3.0},{"damage":11.0,"enemies":"Blue Slaver","floor":14.0,"turns":4.0},{"damage":29.0,"enemies":"Hexaghost","floor":16.0,"turns":9.0},{"damage":10.0,"enemies":"3 Byrds","floor":18.0,"turns":4.0},{"damage":19.0,"enemies":"Spheric Guardian","floor":19.0,"turns":4.0},{"damage":1.0,"enemies":"Chosen and Byrds","floor":20.0,"turns":4.0},{"damage":16.0,"enemies":"Book of Stabbing","floor":23.0,"turns":5.0},{"damage":0.0,"enemies":"Gremlin Leader","floor":25.0,"turns":6.0},{"damage":26.0,"enemies":"Book of Stabbing","floor":27.0,"turns":8.0},{"damage":0.0,"enemies":"Sentry and Sphere","floor":29.0,"turns":9.0},{"damage":0.0,"enemies":"Centurion and Healer","floor":31.0,"turns":7.0},{"damage":0,"enemies":"Automaton","floor":33,"turns":8},{"damage":0,"enemies":"3 Shapes","floor":35,"turns":8},{"damage":22,"enemies":"2 Orb Walkers","floor":37,"turns":6},{"damage":0,"enemies":"3 Darklings","floor":39,"turns":3},{"damage":0,"enemies":"Giant Head","floor":40,"turns":8},{"damage":0,"enemies":"Transient","floor":41,"turns":5},{"damage":0,"enemies":"Nemesis","floor":42,"turns":7},{"damage":0,"enemies":"Giant Head","floor":44,"turns":7},{"damage":0,"enemies":"Sphere and 2 Shapes","floor":48,"turns":3},{"damage":0,"enemies":"Donu and Deca","floor":50,"turns":6}],"seed_played":"7829041713351648217","potions_obtained":[{"floor":4.0,"key":"Swift Potion"},{"floor":7.0,"key":"Energy Potion"},{"floor":13.0,"key":"Dexterity Potion"},{"floor":14.0,"key":"Strength Potion"},{"floor":19.0,"key":"Explosive Potion"},{"floor":20.0,"key":"Energy Potion"},{"floor":23.0,"key":"SteroidPotion"},{"floor":33,"key":"Dexterity Potion"},{"floor":37,"key":"Block Potion"},{"floor":42,"key":"Swift Potion"}],"is_trial":false,"path_per_floor":["M","?","M","M","$","R","E","R","T","M","M","T","E","M","R","B",null,"M","M","M","?","$","E","?","E","T","E","?","M","R","M","R","B",null,"M","$","?","?","M","E","M","E","T","E","$","T","R","M","R","B",null],"character_chosen":"DEFECT","items_purchased":["Echo Form","Runic Capacitor","Darkness","Storm","Heatsinks","Storm","Loop","Defragment","Hello World"],"campfire_rested":2,"item_purchase_floors":[5,22,22,36,36,36,36,45,45],"current_hp_per_floor":[51,44,37,37,37,58,28,28,28,22,29,36,22,18,41,26,65,62,50,63,63,63,54,39,39,39,20,20,39,39,39,39,39,39,39,39,38,38,39,39,39,49,49,49,49,49,49,49,49,49],"gold":94,"neow_bonus":"TRANSFORM_CARD","is_prod":false,"is_daily":false,"chose_seed":false,"campfire_upgraded":5,"win_rate":0,"timestamp":1559695851,"path_taken":["M","?","M","M","?","R","E","R","T","?","M","?","E","?","R","BOSS","M","M","M","?","$","E","?","E","T","E","?","M","R","?","R","BOSS","M","$","?","?","M","E","?","E","T","E","?","?","R","M","R","BOSS"],"build_version":"2019-01-23","purchased_purges":1,"victory":true,"max_hp_per_floor":[71,71,71,71,71,71,71,71,71,71,71,78,78,78,78,78,78,78,78,78,78,78,78,39,39,39,39,39,39,39,39,39,39,39,39,39,39,39,39,39,39,49,49,49,49,49,49,49,49,49],"card_choices":[{"not_picked":["Streamline","Skim"],"picked":"FTL","floor":1.0},{"not_picked":["Fusion","Stack"],"picked":"Skim","floor":3.0},{"not_picked":["Auto Shields","Force Field"],"picked":"Gash","floor":4.0},{"not_picked":["Storm","Ball Lightning"],"picked":"Capacitor","floor":7.0},{"not_picked":["Beam Cell","Conserve Battery"],"picked":"Self Repair","floor":10.0},{"not_picked":["Skim","Fusion"],"picked":"Go for the Eyes","floor":11.0},{"not_picked":["Aggregate","Fusion"],"picked":"Ball Lightning","floor":13.0},{"not_picked":["Hyperbeam","Skim"],"picked":"White Noise","floor":14.0},{"not_picked":["Multi-Cast","Core Surge"],"picked":"Electrodynamics","floor":16.0},{"not_picked":["Sweeping Beam","Stack","Hello World"],"picked":"SKIP","floor":18.0},{"not_picked":["Recycle","Turbo"],"picked":"Barrage","floor":19.0},{"not_picked":["Static Discharge","Streamline+1"],"picked":"Coolheaded","floor":20.0},{"not_picked":["Steam Power","Rebound","Beam Cell"],"picked":"SKIP","floor":23.0},{"not_picked":["Sunder","Hologram"],"picked":"Multi-Cast","floor":25.0},{"not_picked":["Steam+1","Sweeping Beam"],"picked":"Self Repair","floor":27.0},{"not_picked":["Sunder","Gash"],"picked":"Conserve Battery","floor":29.0},{"not_picked":["Force Field","Storm"],"picked":"Chill+1","floor":31.0},{"not_picked":["All For One","Core Surge"],"picked":"Buffer","floor":33},{"not_picked":["Coolheaded","Ball Lightning+1"],"picked":"Stack+1","floor":35},{"not_picked":["Leap+1","Barrage"],"picked":"Heatsinks+1","floor":39},{"not_picked":["Beam Cell","Turbo"],"picked":"Consume+1","floor":40},{"not_picked":["Steam+1","Leap","Melter"],"picked":"SKIP","floor":41},{"not_picked":["Thunder Strike","Ball Lightning+1","Cold Snap"],"picked":"SKIP","floor":42},{"not_picked":["Steam Power","Fusion"],"picked":"Compile Driver","floor":44},{"not_picked":["Blizzard+1","BootSequence"],"picked":"Double Energy+1","floor":48}],"player_experience":448964,"relics_obtained":[{"floor":7.0,"key":"Orichalcum"},{"floor":9.0,"key":"Anchor"},{"floor":12.0,"key":"Strawberry"},{"floor":13.0,"key":"Mummified Hand"},{"floor":23.0,"key":"The Courier"},{"floor":25.0,"key":"Darkstone Periapt"},{"floor":26.0,"key":"Vajra"},{"floor":27.0,"key":"DataDisk"},{"floor":37,"key":"Pocketwatch"},{"floor":40,"key":"Meat on the Bone"},{"floor":42,"key":"Pear"},{"floor":43,"key":"Sundial"},{"floor":44,"key":"Gremlin Horn"},{"floor":46,"key":"Blood Vial"}],"event_choices":[{"cards_removed":["Strike_B"],"damage_healed":0.0,"max_hp_gain":0.0,"max_hp_loss":0.0,"gold_gain":0.0,"event_name":"Golden Wing","player_choice":"Card Removal","floor":2.0,"gold_loss":0.0,"damage_taken":7.0},{"damage_healed":0.0,"max_hp_gain":0.0,"max_hp_loss":0.0,"gold_gain":99.0,"event_name":"Nest","player_choice":"Stole From Cult","floor":21.0,"gold_loss":0.0,"damage_taken":0.0},{"damage_healed":0.0,"max_hp_gain":0.0,"max_hp_loss":39.0,"gold_gain":0.0,"event_name":"Ghosts","player_choice":"Became a Ghost","floor":24.0,"gold_loss":0.0,"damage_taken":0.0,"cards_obtained":["Ghostly","Ghostly","Ghostly","Ghostly","Ghostly"]},{"damage_healed":0.0,"max_hp_gain":0.0,"max_hp_loss":0.0,"gold_gain":0.0,"event_name":"Duplicator","player_choice":"Copied","floor":28.0,"gold_loss":0.0,"damage_taken":0.0,"cards_obtained":["Ghostly"]},{"damage_healed":0,"gold_gain":0,"player_choice":"Fight","damage_taken":0,"max_hp_gain":0,"max_hp_loss":0,"event_name":"Mysterious Sphere","floor":37,"gold_loss":0},{"cards_removed":["Strike_B"],"damage_healed":0,"gold_gain":0,"player_choice":"Purged","damage_taken":0,"max_hp_gain":0,"max_hp_loss":0,"event_name":"Purifier","floor":38,"gold_loss":0}],"is_beta":false,"boss_relics":[{"not_picked":["Lizard Tail","Runic Pyramid"],"picked":"FrozenCore"},{"not_picked":["Empty Cage","Tiny House"],"picked":"Nuclear Battery"}],"items_purged_floors":[45],"is_endless":false,"potions_floor_spawned":[4,7,13,14,19,20,23,33,37,42,44],"ascension_level":14}