{"gold_per_floor":[118,132,132,132,5,5,5,5,5,5,39,60,91,112,112,205,205,224,237,253,27,48,88,88,88,140,183,207,207],"floor_reached":29,"playtime":1497,"items_purged":[],"score":492,"play_id":"f6815c57-2f8c-42e4-b20b-05f339fd3e5b","local_time":"20190602195036","is_ascension_mode":true,"campfire_choices":[{"data":"Limit Break","floor":6,"key":"SMITH"},{"data":"Inflame","floor":8,"key":"SMITH"},{"floor":15,"key":"REST"},{"floor":25,"key":"REST"}],"neow_cost":"TEN_PERCENT_HP_LOSS","seed_source_timestamp":1127573729887874,"circlet_count":0,"master_deck":["AscendersBane","Strike_R","Strike_R","Strike_R","Strike_R","Defend_R","Defend_R","Defend_R","Defend_R","Bash","Limit Break+1","Uppercut","Disarm","Inflame+1","Anger","Thunderclap","Metallicize","Inflame","Inflame","Immolate","Pommel Strike","Sword Boomerang","True Grit","Whirlwind","True Grit+1","J.A.X.","Sword Boomerang","Battle Trance"],"relics":["Burning Blood","Golden Idol","Question Card","Oddly Smooth Stone","Bag of Marbles","Fusion Hammer","Red Skull","Smiling Mask","Blood Vial"],"potions_floor_usage":[13,13,19,22,23,23,29],"damage_taken":[{"damage":6,"enemies":"Cultist","floor":1,"turns":4},{"damage":13,"enemies":"Jaw Worm","floor":2,"turns":5},{"damage":28,"enemies":"Gremlin Nob","floor":11,"turns":4},{"damage":0,"enemies":"Small Slimes","floor":12,"turns":3},{"damage":2,"enemies":"Lagavulin","floor":13,"turns":7},{"damage":10,"enemies":"Exordium Wildlife","floor":14,"turns":4},{"damage":24,"enemies":"Slime Boss","floor":16,"turns":7},{"damage":6,"enemies":"3 Byrds","floor":18,"turns":5},{"damage":27,"enemies":"Spheric Guardian","floor":19,"turns":4},{"damage":25,"enemies":"3 Cultists","floor":20,"turns":5},{"damage":0,"enemies":"Snake Plant","floor":22,"turns":2},{"damage":14,"enemies":"Book of Stabbing","floor":23,"turns":3},{"damage":0,"enemies":"Gremlin Leader","floor":27,"turns":5},{"damage":17,"enemies":"Snecko","floor":28,"turns":4},{"damage":41,"enemies":"Slavers","floor":29,"turns":3}],"seed_played":"1083515559245966033","potions_obtained":[{"floor":1,"key":"Dexterity Potion"},{"floor":11,"key":"SkillPotion"},{"floor":13,"key":"Swift Potion"},{"floor":16,"key":"SkillPotion"},{"floor":20,"key":"Explosive Potion"},{"floor":22,"key":"EssenceOfSteel"},{"floor":27,"key":"Dexterity Potion"}],"is_trial":false,"path_per_floor":["M","M","?","?","$","R","?","R","T","$","E","M","E","M","R","B",null,"M","M","M","$","M","E","?","R","T","E","M","E"],"character_chosen":"IRONCLAD","items_purchased":["Inflame","Anger","Red Skull","True Grit","PowerPotion"],"campfire_rested":2,"item_purchase_floors":[5,5,21,21,21],"current_hp_per_floor":[72,65,47,47,47,47,40,40,40,40,18,24,28,24,45,27,61,61,40,21,21,27,19,19,40,40,46,37,0],"gold":207,"neow_bonus":"THREE_RARE_CARDS","is_prod":false,"is_daily":false,"chose_seed":false,"campfire_upgraded":2,"win_rate":0,"timestamp":1559519436,"path_taken":["M","?","?","?","?","R","?","R","T","?","E","M","E","M","R","BOSS","M","M","M","$","?","E","?","R","T","E","M","E"],"build_version":"2019-01-23","purchased_purges":0,"victory":false,"max_hp_per_floor":[72,72,72,72,72,72,72,72,72,72,72,72,72,72,72,72,72,72,72,72,72,72,72,72,72,72,72,72,72],"card_choices":[{"not_picked":["Double Tap","Reaper"],"picked":"Limit Break","floor":0},{"not_picked":["Feel No Pain","Intimidate"],"picked":"Uppercut","floor":1},{"not_picked":["Rage","Havoc"],"picked":"Disarm","floor":2},{"not_picked":["Body Slam","Second Wind","Infernal Blade"],"picked":"Thunderclap","floor":11},{"not_picked":["True Grit","Carnage","Warcry"],"picked":"Metallicize","floor":12},{"not_picked":["Sentinel","Heavy Blade","Infernal Blade"],"picked":"Inflame","floor":13},{"not_picked":["Wild Strike","Juggernaut","Flex"],"picked":"Inflame","floor":14},{"not_picked":["Juggernaut","Dark Embrace","Brutality"],"picked":"Immolate","floor":16},{"not_picked":["Clash","Flex","Iron Wave"],"picked":"Pommel Strike","floor":18},{"not_picked":["Seeing Red","Clash","Thunderclap","Fiend Fire"],"picked":"SKIP","floor":19},{"not_picked":["Heavy Blade","Reckless Charge","Havoc"],"picked":"Sword Boomerang","floor":20},{"not_picked":["Havoc","Twin Strike","Headbutt"],"picked":"Whirlwind","floor":22},{"not_picked":["Immolate","Shockwave","Berserk"],"picked":"True Grit+1","floor":23},{"not_picked":["Barricade","Iron Wave","Spot Weakness"],"picked":"Sword Boomerang","floor":27},{"not_picked":["Havoc","Thunderclap","Reckless Charge"],"picked":"Battle Trance","floor":28}],"player_experience":434830,"relics_obtained":[{"floor":9,"key":"Question Card"},{"floor":11,"key":"Oddly Smooth Stone"},{"floor":13,"key":"Bag of Marbles"},{"floor":26,"key":"Smiling Mask"},{"floor":27,"key":"Blood Vial"}],"event_choices":[{"damage_healed":0,"gold_gain":0,"player_choice":"Take Damage","damage_taken":18,"relics_obtained":["Golden Idol"],"max_hp_gain":0,"max_hp_loss":0,"event_name":"Golden Idol","floor":3,"gold_loss":0},{"damage_healed":0,"gold_gain":0,"player_choice":"Ignored","damage_taken":0,"max_hp_gain":0,"max_hp_loss":0,"event_name":"Liars Game","floor":4,"gold_loss":0},{"cards_removed":["Strike_R"],"damage_healed":0,"gold_gain":0,"player_choice":"Card Removal","damage_taken":7,"max_hp_gain":0,"max_hp_loss":0,"event_name":"Golden Wing","floor":7,"gold_loss":0},{"damage_healed":0,"gold_gain":0,"player_choice":"Obtain J.A.X.","damage_taken":0,"max_hp_gain":0,"max_hp_loss":0,"event_name":"Drug Dealer","floor":24,"gold_loss":0,"cards_obtained":["J.A.X."]}],"is_beta":false,"boss_relics":[{"not_picked":["Runic Pyramid","Calling Bell"],"picked":"Fusion Hammer"}],"items_purged_floors":[],"is_endless":false,"potions_floor_spawned":[1,11,13,16,18,20,22,27],"killed_by":"Slavers","ascension_level":13}