{"gold_per_floor":[112,72,86,11,0,0,25,25,48,48,48,48,82,102,102,197,197,207,257,38,58,8,8,8,19,19,33,86,100,100,112,112,112],"floor_reached":33,"playtime":1403,"items_purged":["Strike_B","Strike_B","Strike_B"],"score":348,"play_id":"c3400876-9895-43c5-b55c-a85f7f263c90","local_time":"20190505180456","is_ascension_mode":true,"campfire_choices":[{"data":"Zap","floor":6,"key":"SMITH"},{"data":"Dualcast","floor":8,"key":"SMITH"},{"data":"BootSequence","floor":11,"key":"SMITH"},{"floor":15,"key":"REST"},{"floor":23,"key":"REST"},{"floor":32,"key":"REST"}],"neow_cost":"NONE","seed_source_timestamp":252748881981044,"circlet_count":0,"master_deck":["Defend_B","Defend_B","Defend_B+1","Defend_B+1","Zap+1","Dualcast+1","Ball Lightning","BootSequence+1","Reinforced Body","Leap","Core Surge","Sweeping Beam+1","Good Instincts","FTL","Auto Shields+1","Conserve Battery","Leap+1","Self Repair+1"],"relics":["Cracked Core","NeowsBlessing","Strawberry","Smiling Mask","War Paint","White Beast Statue","DataDisk","Orichalcum"],"potions_floor_usage":[16,25,27,27,31,31,31],"damage_taken":[{"damage":0,"enemies":"Jaw Worm","floor":1,"turns":1},{"damage":0,"enemies":"Cultist","floor":3,"turns":1},{"damage":0,"enemies":"3 Sentries","floor":7,"turns":1},{"damage":17,"enemies":"Lagavulin","floor":13,"turns":5},{"damage":0,"enemies":"Small Slimes","floor":14,"turns":3},{"damage":30,"enemies":"Slime Boss","floor":16,"turns":13},{"damage":0,"enemies":"Chosen","floor":18,"turns":4},{"damage":9,"enemies":"Spheric Guardian","floor":21,"turns":4},{"damage":12,"enemies":"Chosen and Byrds","floor":25,"turns":6},{"damage":27,"enemies":"Centurion and Healer","floor":27,"turns":6},{"damage":4,"enemies":"3 Cultists","floor":29,"turns":6},{"damage":13,"enemies":"Snake Plant","floor":31,"turns":4},{"damage":63,"enemies":"Champ","floor":33,"turns":14}],"seed_played":"7677613318331464356","potions_obtained":[{"floor":2,"key":"AttackPotion"},{"floor":2,"key":"EntropicBrew"},{"floor":2,"key":"SneckoOil"},{"floor":3,"key":"Swift Potion"},{"floor":13,"key":"Explosive Potion"},{"floor":16,"key":"Explosive Potion"},{"floor":18,"key":"Explosive Potion"},{"floor":21,"key":"Explosive Potion"},{"floor":25,"key":"Poison Potion"},{"floor":27,"key":"Poison Potion"},{"floor":29,"key":"Poison Potion"},{"floor":31,"key":"Fire Potion"}],"is_trial":false,"path_per_floor":["M","?","M","$","?","R","E","R","T","?","R","$","E","M","R","B",null,"M","?","$","M","$","R","?","M","T","M","T","M","?","M","R","B"],"character_chosen":"DEFECT","items_purchased":["Good Instincts","FTL"],"campfire_rested":3,"item_purchase_floors":[20,20],"current_hp_per_floor":[75,75,75,75,75,75,82,82,82,82,82,82,65,65,82,52,75,75,75,75,66,66,82,82,70,70,43,43,39,39,26,50,0],"gold":112,"neow_bonus":"THREE_ENEMY_KILL","is_prod":false,"is_daily":false,"chose_seed":false,"campfire_upgraded":3,"win_rate":0,"timestamp":1557104696,"path_taken":["M","?","?","$","?","R","E","R","T","?","R","$","E","M","R","BOSS","M","?","$","?","$","R","?","M","T","?","?","M","?","M","R","BOSS"],"build_version":"2019-01-23","purchased_purges":3,"victory":false,"max_hp_per_floor":[75,75,75,75,75,75,82,82,82,82,82,82,82,82,82,82,82,82,82,82,82,82,82,82,82,82,82,82,82,82,82,82,82],"card_choices":[{"not_picked":["Streamline","Defragment"],"picked":"Ball Lightning","floor":1},{"not_picked":["Consume","Recycle","Hologram"],"picked":"SKIP","floor":3},{"not_picked":["Sunder","Conserve Battery"],"picked":"BootSequence","floor":7},{"not_picked":["Darkness","FTL"],"picked":"Reinforced Body","floor":13},{"not_picked":["Genetic Algorithm","Coolheaded"],"picked":"Leap","floor":14},{"not_picked":["Multi-Cast","All For One"],"picked":"Core Surge","floor":16},{"not_picked":["Stack+1","Turbo+1"],"picked":"Sweeping Beam+1","floor":18},{"not_picked":["Sweeping Beam","Gash"],"picked":"Auto Shields+1","floor":21},{"not_picked":["Hello World","Gash","Fusion"],"picked":"SKIP","floor":25},{"not_picked":["Barrage","Redo"],"picked":"Conserve Battery","floor":27},{"not_picked":["Chill","Beam Cell"],"picked":"Leap+1","floor":29},{"not_picked":["Sweeping Beam","Rebound"],"picked":"Self Repair+1","floor":31}],"player_experience":277152,"relics_obtained":[{"floor":7,"key":"Strawberry"},{"floor":9,"key":"Smiling Mask"},{"floor":13,"key":"War Paint"},{"floor":26,"key":"DataDisk"},{"floor":28,"key":"Orichalcum"}],"event_choices":[{"damage_healed":0,"gold_gain":0,"player_choice":"Bought 3 Potions","damage_taken":0,"max_hp_gain":0,"max_hp_loss":0,"event_name":"The Woman in Blue","floor":2,"gold_loss":0},{"damage_healed":0,"gold_gain":0,"player_choice":"Left Gold","damage_taken":0,"max_hp_gain":0,"max_hp_loss":0,"event_name":"World of Goop","floor":5,"gold_loss":11},{"damage_healed":0,"gold_gain":0,"player_choice":"Ignored","damage_taken":0,"max_hp_gain":0,"max_hp_loss":0,"event_name":"Shining Light","floor":10,"gold_loss":0},{"damage_healed":0,"gold_gain":100,"player_choice":"Bet on Murderer","damage_taken":0,"max_hp_gain":0,"max_hp_loss":0,"event_name":"The Joust","floor":19,"gold_loss":50},{"damage_healed":0,"gold_gain":0,"cards_transformed":["Strike_B"],"player_choice":"Transformed","damage_taken":0,"max_hp_gain":0,"max_hp_loss":0,"event_name":"Transmorgrifier","floor":24,"gold_loss":0,"cards_obtained":["Gash"]},{"cards_removed":["Gash"],"damage_healed":0,"gold_gain":0,"player_choice":"Purged","damage_taken":0,"max_hp_gain":0,"max_hp_loss":0,"event_name":"Purifier","floor":30,"gold_loss":0}],"is_beta":false,"boss_relics":[{"not_picked":["Fusion Hammer","Runic Dome"],"picked":"White Beast Statue"}],"items_purged_floors":[4,20,22],"is_endless":false,"potions_floor_spawned":[3,13,16,18,21,25,27,29,31],"killed_by":"Champ","ascension_level":5}