{"gold_per_floor":[114,114,124,137,26,59,59,90,115,115,134,160,160,171,171,245,245,255,271,271,281,299,299,349,349,426,426,254,304,323,340,340,416,416,429,226,271,85,104,104,121,140,140,140,140],"floor_reached":45,"playtime":1562,"items_purged":["Strike_R","Strike_R","Strike_R","Strike_R"],"score":805,"play_id":"ac1657bc-5d5e-4413-b866-6677e0847afe","local_time":"20190321130545","is_ascension_mode":true,"campfire_choices":[{"data":"Whirlwind","floor":7.0,"key":"SMITH"},{"data":"Inflame","floor":13.0,"key":"SMITH"},{"data":"Metallicize","floor":15.0,"key":"SMITH"},{"floor":23.0,"key":"REST"},{"data":"Limit Break","floor":25,"key":"SMITH"},{"floor":32,"key":"REST"},{"data":"Limit Break","floor":40,"key":"SMITH"}],"neow_cost":"NONE","seed_source_timestamp":0,"circlet_count":0,"master_deck":["AscendersBane","Strike_R","Defend_R","Defend_R","Defend_R","Bash+1","Inflame+1","Headbutt","Pummel","Metallicize+1","Whirlwind+1","Spot Weakness","Power Through","Evolve","Limit Break+1","True Grit","Metallicize+1","Armaments+1","Limit Break+1","Reaper","Flame Barrier","Reaper","Burning Pact","Ghostly Armor"],"special_seed":0,"relics":["Burning Blood","NeowsBlessing","PreservedInsect","Art of War","Pen Nib","Happy Flower","Philosopher\u0027s Stone","Pantograph","Mark of Pain","Unceasing Top","Shuriken"],"potions_floor_usage":[33],"damage_taken":[{"damage":0.0,"enemies":"Jaw Worm","floor":1.0,"turns":1.0},{"damage":0.0,"enemies":"Cultist","floor":3.0,"turns":1.0},{"damage":0.0,"enemies":"2 Louse","floor":4.0,"turns":1.0},{"damage":34.0,"enemies":"Lagavulin","floor":6.0,"turns":7.0},{"damage":9.0,"enemies":"3 Sentries","floor":8.0,"turns":4.0},{"damage":12.0,"enemies":"Looter","floor":11.0,"turns":3.0},{"damage":2.0,"enemies":"Lagavulin","floor":12.0,"turns":5.0},{"damage":0.0,"enemies":"Blue Slaver","floor":14.0,"turns":3.0},{"damage":33.0,"enemies":"Slime Boss","floor":16.0,"turns":8.0},{"damage":5.0,"enemies":"Spheric Guardian","floor":18.0,"turns":4.0},{"damage":9.0,"enemies":"Chosen","floor":19.0,"turns":3.0},{"damage":20.0,"enemies":"Centurion and Healer","floor":21.0,"turns":3.0},{"damage":35.0,"enemies":"Chosen and Byrds","floor":22.0,"turns":7.0},{"damage":30,"enemies":"Snecko","floor":30,"turns":6},{"damage":0,"enemies":"Sentry and Sphere","floor":31,"turns":3},{"damage":66,"enemies":"Collector","floor":33,"turns":8},{"damage":30,"enemies":"3 Shapes","floor":35,"turns":10},{"damage":64,"enemies":"2 Orb Walkers","floor":37,"turns":4},{"damage":0,"enemies":"Orb Walker","floor":39,"turns":3},{"damage":20,"enemies":"Jaw Worm Horde","floor":41,"turns":4},{"damage":37,"enemies":"Sphere and 2 Shapes","floor":42,"turns":5},{"damage":94,"enemies":"Transient","floor":45,"turns":4}],"seed_played":"-3550611707708288493","potions_obtained":[{"floor":1.0,"key":"Energy Potion"},{"floor":4.0,"key":"Explosive Potion"},{"floor":8.0,"key":"Block Potion"},{"floor":21.0,"key":"SpeedPotion"},{"floor":33,"key":"Ancient Potion"}],"is_trial":false,"path_per_floor":["M","?","M","M","$","E","R","E","T","?","M","E","R","M","R","B",null,"M","M","?","M","M","R","?","R","T","?","$","?","M","M","R","B",null,"M","$","?","$","M","R","M","M","T","?","M"],"character_chosen":"IRONCLAD","items_purchased":["Metallicize","Limit Break","Reaper","Burning Pact"],"campfire_rested":2,"item_purchase_floors":[5,28,36,38],"current_hp_per_floor":[74,70,75,75,75,47,47,44,44,44,38,42,42,48,48,21,62,63,60,60,46,17,39,39,39,39,39,39,39,15,21,43,8,58,75,75,57,57,63,63,75,63,63,63,0],"gold":140,"neow_bonus":"THREE_ENEMY_KILL","is_prod":false,"is_daily":false,"chose_seed":false,"campfire_upgraded":5,"win_rate":0,"timestamp":1553148345,"path_taken":["M","?","?","M","$","E","R","E","T","?","M","E","R","?","R","BOSS","M","M","?","M","M","R","?","R","T","?","?","?","M","M","R","BOSS","M","?","?","$","M","R","M","M","T","?","M"],"build_version":"2019-01-23","purchased_purges":4,"victory":false,"max_hp_per_floor":[75,75,75,75,75,75,75,75,75,75,75,75,75,75,75,75,75,75,75,75,75,75,75,75,75,75,75,75,75,75,75,75,75,75,75,75,75,75,75,75,75,75,75,75,75],"card_choices":[{"not_picked":["Twin Strike","Shrug It Off"],"picked":"Inflame","floor":1.0},{"not_picked":["Evolve","Second Wind"],"picked":"Headbutt","floor":3.0},{"not_picked":["Armaments","Evolve"],"picked":"Pummel","floor":4.0},{"not_picked":["Searing Blow","Reckless Charge"],"picked":"Whirlwind","floor":6.0},{"not_picked":["Shrug It Off","Barricade"],"picked":"Spot Weakness","floor":8.0},{"not_picked":["Warcry","Combust"],"picked":"Power Through","floor":11.0},{"not_picked":["Fire Breathing","Berserk","Body Slam"],"picked":"SKIP","floor":12.0},{"not_picked":["Pommel Strike","Blood for Blood"],"picked":"Evolve","floor":14.0},{"not_picked":["Feed","Reaper"],"picked":"Limit Break","floor":16.0},{"not_picked":["Armaments","Iron Wave+1"],"picked":"True Grit","floor":18.0},{"not_picked":["Havoc","Entrench","Juggernaut"],"picked":"SKIP","floor":19.0},{"not_picked":["Rage","Feel No Pain"],"picked":"Metallicize+1","floor":21.0},{"not_picked":["Flex","Thunderclap"],"picked":"Armaments+1","floor":22.0},{"not_picked":["Sever Soul","Anger","Fire Breathing"],"picked":"SKIP","floor":30},{"not_picked":["Fire Breathing","Perfected Strike","Armaments"],"picked":"SKIP","floor":31},{"not_picked":["Dark Embrace","Feed"],"picked":"Reaper","floor":33},{"not_picked":["Wild Strike","Havoc"],"picked":"Flame Barrier","floor":35},{"not_picked":["Flex","Thunderclap+1"],"picked":"Ghostly Armor","floor":39},{"not_picked":["Reckless Charge","Sword Boomerang","Infernal Blade+1"],"picked":"SKIP","floor":41},{"not_picked":["Sword Boomerang","Body Slam+1","Entrench"],"picked":"SKIP","floor":42}],"player_experience":403359,"relics_obtained":[{"floor":6.0,"key":"PreservedInsect"},{"floor":8.0,"key":"Art of War"},{"floor":9.0,"key":"Pen Nib"},{"floor":12.0,"key":"Happy Flower"},{"floor":26,"key":"Pantograph"},{"floor":37,"key":"Unceasing Top"},{"floor":43,"key":"Shuriken"}],"event_choices":[{"damage_healed":0.0,"max_hp_gain":0.0,"max_hp_loss":0.0,"gold_gain":0.0,"event_name":"The Woman in Blue","player_choice":"Bought 0 Potions","floor":2.0,"gold_loss":0.0,"damage_taken":0.0},{"damage_healed":0.0,"max_hp_gain":0.0,"max_hp_loss":0.0,"gold_gain":0.0,"event_name":"Accursed Blacksmith","player_choice":"Forge","floor":10.0,"gold_loss":0.0,"damage_taken":0.0,"cards_upgraded":["Bash"]},{"damage_healed":0.0,"max_hp_gain":0.0,"max_hp_loss":0.0,"gold_gain":0.0,"event_name":"Ghosts","player_choice":"Ignored","floor":20.0,"gold_loss":0.0,"damage_taken":0.0},{"damage_healed":0.0,"max_hp_gain":0.0,"max_hp_loss":0.0,"gold_gain":50.0,"event_name":"Nest","player_choice":"Stole From Cult","floor":24.0,"gold_loss":0.0,"damage_taken":0.0},{"damage_healed":0,"gold_gain":0,"player_choice":"Ignored","damage_taken":0,"max_hp_gain":0,"max_hp_loss":0,"event_name":"The Mausoleum","floor":27,"gold_loss":0},{"damage_healed":0,"gold_gain":100,"player_choice":"Bet on Murderer","damage_taken":0,"max_hp_gain":0,"max_hp_loss":0,"event_name":"The Joust","floor":29,"gold_loss":50},{"damage_healed":0,"gold_gain":0,"player_choice":"Fight","damage_taken":0,"max_hp_gain":0,"max_hp_loss":0,"event_name":"Mysterious Sphere","floor":37,"gold_loss":0},{"cards_removed":["Defend_R"],"damage_healed":0,"gold_gain":0,"player_choice":"Removed Skill","damage_taken":0,"max_hp_gain":0,"max_hp_loss":0,"event_name":"Falling","floor":44,"gold_loss":0}],"is_beta":false,"boss_relics":[{"not_picked":["Calling Bell","Astrolabe"],"picked":"Philosopher\u0027s Stone"},{"not_picked":["Snecko Eye","Runic Cube"],"picked":"Mark of Pain"}],"items_purged_floors":[5,28,36,38],"is_endless":false,"potions_floor_spawned":[1,4,8,21,30,33,35,41],"killed_by":"Transient","ascension_level":15}