{"gold_per_floor":[109,138,162,249,275,287,324,336,374,402,427,453,465,477,489,606,668,700,729,752,778,801,842,854,866,878,840,907,919,950,962,974,1089,1101,1132,1163,1175,1202,1214,1226,1257,1269,1358,1370,1382,1408,1420,1443,1455,1569,1581,1607,860,879,892,575,575,575,575,601,601,201,201,201,220,220,319,319,331,137,151,165,185,185,200,200,229,24,51,51,51,51,51,153,153,163,163,180,180,190,190,204,204,235,246,272,283,295,133,133,230,230,241,241,241,259,94,108,58,58,86,104,134,134,154,167,167,265,265,281,381,394,412,176,176,196,208,243,79,79,79,94,17,17,114,114,125,125,125,125,125,125,155,155,189,189,207,207,207,219,219,322,322],"floor_reached":153,"playtime":7035,"items_purged":["Poisoned Stab","Burst","Quick Slash","Flying Knee"],"score":4580,"play_id":"56b991b9-765a-4861-9ced-e54e3b5db84b","local_time":"20180811203011","daily_mods":["Diverse","Heirloom","Insanity","Allstar","Time Dilation","Vintage"],"is_ascension_mode":false,"campfire_choices":[{"data":"Venomology","floor":6.0,"key":"SMITH"},{"data":"Riddle With Holes","floor":8.0,"key":"SMITH"},{"data":"After Image","floor":13.0,"key":"SMITH"},{"data":"Panache","floor":15.0,"key":"SMITH"},{"data":"Setup","floor":25.0,"key":"SMITH"},{"data":"Malaise","floor":29.0,"key":"SMITH"},{"data":"Distraction","floor":32.0,"key":"SMITH"},{"data":"Setup","floor":40.0,"key":"SMITH"},{"data":"Juggernaut","floor":45.0,"key":"SMITH"},{"data":"Blade Dance","floor":49.0,"key":"SMITH"},{"data":"White Noise","floor":57.0,"key":"SMITH"},{"data":"Madness","floor":59.0,"key":"SMITH"},{"data":"Metallicize","floor":63.0,"key":"SMITH"},{"data":"Tactician","floor":66.0,"key":"SMITH"},{"data":"Tactician","floor":74.0,"key":"SMITH"},{"data":"Infinite Blades","floor":76.0,"key":"SMITH"},{"data":"Distraction","floor":83.0,"key":"SMITH"},{"data":"Venomology+1","floor":91.0,"key":"PURGE"},{"data":"Tools of the Trade","floor":93.0,"key":"SMITH"},{"data":"Leg Sweep","floor":100.0,"key":"PURGE"},{"data":"Sucker Punch","floor":110.0,"key":"PURGE"},{"data":"Deadly Poison","floor":114.0,"key":"PURGE"},{"data":"All Out Attack","floor":117.0,"key":"PURGE"},{"data":"Phantasmal Killer","floor":125.0,"key":"PURGE"},{"data":"1","floor":131,"key":"LIFT"},{"data":"2","floor":134,"key":"LIFT"},{"data":"3","floor":142,"key":"LIFT"},{"data":"Wraith Form v2","floor":144,"key":"SMITH"},{"data":"Accuracy","floor":146,"key":"SMITH"},{"data":"Wraith Form v2","floor":151,"key":"SMITH"}],"neow_cost":"","seed_source_timestamp":0,"circlet_count":12,"master_deck":["Riddle With Holes+1","Setup+1","Infinite Blades+1","Distraction+1","Tools of the Trade+1","Endless Agony","Deflect","Acrobatics","Sucker Punch+1","Glass Knife","Accuracy+1","Tactician+1","Tactician+1","Burst","Malaise+1","Wraith Form v2+1","Riddle With Holes+1","Blade Dance+1","Setup+1","Endless Agony","After Image+1","Sucker Punch","Sucker Punch","Doppelganger+1","After Image+1","Noxious Fumes","Predator","Storm of Steel+1","Finisher","Blade Dance+1","Distraction+1","Dagger Throw","Flying Knee","PiercingWail","Demon Form+1","Wraith Form v2+1","Echo Form","Sadistic Nature","Panache+1","Sadistic Nature","Master of Strategy","Panacea","Conserve Battery","Core Surge","Outmaneuver","Slice+1","Rebound+1","Juggernaut+1","Reaper+1","White Noise+1","Madness+1","Magnetism","Secret Technique","Secret Weapon","Infinite Blades+1","Slice+1","Metallicize+1","Accuracy","Spot Weakness","A Thousand Cuts+1","Infinite Blades+1","Reboot+1","J.A.X.+1","A Thousand Cuts+1","Dramatic Entrance+1","Deep Breath+1","Madness+1","White Noise+1","Blade Dance+1","Normality","Decay","Decay"],"special_seed":0,"relics":["Unceasing Top","Tingsha","MawBank","Anchor","Orichalcum","Bird Faced Urn","Oddly Smooth Stone","Whetstone","Regal Pillow","Vajra","Potion Belt","Mercury Hourglass","Tiny House","Question Card","Bronze Scales","Meat on the Bone","War Paint","Matryoshka","Mango","Bag of Marbles","Blue Candle","Tiny Chest","Ice Cream","Centennial Puzzle","HoveringKite","The Courier","Molten Egg 2","Juzu Bracelet","Ornamental Fan","Pen Nib","Bottled Tornado","Snake Skull","Happy Flower","Strawberry","Busted Crown","Prayer Wheel","Dream Catcher","Kunai","Lantern","Bottled Lightning","Blood Vial","Bag of Preparation","Orrery","Bottled Flame","Gremlin Horn","Mummified Hand","Frozen Egg 2","Paper Crane","Letter Opener","Shuriken","Singing Bowl","Sozu","Nunchaku","Gambling Chip","Peace Pipe","Torii","StoneCalendar","Ginger","Calipers","OrangePellets","Sundial","Coffee Dripper","Pear","Ancient Tea Set","Art of War","TwistedFunnel","Smiling Mask","Toxic Egg 2","Odd Mushroom","The Specimen","Ninja Scroll","Tough Bandages","Philosopher\u0027s Stone","Incense Burner","Du-Vu Doll","Thread and Needle","Girya","Circlet","MealTicket","GremlinMask","Empty Cage","Calling Bell"],"potions_floor_usage":[],"damage_taken":[{"damage":0.0,"enemies":"2 Louse","floor":1.0,"turns":2.0},{"damage":0.0,"enemies":"Small Slimes","floor":2.0,"turns":2.0},{"damage":1.0,"enemies":"Jaw Worm","floor":3.0,"turns":2.0},{"damage":0.0,"enemies":"Looter","floor":5.0,"turns":2.0},{"damage":0.0,"enemies":"3 Sentries","floor":7.0,"turns":5.0},{"damage":3.0,"enemies":"Red Slaver","floor":10.0,"turns":2.0},{"damage":0.0,"enemies":"2 Fungi Beasts","floor":11.0,"turns":2.0},{"damage":0.0,"enemies":"Exordium Thugs","floor":12.0,"turns":2.0},{"damage":8.0,"enemies":"The Guardian","floor":16.0,"turns":7.0},{"damage":0.0,"enemies":"Spheric Guardian","floor":18.0,"turns":5.0},{"damage":0.0,"enemies":"Chosen","floor":19.0,"turns":4.0},{"damage":17.0,"enemies":"Centurion and Healer","floor":20.0,"turns":5.0},{"damage":11.0,"enemies":"Snecko","floor":21.0,"turns":4.0},{"damage":8.0,"enemies":"Snake Plant","floor":22.0,"turns":2.0},{"damage":2.0,"enemies":"Gremlin Leader","floor":23.0,"turns":4.0},{"damage":6.0,"enemies":"Book of Stabbing","floor":28.0,"turns":4.0},{"damage":0.0,"enemies":"Centurion and Healer","floor":30.0,"turns":2.0},{"damage":15.0,"enemies":"Collector","floor":33.0,"turns":7.0},{"damage":0.0,"enemies":"Flame Bruiser 1 Orb","floor":35.0,"turns":4.0},{"damage":5.0,"enemies":"3 Darklings","floor":36.0,"turns":3.0},{"damage":0.0,"enemies":"Spire Growth","floor":38.0,"turns":4.0},{"damage":0.0,"enemies":"Flame Bruiser 2 Orb","floor":41.0,"turns":4.0},{"damage":8.0,"enemies":"Sphere and 2 Shapes","floor":46.0,"turns":2.0},{"damage":10.0,"enemies":"Maw","floor":48.0,"turns":4.0},{"damage":38.0,"enemies":"Awakened One","floor":50.0,"turns":6.0},{"damage":0.0,"enemies":"Small Slimes","floor":52.0,"turns":2.0},{"damage":6.0,"enemies":"Jaw Worm","floor":54.0,"turns":2.0},{"damage":0.0,"enemies":"2 Louse","floor":55.0,"turns":2.0},{"damage":3.0,"enemies":"Looter","floor":65.0,"turns":2.0},{"damage":0.0,"enemies":"Slime Boss","floor":67.0,"turns":2.0},{"damage":0.0,"enemies":"3 Byrds","floor":69.0,"turns":2.0},{"damage":0.0,"enemies":"Shell Parasite","floor":71.0,"turns":2.0},{"damage":0.0,"enemies":"Snecko","floor":72.0,"turns":1.0},{"damage":0.0,"enemies":"3 Cultists","floor":73.0,"turns":1.0},{"damage":18.0,"enemies":"Slaver and Parasite","floor":75.0,"turns":2.0},{"damage":0.0,"enemies":"Slavers","floor":77.0,"turns":1.0},{"damage":0.0,"enemies":"Gremlin Leader","floor":79.0,"turns":2.0},{"damage":0.0,"enemies":"Champ","floor":84.0,"turns":4.0},{"damage":0.0,"enemies":"Flame Bruiser 1 Orb","floor":86.0,"turns":2.0},{"damage":0.0,"enemies":"Orb Walker","floor":88.0,"turns":1.0},{"damage":0.0,"enemies":"3 Darklings","floor":90.0,"turns":2.0},{"damage":0.0,"enemies":"Flame Bruiser 2 Orb","floor":92.0,"turns":1.0},{"damage":0.0,"enemies":"Nemesis","floor":94.0,"turns":1.0},{"damage":0.0,"enemies":"Transient","floor":95.0,"turns":4.0},{"damage":0.0,"enemies":"Giant Head","floor":96.0,"turns":4.0},{"damage":1.0,"enemies":"Maw","floor":97.0,"turns":2.0},{"damage":0.0,"enemies":"4 Shapes","floor":98.0,"turns":1.0},{"damage":12.0,"enemies":"Donu and Deca","floor":101.0,"turns":4.0},{"damage":0.0,"enemies":"Cultist","floor":103.0,"turns":1.0},{"damage":0.0,"enemies":"Jaw Worm","floor":106.0,"turns":1.0},{"damage":0.0,"enemies":"Small Slimes","floor":108.0,"turns":1.0},{"damage":0.0,"enemies":"Lagavulin","floor":111.0,"turns":2.0},{"damage":0.0,"enemies":"3 Louse","floor":112.0,"turns":1.0},{"damage":0.0,"floor":113.0,"turns":2.0},{"damage":1.0,"enemies":"Exordium Thugs","floor":115.0,"turns":2.0},{"damage":0.0,"enemies":"2 Fungi Beasts","floor":116.0,"turns":1.0},{"damage":1.0,"enemies":"Hexaghost","floor":118.0,"turns":2.0},{"damage":0.0,"enemies":"3 Byrds","floor":120.0,"turns":1.0},{"damage":0.0,"enemies":"Spheric Guardian","floor":122.0,"turns":1.0},{"damage":0.0,"enemies":"3 Cultists","floor":123.0,"turns":2.0},{"damage":0.0,"enemies":"Snecko","floor":126.0,"turns":1.0},{"damage":0,"enemies":"Centurion and Healer","floor":127,"turns":2},{"damage":0,"enemies":"Book of Stabbing","floor":128,"turns":1},{"damage":0,"enemies":"Cultist and Chosen","floor":132,"turns":1},{"damage":1,"enemies":"Automaton","floor":135,"turns":4},{"damage":0,"enemies":"3 Darklings","floor":137,"turns":1},{"damage":0,"enemies":"Giant Head","floor":143,"turns":4},{"damage":0,"enemies":"Nemesis","floor":145,"turns":1},{"damage":0,"enemies":"Flame Bruiser 1 Orb","floor":147,"turns":1},{"damage":0,"floor":148,"turns":1},{"damage":0,"enemies":"Maw","floor":150,"turns":2},{"damage":3,"enemies":"Donu and Deca","floor":152,"turns":4}],"seed_played":"7160549735684792114","potions_obtained":[{"floor":1.0,"key":"Ancient Potion"},{"floor":5.0,"key":"SkillPotion"},{"floor":14.0,"key":"Weak Potion"},{"floor":14.0,"key":"Explosive Potion"},{"floor":14.0,"key":"Ancient Potion"},{"floor":16.0,"key":"AttackPotion"},{"floor":19.0,"key":"Dexterity Potion"},{"floor":28.0,"key":"Dexterity Potion"},{"floor":33.0,"key":"EntropicBrew"},{"floor":65.0,"key":"Fire Potion"},{"floor":67.0,"key":"Fire Potion"}],"is_trial":true,"path_per_floor":["M","M","M","?","M","R","E","R","T","M","M","M","R","?","R","B",null,"M","M","M","M","M","E","?","R","T","?","E","R","M","?","R","B",null,"M","M","$","M","?","R","M","?","T","$","R","M","$","M","R","B",null,"M","$","M","M","$","R","?","R","T","?","$","R","?","M","R","B",null,"M","$","M","M","M","R","M","R","E","$","E","?","?","?","R","B",null,"M","?","M","?","M","R","M","R","E","M","E","M","M","$","R","B",null,"M","?","?","M","$","M","$","R","E","M","?","R","M","M","R","B",null,"M","?","M","M","$","R","M","M","E","$","?","R","M","?","R","B",null,"M","$","?","$","?","R","E","R","E","R","M","?","?","M","R","B"],"character_chosen":"THE_SILENT","items_purchased":["White Noise","Madness","Magnetism","Secret Technique","Secret Weapon","Infinite Blades","Kunai","Slice+1","Bottled Lightning","Metallicize","Accuracy","Gremlin Horn","Shuriken","OrangePellets","TwistedFunnel","Thread and Needle","MealTicket"],"campfire_rested":0,"item_purchase_floors":[53,53,53,53,53,53,56,56,62,62,62,70,78,99,107,124,129],"current_hp_per_floor":[70,70,69,58,58,58,70,70,70,67,69,70,70,70,70,70,75,75,75,58,53,51,73,73,73,73,73,75,75,83,83,83,80,89,89,86,86,89,89,89,89,89,89,89,89,81,81,83,83,70,96,96,96,94,96,96,96,89,89,89,70,70,70,70,73,73,81,96,96,96,96,96,96,96,78,78,94,94,96,96,96,96,96,98,98,98,98,98,98,98,98,98,98,100,100,102,102,102,102,102,102,102,112,105,102,112,112,112,112,112,112,112,114,114,114,114,114,114,114,114,114,114,114,114,114,114,114,116,116,116,116,116,116,116,116,116,116,116,116,116,106,106,116,116,118,118,118,118,118,118,118,120,120],"gold":322,"neow_bonus":"","is_prod":false,"is_daily":false,"chose_seed":false,"campfire_upgraded":21,"win_rate":0,"timestamp":1533987011,"path_taken":["M","M","M","?","M","R","E","R","T","M","M","M","R","?","R","BOSS","M","M","M","M","M","E","?","R","T","?","E","R","M","?","R","BOSS","M","M","$","M","?","R","M","?","T","$","R","M","?","M","R","BOSS","M","$","M","M","$","R","?","R","T","?","?","R","?","M","R","BOSS","M","$","M","M","M","R","M","R","E","$","E","?","?","?","R","BOSS","M","?","M","?","M","R","M","R","E","M","E","M","M","?","R","BOSS","M","?","?","M","$","M","$","R","E","M","?","R","M","M","R","BOSS","M","?","M","M","?","R","M","M","E","$","?","R","M","?","R","BOSS","M","?","?","$","?","R","E","R","E","R","M","?","?","M","R","BOSS"],"build_version":"2018-08-09","purchased_purges":4,"victory":false,"max_hp_per_floor":[70,70,70,70,70,70,70,70,70,70,70,70,70,70,70,70,75,75,75,75,75,75,89,89,89,89,89,89,89,89,89,89,89,89,89,89,89,89,89,89,89,89,89,89,89,89,89,89,89,96,96,96,96,96,96,96,96,96,96,96,96,96,96,96,96,96,96,96,96,96,96,96,96,96,96,96,96,96,96,96,96,96,96,98,98,98,98,98,98,98,98,98,98,100,100,102,102,102,102,102,102,102,112,112,112,112,112,112,112,112,112,112,114,114,114,114,114,114,114,114,114,114,114,114,114,114,114,116,116,116,116,116,116,116,116,116,116,116,116,116,116,116,116,116,118,118,118,118,118,118,118,120,120],"card_choices":[{"not_picked":["Defragment","Hologram"],"picked":"Conserve Battery","floor":7.0},{"not_picked":["Die Die Die","Malaise"],"picked":"Core Surge","floor":16.0},{"not_picked":["Havoc","Sentinel"],"picked":"Outmaneuver","floor":17.0},{"not_picked":["Rebound","Chaos+1","Biased Cognition"],"picked":"Slice+1","floor":23.0},{"not_picked":["Masterful Stab","Tempest","Glass Knife"],"picked":"Rebound+1","floor":28.0},{"not_picked":["Fiend Fire","Rainbow","Unload"],"picked":"Juggernaut","floor":33.0},{"not_picked":["Immolate+1","Meteor Strike+1","Glass Knife+1"],"picked":"Reaper+1","floor":50.0},{"not_picked":["Clash+1"],"picked":"Spot Weakness","floor":68.0},{"not_picked":["Pommel Strike+1","Stack+1"],"picked":"SKIP","floor":77.0},{"not_picked":["Wild Strike+1","Anger+1"],"picked":"SKIP","floor":79.0},{"not_picked":["Grand Finale+1","Bullet Time"],"picked":"Singing Bowl","floor":84.0},{"not_picked":["Ball Lightning+1","Cold Snap+1"],"picked":"Singing Bowl","floor":94.0},{"not_picked":["Dash+1","Dagger Throw+1"],"picked":"Singing Bowl","floor":96.0},{"not_picked":["Grand Finale+1"],"picked":"A Thousand Cuts+1","floor":101.0},{"not_picked":["Cleave+1"],"picked":"Infinite Blades+1","floor":111.0},{"not_picked":["Havoc+1","Doom and Gloom+1"],"picked":"Singing Bowl","floor":113.0},{"not_picked":["Dark Embrace+1"],"picked":"Reboot+1","floor":118.0},{"not_picked":["Conserve Battery+1","Sweeping Beam+1"],"picked":"Singing Bowl","floor":128},{"not_picked":["Envenom+1"],"picked":"A Thousand Cuts+1","floor":135},{"not_picked":["Thinking Ahead+1"],"picked":"Dramatic Entrance+1","floor":141},{"not_picked":["Trip+1"],"picked":"Deep Breath+1","floor":141},{"not_picked":["Secret Weapon+1"],"picked":"Madness+1","floor":141},{"not_picked":["Rupture+1"],"picked":"White Noise+1","floor":143},{"not_picked":["Gash+1","Genetic Algorithm+1"],"picked":"Singing Bowl","floor":145},{"not_picked":["Acrobatics+1"],"picked":"Blade Dance+1","floor":148},{"not_picked":["Unload+1","Immolate+1"],"picked":"Singing Bowl","floor":152}],"player_experience":269444,"relics_obtained":[{"floor":1.0,"key":"MawBank"},{"floor":2.0,"key":"Anchor"},{"floor":3.0,"key":"Orichalcum"},{"floor":5.0,"key":"Bird Faced Urn"},{"floor":7.0,"key":"Oddly Smooth Stone"},{"floor":9.0,"key":"Whetstone"},{"floor":10.0,"key":"Regal Pillow"},{"floor":11.0,"key":"Vajra"},{"floor":12.0,"key":"Potion Belt"},{"floor":16.0,"key":"Mercury Hourglass"},{"floor":18.0,"key":"Question Card"},{"floor":19.0,"key":"Bronze Scales"},{"floor":20.0,"key":"Meat on the Bone"},{"floor":21.0,"key":"War Paint"},{"floor":22.0,"key":"Matryoshka"},{"floor":23.0,"key":"Mango"},{"floor":26.0,"key":"Bag of Marbles"},{"floor":26.0,"key":"Blue Candle"},{"floor":28.0,"key":"Tiny Chest"},{"floor":30.0,"key":"Ice Cream"},{"floor":33.0,"key":"Centennial Puzzle"},{"floor":35.0,"key":"The Courier"},{"floor":36.0,"key":"Molten Egg 2"},{"floor":38.0,"key":"Juzu Bracelet"},{"floor":41.0,"key":"Ornamental Fan"},{"floor":43.0,"key":"Pen Nib"},{"floor":43.0,"key":"Bottled Tornado"},{"floor":46.0,"key":"Snake Skull"},{"floor":48.0,"key":"Happy Flower"},{"floor":50.0,"key":"Strawberry"},{"floor":52.0,"key":"Prayer Wheel"},{"floor":55.0,"key":"Dream Catcher"},{"floor":60.0,"key":"Lantern"},{"floor":65.0,"key":"Blood Vial"},{"floor":67.0,"key":"Bag of Preparation"},{"floor":69.0,"key":"Bottled Flame"},{"floor":71.0,"key":"Mummified Hand"},{"floor":72.0,"key":"Frozen Egg 2"},{"floor":73.0,"key":"Paper Crane"},{"floor":75.0,"key":"Letter Opener"},{"floor":84.0,"key":"Singing Bowl"},{"floor":86.0,"key":"Nunchaku"},{"floor":88.0,"key":"Gambling Chip"},{"floor":90.0,"key":"Peace Pipe"},{"floor":92.0,"key":"Torii"},{"floor":95.0,"key":"StoneCalendar"},{"floor":97.0,"key":"Ginger"},{"floor":98.0,"key":"Calipers"},{"floor":101.0,"key":"Sundial"},{"floor":103.0,"key":"Pear"},{"floor":106.0,"key":"Art of War"},{"floor":108.0,"key":"Smiling Mask"},{"floor":112.0,"key":"Toxic Egg 2"},{"floor":113.0,"key":"Odd Mushroom"},{"floor":115.0,"key":"The Specimen"},{"floor":116.0,"key":"Ninja Scroll"},{"floor":118.0,"key":"Tough Bandages"},{"floor":120.0,"key":"Incense Burner"},{"floor":122.0,"key":"Du-Vu Doll"},{"floor":126,"key":"Girya"},{"floor":127,"key":"Circlet"},{"floor":132,"key":"Circlet"},{"floor":135,"key":"Circlet"},{"floor":137,"key":"Circlet"},{"floor":147,"key":"Circlet"},{"floor":148,"key":"Circlet"},{"floor":150,"key":"Circlet"},{"floor":152,"key":"Circlet"},{"floor":153,"key":"Circlet"},{"floor":153,"key":"Circlet"},{"floor":153,"key":"Circlet"}],"event_choices":[{"event_name":"World of Goop","player_choice":"Gather Gold","floor":4.0,"damage_taken":0.0},{"event_name":"The Lab","player_choice":"Got Potions","floor":14.0,"damage_taken":0.0},{"event_name":"Ghosts","player_choice":"Ignored","floor":24.0,"damage_taken":0.0},{"event_name":"The Joust","player_choice":"Bet on Owner","floor":27.0,"damage_taken":0.0},{"event_name":"Back to Basics","player_choice":"Elegance","floor":31.0,"damage_taken":0.0},{"event_name":"Falling","player_choice":"Removed Attack","floor":39.0,"damage_taken":0.0},{"event_name":"Tomb of Lord Red Mask","player_choice":"Ignored","floor":42.0,"damage_taken":0.0},{"event_name":"Golden Wing","player_choice":"Card Removal","floor":58.0,"damage_taken":0.0},{"event_name":"Shining Light","player_choice":"Entered Light","floor":61.0,"damage_taken":0.0},{"event_name":"Liars Game","player_choice":"disagreed","floor":64.0,"damage_taken":0.0},{"event_name":"Vampires","player_choice":"Ignored","floor":80.0,"damage_taken":0.0},{"event_name":"Drug Dealer","player_choice":"Ignored","floor":81.0,"damage_taken":0.0},{"event_name":"Upgrade Shrine","player_choice":"Upgraded","floor":82.0,"damage_taken":0.0},{"event_name":"Match and Keep!","player_choice":"0 cards matched","floor":87.0,"damage_taken":0.0},{"event_name":"The Woman in Blue","player_choice":"Bought 0 Potions","floor":89.0,"damage_taken":0.0},{"event_name":"Golden Wing","player_choice":"Card Removal","floor":104.0,"damage_taken":0.0},{"event_name":"Scrap Ooze","player_choice":"success","floor":105.0,"damage_taken":3.0},{"event_name":"Mushrooms","player_choice":"Fought Mushrooms","floor":113.0,"damage_taken":0.0},{"event_name":"Golden Shrine","player_choice":"Pray","floor":121.0,"damage_taken":0.0},{"event_name":"FaceTrader","player_choice":"Trade","floor":130,"damage_taken":0},{"event_name":"Drug Dealer","player_choice":"Got JAXXED","floor":133,"damage_taken":0},{"event_name":"WeMeetAgain","player_choice":"Potion","floor":139,"damage_taken":0},{"event_name":"SensoryStone","player_choice":"Memory 3","floor":141,"damage_taken":0},{"event_name":"MindBloom","player_choice":"Fight","floor":148,"damage_taken":0},{"event_name":"Mysterious Sphere","player_choice":"Ignore","floor":149,"damage_taken":0}],"is_beta":false,"boss_relics":[{"not_picked":["Runic Pyramid","Velvet Choker"],"picked":"Tiny House"},{"not_picked":["Sozu","Philosopher\u0027s Stone"],"picked":"HoveringKite"},{"not_picked":["Black Star","Fusion Hammer"],"picked":"Busted Crown"},{"not_picked":["Philosopher\u0027s Stone","White Beast Statue"],"picked":"Orrery"},{"not_picked":["Lizard Tail","Velvet Choker"],"picked":"Sozu"},{"not_picked":["Empty Cage","Fusion Hammer"],"picked":"Coffee Dripper"},{"not_picked":["Black Star","Runic Pyramid"],"picked":"Philosopher\u0027s Stone"},{"not_picked":["Lizard Tail","Fusion Hammer"],"picked":"Empty Cage"},{"not_picked":["Pandora\u0027s Box","Snecko Eye"],"picked":"Calling Bell"}],"items_purged_floors":[53,56,62,109],"is_endless":true,"potions_floor_spawned":[1,5,16,19,28,33,35,46,48,65,67,72,75,86,90,96,97,101,103,112,113,115,120,122,127,135,145,147,148,150,152],"ascension_level":0}