{"gold_per_floor":[109,89,104,28,28,28,63,23,91,11,31,31,64,78,78,179,179,196,211,126,9,9,39,39,39],"floor_reached":25,"playtime":842,"items_purged":["Streamline"],"score":391,"play_id":"2d1f0303-15d0-4a3c-900b-374e72db1781","local_time":"20190517160917","is_ascension_mode":true,"campfire_choices":[{"data":"Consume","floor":6,"key":"SMITH"},{"data":"Zap","floor":12,"key":"SMITH"},{"data":"Dualcast","floor":15,"key":"SMITH"},{"floor":24,"key":"REST"}],"neow_cost":"NONE","seed_source_timestamp":14665481739242,"circlet_count":0,"master_deck":["AscendersBane","Zap+1","Dualcast+1","Chill","Consume+1","FTL","Capacitor","Self Repair","Glacier","Cold Snap","Loop","Hologram","Darkness","Electrodynamics","Gash","Buffer","Stack","Tempest","Melter","Storm","Chaos","Chill","Reprogram+1","Reinforced Body","Writhe","Steam+1"],"relics":["Cracked Core","NeowsBlessing","Blood Vial","The Courier","Bottled Flame","Pandora\u0027s Box","Mummified Hand","Matryoshka","Art of War"],"potions_floor_usage":[16],"damage_taken":[{"damage":0,"enemies":"2 Louse","floor":1,"turns":1},{"damage":0,"enemies":"Cultist","floor":3,"turns":1},{"damage":0,"enemies":"Lagavulin","floor":7,"turns":1},{"damage":2,"enemies":"Jaw Worm","floor":11,"turns":5},{"damage":10,"enemies":"3 Sentries","floor":13,"turns":11},{"damage":16,"enemies":"Exordium Wildlife","floor":14,"turns":8},{"damage":38,"enemies":"Slime Boss","floor":16,"turns":9},{"damage":21,"enemies":"Shell Parasite","floor":18,"turns":6},{"damage":7,"enemies":"Chosen","floor":19,"turns":4},{"damage":34,"enemies":"Slavers","floor":23,"turns":6},{"damage":61,"enemies":"Book of Stabbing","floor":25,"turns":4}],"seed_played":"1147090976477069361","potions_obtained":[{"floor":2,"key":"FocusPotion"},{"floor":3,"key":"Ancient Potion"},{"floor":7,"key":"PowerPotion"}],"is_trial":false,"path_per_floor":["M","?","M","$","?","R","E","$","T","$","M","R","E","M","R","B",null,"M","M","?","$","?","E","R","E"],"character_chosen":"DEFECT","items_purchased":["FTL","Self Repair","Glacier","Cold Snap","Reinforced Body"],"campfire_rested":1,"item_purchase_floors":[4,8,10,10,21],"current_hp_per_floor":[68,68,68,68,73,73,73,73,73,73,80,80,77,70,70,41,70,58,60,60,60,60,35,59,0],"gold":39,"neow_bonus":"THREE_ENEMY_KILL","is_prod":false,"is_daily":false,"chose_seed":false,"campfire_upgraded":3,"win_rate":0,"timestamp":1558084157,"path_taken":["M","?","?","?","?","R","E","?","T","$","?","R","E","M","R","BOSS","M","M","?","$","?","E","R","E"],"build_version":"2019-01-23","purchased_purges":1,"victory":false,"max_hp_per_floor":[75,75,75,75,80,80,80,80,80,80,80,80,80,80,80,80,80,80,80,80,80,80,80,80,80],"card_choices":[{"not_picked":["Cold Snap","Storm"],"picked":"Chill","floor":1},{"not_picked":["Double Energy","Coolheaded"],"picked":"Consume","floor":3},{"not_picked":["Streamline","Force Field"],"picked":"Capacitor","floor":7},{"not_picked":["Undo","Hello World"],"picked":"Loop","floor":11},{"not_picked":["Sweeping Beam","Darkness"],"picked":"Hologram","floor":13},{"not_picked":["FTL","Beam Cell"],"picked":"Darkness","floor":14},{"not_picked":["Amplify","Thunder Strike"],"picked":"Electrodynamics","floor":16},{"not_picked":["Tempest","Go for the Eyes","Chill"],"picked":"SKIP","floor":18},{"not_picked":["Tempest","Go for the Eyes"],"picked":"Chill","floor":18},{"not_picked":["Double Energy","Barrage"],"picked":"Reprogram+1","floor":19},{"not_picked":["All For One","Darkness"],"picked":"Steam+1","floor":23}],"player_experience":478514,"relics_obtained":[{"floor":7,"key":"Blood Vial"},{"floor":9,"key":"The Courier"},{"floor":13,"key":"Bottled Flame"},{"floor":23,"key":"Art of War"}],"event_choices":[{"damage_healed":0,"gold_gain":0,"player_choice":"Bought 1 Potion","damage_taken":0,"max_hp_gain":0,"max_hp_loss":0,"event_name":"The Woman in Blue","floor":2,"gold_loss":0},{"damage_healed":0,"gold_gain":0,"player_choice":"Donut","damage_taken":0,"max_hp_gain":5,"max_hp_loss":0,"event_name":"Big Fish","floor":5,"gold_loss":0},{"damage_healed":0,"gold_gain":0,"player_choice":"Obtained Relic","damage_taken":0,"relics_obtained":["Mummified Hand"],"max_hp_gain":0,"max_hp_loss":0,"event_name":"Addict","floor":20,"gold_loss":85},{"damage_healed":0,"gold_gain":0,"player_choice":"Opened","damage_taken":0,"relics_obtained":["Matryoshka"],"max_hp_gain":0,"max_hp_loss":0,"event_name":"The Mausoleum","floor":22,"gold_loss":0,"cards_obtained":["Writhe"]}],"is_beta":false,"boss_relics":[{"not_picked":["FrozenCore","White Beast Statue"],"picked":"Pandora\u0027s Box"}],"items_purged_floors":[21],"is_endless":false,"potions_floor_spawned":[3,7,14],"killed_by":"Book of Stabbing","ascension_level":11}