{"gold_per_floor":[19,19,19,39,52,87,87,12,35,66,86,119,132,307,307,412,412,431,431,40,54,2,28,28,28,28,28,45,56,56,56,56,160,160,171,46,46,57,57,57,90,90,90,90,1,34,48,48,48,48],"floor_reached":51,"playtime":2175,"items_purged":["Strike_B","Strike_B","Writhe"],"score":764,"play_id":"44b18e7c-40aa-4f1a-9d2c-88887c5ab3cf","local_time":"20181118165124","is_ascension_mode":false,"campfire_choices":[{"data":"Discovery","floor":7,"key":"SMITH"},{"data":"Go for the Eyes","floor":15,"key":"SMITH"},{"floor":27,"key":"REST"},{"floor":30,"key":"REST"},{"floor":32,"key":"REST"},{"floor":40,"key":"REST"},{"floor":42,"key":"REST"},{"data":"Creative AI","floor":44,"key":"SMITH"},{"data":"Consume","floor":49,"key":"SMITH"}],"neow_cost":"NO_GOLD","seed_source_timestamp":30682256409730,"circlet_count":0,"master_deck":["Defend_B","Defend_B","Defend_B","Zap","Dualcast","Discovery+1","Secret Technique","BootSequence","Go for the Eyes+1","Ball Lightning","BootSequence","Melter","Conserve Battery","Machine Learning","Conserve Battery","BootSequence","Ball Lightning","Go for the Eyes+1","Consume+1","Thunder Strike+1","Creative AI+1","Storm+1","Undo+1","Loop+1","Conserve Battery","Leap","White Noise+1","Defragment","Beam Cell+1","Cold Snap+1"],"relics":["Cracked Core","Bag of Preparation","Art of War","Incense Burner","Ancient Tea Set","Inserter","WarpedTongs","WingedGreaves","Dodecahedron","Molten Egg 2","Letter Opener","Astrolabe","Bronze Scales","Matryoshka","Dream Catcher"],"potions_floor_usage":[6,10,11,12,16,23,33,33,38,46,50],"damage_taken":[{"damage":5,"enemies":"Jaw Worm","floor":1,"turns":4},{"damage":0,"enemies":"Small Slimes","floor":4,"turns":2},{"damage":0,"enemies":"Cultist","floor":5,"turns":3},{"damage":21,"enemies":"Lagavulin","floor":6,"turns":6},{"damage":6,"enemies":"3 Sentries","floor":10,"turns":6},{"damage":9,"enemies":"Exordium Wildlife","floor":11,"turns":4},{"damage":1,"enemies":"Gremlin Nob","floor":12,"turns":3},{"damage":0,"enemies":"Looter","floor":13,"turns":3},{"damage":18,"enemies":"Hexaghost","floor":16,"turns":13},{"damage":5,"enemies":"Spheric Guardian","floor":18,"turns":3},{"damage":10,"enemies":"2 Thieves","floor":21,"turns":4},{"damage":26,"enemies":"Book of Stabbing","floor":23,"turns":8},{"damage":11,"enemies":"Centurion and Healer","floor":28,"turns":10},{"damage":31,"enemies":"Cultist and Chosen","floor":29,"turns":7},{"damage":32,"enemies":"Automaton","floor":33,"turns":12},{"damage":17,"enemies":"Orb Walker","floor":35,"turns":4},{"damage":30,"enemies":"3 Darklings","floor":38,"turns":4},{"damage":25,"enemies":"Nemesis","floor":41,"turns":7},{"damage":30,"enemies":"Giant Head","floor":46,"turns":7},{"damage":1,"enemies":"Transient","floor":47,"turns":5},{"damage":20,"enemies":"Awakened One","floor":50,"turns":10}],"seed_played":"-101414925032906993","potions_obtained":[{"floor":1,"key":"LiquidBronze"},{"floor":3,"key":"Poison Potion"},{"floor":3,"key":"Weak Potion"},{"floor":6,"key":"Weak Potion"},{"floor":10,"key":"Regen Potion"},{"floor":16,"key":"SpeedPotion"},{"floor":18,"key":"Block Potion"},{"floor":21,"key":"SpeedPotion"},{"floor":33,"key":"Explosive Potion"},{"floor":41,"key":"AttackPotion"},{"floor":47,"key":"SpeedPotion"}],"is_trial":false,"path_per_floor":["M","?","?","M","M","E","R","$","T","E","M","E","M","?","R","B",null,"M","?","$","M","$","E","?","?","T","R","M","M","R","?","R","B",null,"M","$","?","M","?","R","E","R","T","R","$","E","M","?","R","B",null],"character_chosen":"DEFECT","items_purchased":["WingedGreaves","Ball Lightning","Defragment","Beam Cell+1"],"campfire_rested":5,"item_purchase_floors":[20,22,45,45],"current_hp_per_floor":[70,70,70,70,70,49,49,49,49,43,43,42,42,42,42,24,75,70,70,70,60,60,34,34,34,34,56,45,14,36,36,58,26,75,58,58,58,28,28,50,25,47,47,47,47,17,16,66,66,46],"gold":48,"neow_bonus":"RANDOM_COLORLESS_2","is_prod":false,"is_daily":false,"chose_seed":false,"campfire_upgraded":4,"win_rate":0,"timestamp":1542556284,"path_taken":["M","?","?","?","M","E","R","$","T","E","M","E","M","?","R","BOSS","M","?","$","?","?","E","?","?","T","R","M","M","R","?","R","BOSS","M","$","?","?","?","R","E","R","T","R","$","E","?","?","R","BOSS"],"build_version":"2018-11-15","purchased_purges":3,"victory":true,"max_hp_per_floor":[75,75,75,75,75,75,75,75,75,75,75,75,75,75,75,75,75,75,75,75,75,75,75,75,75,75,75,75,75,75,75,75,75,75,75,75,75,75,75,75,75,75,75,75,75,75,75,66,66,66],"card_choices":[{"not_picked":["Barrage","Gash"],"picked":"BootSequence","floor":1},{"not_picked":["Turbo","Hello World"],"picked":"Go for the Eyes","floor":4},{"not_picked":["Steam","Cold Snap"],"picked":"Ball Lightning","floor":5},{"not_picked":["Steam","Fission","Turbo"],"picked":"SKIP","floor":6},{"not_picked":["Leap","Stack"],"picked":"BootSequence","floor":10},{"not_picked":["Steam","Skim"],"picked":"Melter","floor":11},{"not_picked":["Hyperbeam","Rebound","Skim"],"picked":"SKIP","floor":12},{"not_picked":["Cold Snap","Coolheaded"],"picked":"Conserve Battery","floor":13},{"not_picked":["Amplify","Multi-Cast"],"picked":"Machine Learning","floor":16},{"not_picked":["Steam","Beam Cell"],"picked":"Conserve Battery","floor":18},{"not_picked":["Stack","Turbo"],"picked":"BootSequence","floor":21},{"not_picked":["Barrage","Force Field"],"picked":"Go for the Eyes+1","floor":23},{"not_picked":["White Noise","Hologram"],"picked":"Consume","floor":28},{"not_picked":["Coolheaded","Hologram"],"picked":"Thunder Strike+1","floor":29},{"not_picked":["Thunder Strike+1","Multi-Cast"],"picked":"Creative AI","floor":33},{"not_picked":["Melter+1","Scrape+1"],"picked":"Loop+1","floor":35},{"not_picked":["Undo","Sunder+1"],"picked":"Conserve Battery","floor":38},{"not_picked":["Tempest","FTL+1"],"picked":"White Noise+1","floor":41},{"not_picked":["Doom and Gloom+1","Undo+1"],"picked":"Cold Snap+1","floor":46},{"not_picked":["Steam Power","Genetic Algorithm+1","Beam Cell+1"],"picked":"SKIP","floor":47}],"player_experience":120900,"relics_obtained":[{"floor":6,"key":"Bag of Preparation"},{"floor":9,"key":"Art of War"},{"floor":10,"key":"Incense Burner"},{"floor":12,"key":"Ancient Tea Set"},{"floor":23,"key":"Dodecahedron"},{"floor":26,"key":"Molten Egg 2"},{"floor":41,"key":"Bronze Scales"},{"floor":43,"key":"Matryoshka"},{"floor":46,"key":"Dream Catcher"}],"event_choices":[{"damage_healed":0,"gold_gain":0,"player_choice":"Leave","damage_taken":0,"max_hp_gain":0,"max_hp_loss":0,"event_name":"The Cleric","floor":2,"gold_loss":0},{"damage_healed":0,"gold_gain":0,"player_choice":"Got Potions","damage_taken":0,"max_hp_gain":0,"max_hp_loss":0,"event_name":"Lab","floor":3,"gold_loss":0},{"damage_healed":0,"gold_gain":175,"player_choice":"AGREE","damage_taken":0,"max_hp_gain":0,"max_hp_loss":0,"event_name":"Liars Game","floor":14,"gold_loss":0,"cards_obtained":["Doubt"]},{"damage_healed":0,"gold_gain":0,"player_choice":"Rummage","damage_taken":0,"relics_obtained":["WarpedTongs"],"max_hp_gain":0,"max_hp_loss":0,"event_name":"Accursed Blacksmith","floor":19,"gold_loss":0,"cards_obtained":["Pain"]},{"damage_healed":0,"gold_gain":0,"cards_transformed":["Doubt","Pain"],"player_choice":"Became Test Subject","damage_taken":0,"max_hp_gain":0,"max_hp_loss":0,"event_name":"Drug Dealer","floor":24,"gold_loss":0,"cards_obtained":["Writhe","Writhe"]},{"damage_healed":0,"gold_gain":0,"player_choice":"Smashed Altar","damage_taken":0,"max_hp_gain":0,"max_hp_loss":0,"event_name":"Forgotten Altar","floor":25,"gold_loss":0,"cards_obtained":["Decay"]},{"damage_healed":0,"gold_gain":0,"player_choice":"Opened","damage_taken":0,"relics_obtained":["Letter Opener"],"max_hp_gain":0,"max_hp_loss":0,"event_name":"The Mausoleum","floor":31,"gold_loss":0},{"cards_removed":["Doubt","Decay"],"damage_healed":0,"gold_gain":0,"player_choice":"Removed Curses","damage_taken":0,"max_hp_gain":0,"max_hp_loss":0,"event_name":"Fountain of Cleansing","floor":37,"gold_loss":0},{"damage_healed":0,"gold_gain":0,"cards_transformed":["Defend_B"],"player_choice":"Transformed","damage_taken":0,"max_hp_gain":0,"max_hp_loss":0,"event_name":"Transmorgrifier","floor":39,"gold_loss":0,"cards_obtained":["Leap"]},{"damage_healed":66,"gold_gain":0,"player_choice":"Heal","damage_taken":0,"max_hp_gain":0,"max_hp_loss":9,"event_name":"The Moai Head","floor":48,"gold_loss":0}],"is_beta":false,"boss_relics":[{"not_picked":["Sozu","Empty Cage"],"picked":"Inserter"},{"not_picked":["Calling Bell","Eternal Feather"],"picked":"Astrolabe"}],"items_purged_floors":[8,20,36],"is_endless":false,"potions_floor_spawned":[1,6,10,16,18,21,33,41,47],"ascension_level":0}