{"gold_per_floor":[109,69,86,261,536,571,582,600,600,612,438,363,363,69,69,174,174,190,202,202],"floor_reached":20,"playtime":1034,"items_purged":["Regret","Doubt"],"score":226,"play_id":"bc3acf28-59e8-4965-9eb3-27c169884b64","local_time":"20190531202200","is_ascension_mode":true,"campfire_choices":[{"data":"Searing Blow","floor":13.0,"key":"SMITH"},{"floor":15.0,"key":"REST"}],"neow_cost":"NONE","seed_source_timestamp":214953580571300,"circlet_count":0,"master_deck":["Strike_R","Strike_R","Strike_R","Strike_R","Strike_R","Defend_R","Defend_R","Defend_R","Defend_R","Bash","Shrug It Off","Searing Blow+1","Spot Weakness+1","Headbutt","Armaments+1","Anger","Body Slam","Entrench","Immolate","Shrug It Off","Iron Wave","Heavy Blade","Perfected Strike+1"],"special_seed":0,"relics":["Burning Blood","Meat on the Bone","Mummified Hand","War Paint","Juzu Bracelet","Orrery"],"potions_floor_usage":[],"damage_taken":[{"damage":6.0,"enemies":"Cultist","floor":1.0,"turns":4.0},{"damage":4.0,"enemies":"Jaw Worm","floor":3.0,"turns":3.0},{"damage":36.0,"enemies":"Gremlin Nob","floor":6.0,"turns":4.0},{"damage":5.0,"enemies":"Small Slimes","floor":7.0,"turns":4.0},{"damage":48.0,"enemies":"Exordium Thugs","floor":8.0,"turns":7.0},{"damage":9.0,"enemies":"Blue Slaver","floor":10.0,"turns":4.0},{"damage":40.0,"enemies":"Hexaghost","floor":16.0,"turns":8.0},{"damage":38.0,"enemies":"Shell Parasite","floor":18.0,"turns":7.0},{"damage":47.0,"enemies":"3 Byrds","floor":19.0,"turns":7.0},{"damage":41,"enemies":"Snecko","floor":20,"turns":4}],"seed_played":"-1585423154198772320","potions_obtained":[{"floor":2.0,"key":"SpeedPotion"},{"floor":2.0,"key":"Fire Potion"},{"floor":2.0,"key":"Regen Potion"},{"floor":3.0,"key":"Swift Potion"},{"floor":7.0,"key":"SpeedPotion"},{"floor":8.0,"key":"Block Potion"}],"is_trial":false,"path_per_floor":["M","?","M","?","?","E","M","M","T","M","$","$","R","$","R","B",null,"M","M","M"],"character_chosen":"IRONCLAD","items_purchased":["War Paint","Body Slam","Entrench","Juzu Bracelet"],"campfire_rested":1,"item_purchase_floors":[11,11,14,14],"current_hp_per_floor":[80,80,82,82,82,52,53,38,38,47,47,47,47,47,73,51,79,59,30,0],"gold":202,"neow_bonus":"TEN_PERCENT_HP_BONUS","is_prod":false,"is_daily":false,"chose_seed":false,"campfire_upgraded":1,"win_rate":0,"timestamp":1559359320,"path_taken":["M","?","?","?","?","E","M","?","T","M","?","$","R","$","R","BOSS","M","M","M"],"build_version":"2019-01-23","purchased_purges":2,"victory":false,"max_hp_per_floor":[88,88,88,88,88,88,88,88,88,88,88,88,88,88,88,88,88,88,88,88],"card_choices":[{"not_picked":["True Grit","Shockwave"],"picked":"Shrug It Off","floor":1.0},{"not_picked":["Sword Boomerang","Cleave"],"picked":"Searing Blow","floor":3.0},{"not_picked":["Reckless Charge","Clash"],"picked":"Spot Weakness","floor":6.0},{"not_picked":["Clash","Thunderclap"],"picked":"Headbutt","floor":7.0},{"not_picked":["Havoc","Pommel Strike"],"picked":"Armaments","floor":8.0},{"not_picked":["Havoc","Pommel Strike"],"picked":"Anger","floor":10.0},{"not_picked":["Exhume","Brutality"],"picked":"Immolate","floor":16.0},{"not_picked":["Thunderclap","True Grit"],"picked":"Shrug It Off","floor":17.0},{"not_picked":["Sword Boomerang","Twin Strike"],"picked":"Iron Wave","floor":17.0},{"not_picked":["Anger","Limit Break"],"picked":"Heavy Blade","floor":17.0},{"not_picked":["Warcry","Clash"],"picked":"Perfected Strike+1","floor":18.0},{"not_picked":["Thunderclap","Headbutt","Fiend Fire"],"picked":"SKIP","floor":19.0}],"player_experience":190192,"relics_obtained":[{"floor":6.0,"key":"Meat on the Bone"},{"floor":9.0,"key":"Mummified Hand"}],"event_choices":[{"damage_healed":0.0,"max_hp_gain":0.0,"max_hp_loss":0.0,"gold_gain":0.0,"event_name":"The Woman in Blue","player_choice":"Bought 3 Potions","floor":2.0,"gold_loss":0.0,"damage_taken":0.0},{"damage_healed":0.0,"max_hp_gain":0.0,"max_hp_loss":0.0,"gold_gain":175.0,"event_name":"Liars Game","player_choice":"AGREE","floor":4.0,"gold_loss":0.0,"damage_taken":0.0,"cards_obtained":["Doubt"]},{"damage_healed":0.0,"max_hp_gain":0.0,"max_hp_loss":0.0,"gold_gain":275.0,"event_name":"Golden Shrine","player_choice":"Desecrate","floor":5.0,"gold_loss":0.0,"damage_taken":0.0,"cards_obtained":["Regret"]}],"is_beta":false,"boss_relics":[{"not_picked":["Snecko Eye","Ectoplasm"],"picked":"Orrery"}],"items_purged_floors":[12,14],"is_endless":false,"potions_floor_spawned":[3,7,8],"killed_by":"Snecko","ascension_level":6}