{"gold_per_floor":[112,11,27,43,43,43,77,91,173,188,198,198],"floor_reached":12,"playtime":387,"items_purged":["Strike_R"],"score":164,"play_id":"ceee33a7-9ba0-4cd8-a7ae-bbfaf408755c","local_time":"20190528170807","is_ascension_mode":true,"campfire_choices":[{"data":"Bash","floor":6,"key":"SMITH"}],"neow_cost":"NONE","seed_source_timestamp":125284558236756,"circlet_count":0,"master_deck":["AscendersBane","Strike_R","Strike_R+1","Strike_R","Strike_R+1","Defend_R","Defend_R","Defend_R","Defend_R","Bash+1","Headbutt","Armaments","Clothesline","Juggernaut","Evolve","Shockwave"],"relics":["Burning Blood","Whetstone","Magic Flower","Happy Flower","Mummified Hand"],"potions_floor_usage":[7,8],"damage_taken":[{"damage":1,"enemies":"Cultist","floor":1,"turns":4},{"damage":4,"enemies":"Jaw Worm","floor":3,"turns":4},{"damage":0,"enemies":"Small Slimes","floor":4,"turns":3},{"damage":35,"enemies":"Lagavulin","floor":7,"turns":8},{"damage":5,"enemies":"Gremlin Gang","floor":8,"turns":4},{"damage":13,"enemies":"Blue Slaver","floor":10,"turns":3},{"damage":7,"enemies":"2 Fungi Beasts","floor":11,"turns":4},{"damage":46,"enemies":"Gremlin Nob","floor":12,"turns":4}],"seed_played":"-464369741893797532","potions_obtained":[{"floor":1,"key":"Explosive Potion"},{"floor":4,"key":"PowerPotion"},{"floor":10,"key":"PowerPotion"},{"floor":11,"key":"EssenceOfSteel"}],"is_trial":false,"path_per_floor":["M","$","M","M","?","R","E","M","T","M","M","E"],"character_chosen":"IRONCLAD","items_purchased":["Armaments"],"campfire_rested":0,"item_purchase_floors":[2],"current_hp_per_floor":[73,73,75,75,70,70,44,48,48,44,46,0],"gold":198,"neow_bonus":"RANDOM_COMMON_RELIC","is_prod":false,"is_daily":false,"chose_seed":false,"campfire_upgraded":1,"win_rate":0,"timestamp":1559038087,"path_taken":["M","$","?","M","?","R","E","M","T","M","M","E"],"build_version":"2019-01-23","purchased_purges":1,"victory":false,"max_hp_per_floor":[75,75,75,75,75,75,75,75,75,75,75,75],"card_choices":[{"not_picked":["Pummel","Warcry"],"picked":"Headbutt","floor":1},{"not_picked":["Headbutt","Blood for Blood","Thunderclap"],"picked":"SKIP","floor":3},{"not_picked":["Intimidate","Bloodletting"],"picked":"Clothesline","floor":4},{"not_picked":["Perfected Strike","Heavy Blade"],"picked":"Juggernaut","floor":7},{"not_picked":["Armaments","Burning Pact"],"picked":"Evolve","floor":8},{"not_picked":["Clash","Blood for Blood","Cleave"],"picked":"SKIP","floor":10},{"not_picked":["True Grit","Pommel Strike"],"picked":"Shockwave","floor":11}],"player_experience":507444,"relics_obtained":[{"floor":7,"key":"Happy Flower"},{"floor":9,"key":"Mummified Hand"}],"event_choices":[{"damage_healed":0,"gold_gain":0,"player_choice":"Success","damage_taken":5,"relics_obtained":["Magic Flower"],"max_hp_gain":0,"max_hp_loss":0,"event_name":"Scrap Ooze","floor":5,"gold_loss":0}],"is_beta":false,"boss_relics":[],"items_purged_floors":[2],"is_endless":false,"potions_floor_spawned":[1,4,10,11],"killed_by":"Gremlin Nob","ascension_level":20}