{"gold_per_floor":[112,112,112,124,124,124,159,159,159,172,187,223,223,258,258,351,351,371,235,235,18,39,39,73,73,128,147,147,164,2,12,12,84,84,100,116,116,116,163,192,192,220,220,250,650,670,670,695,695,695,695,695,695,17,49,49],"floor_reached":57,"playtime":2485,"items_purged":["Strike_B"],"score":3683,"play_id":"5ab2743b-f4bf-446d-82bb-e0be70c53d50","local_time":"20190530204830","is_ascension_mode":true,"campfire_choices":[{"floor":6,"key":"RECALL"},{"data":"Darkness","floor":13,"key":"SMITH"},{"data":"Consume","floor":15,"key":"SMITH"},{"data":"Coolheaded","floor":23,"key":"SMITH"},{"data":"Defragment","floor":25,"key":"SMITH"},{"data":"Loop","floor":32,"key":"SMITH"},{"data":"Strike_B","floor":41,"key":"PURGE"},{"data":"Coolheaded","floor":47,"key":"SMITH"},{"data":"Seek","floor":49,"key":"SMITH"},{"data":"Zap","floor":53,"key":"PURGE"}],"neow_cost":"NONE","seed_source_timestamp":169309822331686,"circlet_count":0,"master_deck":["AscendersBane","Defend_B","Defend_B","Defend_B","Defend_B","Dualcast+1","Reinforced Body","Glacier","Glacier+1","Darkness+1","Consume+1","Echo Form","Loop+1","Coolheaded+1","Defragment+1","Tempest","Capacitor","Glacier","Cold Snap","Electrodynamics","Coolheaded+1","Seek+1","Electrodynamics","Hologram+1","Hologram+1","Core Surge","Master of Strategy","Beam Cell","Barrage","Compile Driver","Core Surge","Cold Snap","Machine Learning","Static Discharge","Storm","Hello World","Self Repair"],"special_seed":0,"relics":["Cracked Core","NeowsBlessing","Strawberry","Bloody Idol","Pear","Vajra","Smiling Mask","Snecko Eye","Membership Card","Oddly Smooth Stone","PreservedInsect","Inserter","Peace Pipe","Centennial Puzzle","Potion Belt","Unceasing Top","The Courier","Old Coin","Bottled Lightning","Strange Spoon","FossilizedHelix","War Paint","Boot"],"potions_floor_usage":[12,12,56,56,56,56],"damage_taken":[{"damage":0.0,"enemies":"Jaw Worm","floor":1.0,"turns":1.0},{"damage":0,"enemies":"Small Slimes","floor":4,"turns":1},{"damage":0,"enemies":"Gremlin Nob","floor":7,"turns":1},{"damage":0,"enemies":"2 Louse","floor":10,"turns":2},{"damage":0,"enemies":"Large Slime","floor":11,"turns":6},{"damage":11,"enemies":"3 Sentries","floor":12,"turns":5},{"damage":0,"enemies":"Lagavulin","floor":14,"turns":6},{"damage":11,"enemies":"The Guardian","floor":16,"turns":8},{"damage":0,"enemies":"Spheric Guardian","floor":18,"turns":3},{"damage":0,"enemies":"Chosen","floor":22,"turns":3},{"damage":0,"enemies":"Gremlin Leader","floor":24,"turns":4},{"damage":0,"enemies":"Snake Plant","floor":27,"turns":3},{"damage":15,"enemies":"Shelled Parasite and Fungi","floor":29,"turns":4},{"damage":0,"enemies":"Centurion and Healer","floor":31,"turns":1},{"damage":0,"enemies":"Automaton","floor":33,"turns":6},{"damage":0,"enemies":"Orb Walker","floor":35,"turns":2},{"damage":0,"enemies":"3 Shapes","floor":36,"turns":2},{"damage":0,"enemies":"2 Orb Walkers","floor":39,"turns":1},{"damage":0,"enemies":"Giant Head","floor":40,"turns":1},{"damage":0,"enemies":"Reptomancer","floor":42,"turns":2},{"damage":0,"enemies":"Nemesis","floor":44,"turns":1},{"damage":0,"enemies":"Mind Bloom Boss Battle","floor":45,"turns":1},{"damage":0,"enemies":"Sphere and 2 Shapes","floor":46,"turns":2},{"damage":0,"enemies":"Reptomancer","floor":48,"turns":2},{"damage":0,"enemies":"Donu and Deca","floor":50,"turns":1},{"damage":0,"enemies":"Time Eater","floor":51,"turns":10},{"damage":0,"enemies":"Shield and Spear","floor":55,"turns":1},{"damage":9,"enemies":"The Heart","floor":56,"turns":8}],"seed_played":"3415235202445942999","potions_obtained":[{"floor":1.0,"key":"Weak Potion"},{"floor":7,"key":"Fire Potion"},{"floor":10,"key":"Explosive Potion"},{"floor":14,"key":"Ancient Potion"},{"floor":16,"key":"FocusPotion"},{"floor":27,"key":"FocusPotion"},{"floor":44,"key":"SteroidPotion"},{"floor":46,"key":"FearPotion"},{"floor":55,"key":"SkillPotion"}],"is_trial":false,"path_per_floor":["M","?","?","M","?","R","E","?","T","M","M","E","R","E","R","B",null,"M","$","?","$","M","R","E","R","T","M","?","M","$","M","R","B",null,"M","M","?","?","?","E","R","E","T","E","?","M","R","E","R","B","B",null,"R","$","E","B",null],"character_chosen":"DEFECT","items_purchased":["Loop","Membership Card","PreservedInsect","Capacitor","Glacier","Strange Spoon","Master of Strategy","Beam Cell","Barrage","Compile Driver","Core Surge","Cold Snap","FossilizedHelix","War Paint","Machine Learning","Static Discharge","Storm","Hello World","Self Repair"],"campfire_rested":0,"item_purchase_floors":[19,21,30,30,30,54,54,54,54,54,54,54,54,54,54,54,54,54,54],"current_hp_per_floor":[64,57,57,57,62,62,69,40,50,50,50,39,39,39,39,28,77,77,77,77,77,77,77,77,77,77,77,77,67,67,72,72,77,89,93,93,93,93,93,93,93,93,93,93,93,93,93,93,93,93,93,93,93,93,93,91],"gold":49,"neow_bonus":"THREE_ENEMY_KILL","is_prod":false,"is_daily":false,"chose_seed":false,"campfire_upgraded":7,"win_rate":0,"timestamp":1559216910,"path_taken":["M","?","?","M","?","R","E","?","T","M","M","E","R","E","R","BOSS","M","$","?","?","M","R","E","R","T","M","?","M","$","M","R","BOSS","M","M","?","?","?","E","R","E","T","E","?","M","R","E","R","BOSS","BOSS","R","$","E","BOSS"],"build_version":"2019-01-23","purchased_purges":1,"victory":true,"max_hp_per_floor":[71,71,71,71,76,76,83,83,93,93,93,93,93,93,93,93,93,93,93,93,93,93,93,93,93,93,93,93,93,93,93,93,93,93,93,93,93,93,93,93,93,93,93,93,93,93,93,93,93,93,93,93,93,93,93,93],"card_choices":[{"not_picked":["Storm","BootSequence"],"picked":"Compile Driver","floor":1.0},{"not_picked":["Lockon","Redo"],"picked":"Reinforced Body","floor":4},{"not_picked":["Doom and Gloom","Hologram"],"picked":"Glacier","floor":7},{"not_picked":["Stack","Streamline"],"picked":"Glacier","floor":10},{"not_picked":["Compile Driver","Turbo"],"picked":"Darkness","floor":11},{"not_picked":["Storm","Compile Driver","Barrage"],"picked":"SKIP","floor":12},{"not_picked":["FTL","Conserve Battery"],"picked":"Consume","floor":14},{"not_picked":["Multi-Cast","Machine Learning"],"picked":"Echo Form","floor":16},{"not_picked":["Conserve Battery","Turbo","Go for the Eyes"],"picked":"SKIP","floor":18},{"not_picked":["Ball Lightning","Hello World"],"picked":"Coolheaded","floor":22},{"not_picked":["Steam","Reboot"],"picked":"Defragment","floor":24},{"not_picked":["Leap","Steam","BootSequence"],"picked":"SKIP","floor":27},{"not_picked":["Rip and Tear","Reprogram"],"picked":"Tempest","floor":29},{"not_picked":["Streamline","Barrage"],"picked":"Cold Snap","floor":31},{"not_picked":["Echo Form","Core Surge"],"picked":"Electrodynamics","floor":33},{"not_picked":["Fusion+1","Leap+1","BootSequence+1"],"picked":"SKIP","floor":35},{"not_picked":["Conserve Battery","Turbo"],"picked":"Coolheaded","floor":36},{"not_picked":["Streamline","Go for the Eyes"],"picked":"Seek","floor":39},{"not_picked":["Conserve Battery","Genetic Algorithm","Redo+1"],"picked":"SKIP","floor":40},{"not_picked":["Turbo","Compile Driver"],"picked":"Electrodynamics","floor":42},{"not_picked":["Beam Cell","Steam Power"],"picked":"Hologram+1","floor":44},{"not_picked":["Conserve Battery","Rebound"],"picked":"Hologram+1","floor":45},{"not_picked":["Undo","Beam Cell","Gash"],"picked":"SKIP","floor":46},{"not_picked":["Turbo","Steam"],"picked":"Core Surge","floor":48},{"not_picked":["Melter+1","Stack","Barrage"],"picked":"SKIP","floor":55}],"player_experience":605495,"relics_obtained":[{"floor":7,"key":"Strawberry"},{"floor":9,"key":"Pear"},{"floor":12,"key":"Vajra"},{"floor":14,"key":"Smiling Mask"},{"floor":24,"key":"Oddly Smooth Stone"},{"floor":39,"key":"Peace Pipe"},{"floor":40,"key":"Centennial Puzzle"},{"floor":42,"key":"Potion Belt"},{"floor":43,"key":"Unceasing Top"},{"floor":44,"key":"The Courier"},{"floor":45,"key":"Old Coin"},{"floor":48,"key":"Bottled Lightning"},{"floor":55,"key":"Boot"}],"event_choices":[{"cards_removed":["Strike_B"],"damage_healed":0.0,"max_hp_gain":0.0,"max_hp_loss":0.0,"gold_gain":0.0,"event_name":"Golden Wing","player_choice":"Card Removal","floor":2.0,"gold_loss":0.0,"damage_taken":7.0},{"damage_healed":0,"gold_gain":0,"player_choice":"Ignored","damage_taken":0,"max_hp_gain":0,"max_hp_loss":0,"event_name":"Shining Light","floor":3,"gold_loss":0},{"damage_healed":0,"gold_gain":0,"player_choice":"Donut","damage_taken":0,"max_hp_gain":5,"max_hp_loss":0,"event_name":"Big Fish","floor":5,"gold_loss":0},{"damage_healed":0,"gold_gain":0,"player_choice":"Take Damage","damage_taken":29,"relics_obtained":["Golden Idol"],"max_hp_gain":0,"max_hp_loss":0,"event_name":"Golden Idol","floor":8,"gold_loss":0},{"cards_removed":["Strike_B"],"damage_healed":0,"gold_gain":0,"player_choice":"Offered Basic","damage_taken":0,"max_hp_gain":0,"max_hp_loss":0,"event_name":"Bonfire Elementals","floor":20,"gold_loss":0},{"damage_healed":0,"gold_gain":0,"player_choice":"Gave Idol","damage_taken":0,"relics_obtained":["Bloody Idol"],"max_hp_gain":0,"max_hp_loss":0,"event_name":"Forgotten Altar","floor":28,"relics_lost":["Golden Idol"],"gold_loss":0},{"cards_removed":["Compile Driver"],"damage_healed":0,"gold_gain":0,"player_choice":"Removed Attack","damage_taken":0,"max_hp_gain":0,"max_hp_loss":0,"event_name":"Falling","floor":37,"gold_loss":0},{"damage_healed":0,"gold_gain":0,"player_choice":"Ignored","damage_taken":0,"max_hp_gain":0,"max_hp_loss":0,"event_name":"Tomb of Lord Red Mask","floor":38,"gold_loss":0},{"damage_healed":0,"gold_gain":0,"player_choice":"Fight","damage_taken":0,"max_hp_gain":0,"max_hp_loss":0,"event_name":"Mysterious Sphere","floor":39,"gold_loss":0},{"damage_healed":0,"gold_gain":0,"player_choice":"Fight","damage_taken":0,"max_hp_gain":0,"max_hp_loss":0,"event_name":"MindBloom","floor":45,"gold_loss":0}],"is_beta":false,"boss_relics":[{"not_picked":["Fusion Hammer","Empty Cage"],"picked":"Snecko Eye"},{"not_picked":["Tiny House","Velvet Choker"],"picked":"Inserter"}],"items_purged_floors":[19],"is_endless":false,"potions_floor_spawned":[1,7,10,14,16,18,27,31,39,40,44,46,48,55],"ascension_level":20}