{"gold_per_floor":[110,110,185,200,200,227,227,252,252,280,280,315,315],"floor_reached":13,"playtime":579,"items_purged":[],"score":159,"play_id":"91dc7f44-ffbd-4732-802f-38914aa3a096","local_time":"20190319132226","daily_mods":["SealedDeck","Allstar","Heirloom","DeadlyEvents","Elite Swarm"],"is_ascension_mode":false,"campfire_choices":[{"data":"Barricade","floor":7,"key":"SMITH"},{"floor":11,"key":"REST"}],"neow_cost":"","seed_source_timestamp":487474764969486,"circlet_count":0,"master_deck":["Cleave","Twin Strike","Cleave","Wild Strike","Corruption","Entrench","Evolve","Power Through","Pommel Strike","Shrug It Off","Barricade+1","Offering","Dark Embrace","Offering"],"relics":["Burning Blood","FossilizedHelix","Magic Flower","Letter Opener","Dead Branch","Bottled Tornado","Singing Bowl","Bronze Scales"],"potions_floor_usage":[],"damage_taken":[{"damage":0,"enemies":"2 Louse","floor":1,"turns":2},{"damage":0,"enemies":"Jaw Worm","floor":4,"turns":3},{"damage":19,"enemies":"3 Sentries","floor":6,"turns":4},{"damage":24,"enemies":"Lagavulin","floor":8,"turns":7},{"damage":45,"enemies":"Gremlin Nob","floor":10,"turns":5},{"damage":28,"enemies":"3 Sentries","floor":12,"turns":4},{"damage":6,"enemies":"Gremlin Nob","floor":13,"turns":2}],"seed_played":"6087798309011991357","potions_obtained":[{"floor":1,"key":"SpeedPotion"},{"floor":12,"key":"Dexterity Potion"}],"is_trial":true,"path_per_floor":["M","$","?","M","T","E","R","E","T","E","R","E","E"],"character_chosen":"IRONCLAD","items_purchased":[],"campfire_rested":1,"item_purchase_floors":[],"current_hp_per_floor":[80,80,69,75,75,65,65,50,50,14,38,19,13],"gold":315,"neow_bonus":"","is_prod":false,"is_daily":false,"chose_seed":false,"campfire_upgraded":1,"win_rate":0,"timestamp":1552969346,"path_taken":["M","$","?","M","?","E","R","E","T","E","R","E","?"],"build_version":"2019-01-23","purchased_purges":0,"victory":false,"max_hp_per_floor":[80,80,80,80,80,80,80,80,80,80,80,80,80],"card_choices":[{"not_picked":["Flex","Thunderclap","True Grit"],"picked":"SKIP","floor":1},{"not_picked":["Flex","Entrench","Heavy Blade"],"picked":"SKIP","floor":4},{"not_picked":["Offering","Limit Break"],"picked":"Barricade","floor":6},{"not_picked":["Barricade","Immolate"],"picked":"Offering","floor":8},{"not_picked":["Brutality","Juggernaut"],"picked":"Dark Embrace","floor":10},{"not_picked":["Barricade","Bludgeon"],"picked":"Offering","floor":12}],"player_experience":320096,"relics_obtained":[{"floor":5,"key":"Magic Flower"},{"floor":6,"key":"Letter Opener"},{"floor":8,"key":"Dead Branch"},{"floor":9,"key":"Bottled Tornado"},{"floor":10,"key":"Singing Bowl"},{"floor":12,"key":"Bronze Scales"}],"event_choices":[{"damage_healed":0,"gold_gain":75,"player_choice":"Gather Gold","damage_taken":11,"max_hp_gain":0,"max_hp_loss":0,"event_name":"World of Goop","floor":3,"gold_loss":0}],"is_beta":false,"boss_relics":[],"items_purged_floors":[],"is_endless":true,"potions_floor_spawned":[1,12],"killed_by":"Gremlin Nob","ascension_level":0}