{"gold_per_floor":[117,117,135,12,12,12,26,26,26,39,50,68,68,82,82,159,159,178,178],"floor_reached":19,"playtime":845,"items_purged":["Defend_B"],"score":274,"play_id":"95a57795-6651-434b-8f03-ac5296ffaf89","local_time":"20190521185126","is_ascension_mode":true,"campfire_choices":[{"data":"Ball Lightning","floor":6,"key":"SMITH"},{"data":"Defragment","floor":8,"key":"SMITH"},{"floor":15,"key":"REST"}],"neow_cost":"NONE","seed_source_timestamp":62589387637559,"circlet_count":0,"master_deck":["AscendersBane","Defend_B","Defend_B","Defend_B","Zap","Dualcast","Ball Lightning+1","Steam","Conserve Battery","Defragment+1","Steam","Auto Shields","Echo Form","FTL","Rainbow","Conserve Battery+1"],"relics":["Cracked Core","NeowsBlessing","Letter Opener","Empty Cage"],"potions_floor_usage":[19,19],"damage_taken":[{"damage":0,"enemies":"Small Slimes","floor":1,"turns":1},{"damage":0,"enemies":"Cultist","floor":3,"turns":1},{"damage":0,"enemies":"Jaw Worm","floor":7,"turns":1},{"damage":23,"enemies":"Exordium Thugs","floor":10,"turns":4},{"damage":5,"enemies":"3 Louse","floor":11,"turns":3},{"damage":0,"enemies":"Exordium Wildlife","floor":12,"turns":3},{"damage":0,"enemies":"Large Slime","floor":14,"turns":4},{"damage":20,"enemies":"Slime Boss","floor":16,"turns":7},{"damage":30,"enemies":"3 Byrds","floor":18,"turns":4},{"damage":50,"enemies":"Masked Bandits","floor":19,"turns":3}],"seed_played":"693269419660728283","potions_obtained":[{"floor":3,"key":"Poison Potion"},{"floor":7,"key":"FearPotion"},{"floor":16,"key":"Regen Potion"}],"is_trial":false,"path_per_floor":["M","?","M","$","$","R","M","R","T","M","M","M","?","M","R","B",null,"M","?"],"character_chosen":"DEFECT","items_purchased":["Conserve Battery"],"campfire_rested":1,"item_purchase_floors":[4],"current_hp_per_floor":[64,64,64,64,64,64,64,64,64,41,36,36,36,36,57,37,63,33,0],"gold":178,"neow_bonus":"THREE_ENEMY_KILL","is_prod":false,"is_daily":false,"chose_seed":false,"campfire_upgraded":2,"win_rate":0,"timestamp":1558489886,"path_taken":["M","?","M","?","$","R","M","R","T","M","?","M","?","M","R","BOSS","M","?"],"build_version":"2019-01-23","purchased_purges":1,"victory":false,"max_hp_per_floor":[71,71,71,71,71,71,71,71,71,71,71,71,71,71,71,71,71,71,71],"card_choices":[{"not_picked":["Beam Cell","Chill"],"picked":"Ball Lightning","floor":1},{"not_picked":["Gash","Redo"],"picked":"Steam","floor":3},{"not_picked":["Gash","Coolheaded"],"picked":"Defragment","floor":7},{"not_picked":["Gash","Sweeping Beam"],"picked":"Steam","floor":10},{"not_picked":["Chill","Static Discharge"],"picked":"Auto Shields","floor":11},{"not_picked":["Go for the Eyes","Beam Cell"],"picked":"Echo Form","floor":12},{"not_picked":["Leap","Reprogram"],"picked":"FTL","floor":14},{"not_picked":["Biased Cognition","Amplify"],"picked":"Rainbow","floor":16},{"not_picked":["Barrage","Consume"],"picked":"Conserve Battery+1","floor":18}],"player_experience":664262,"relics_obtained":[{"floor":9,"key":"Letter Opener"}],"event_choices":[{"cards_removed":["Strike_B"],"damage_healed":0,"gold_gain":0,"player_choice":"Offered Basic","damage_taken":0,"max_hp_gain":0,"max_hp_loss":0,"event_name":"Bonfire Elementals","floor":2,"gold_loss":0},{"cards_removed":["Strike_B"],"damage_healed":0,"gold_gain":0,"player_choice":"Purged","damage_taken":0,"max_hp_gain":0,"max_hp_loss":0,"event_name":"Purifier","floor":13,"gold_loss":0},{"damage_healed":0,"gold_gain":0,"player_choice":"Fought Bandits","damage_taken":0,"max_hp_gain":0,"max_hp_loss":0,"event_name":"Masked Bandits","floor":19,"gold_loss":0}],"is_beta":false,"boss_relics":[{"not_picked":["Cursed Key","Runic Dome"],"picked":"Empty Cage"}],"items_purged_floors":[4],"is_endless":false,"potions_floor_spawned":[3,7,11,16],"killed_by":"Masked Bandits","ascension_level":14}