{"gold_per_floor":[113,33,33,48,48,77,77,110,190,190,202,217,231,256,256,357,357,369,11,79,99,99,124,124,153,176,192,205,255,267,277,277,277],"floor_reached":33,"playtime":2522,"items_purged":["Strike_B"],"score":448,"play_id":"3c56db5a-8784-470e-9a17-ab0f91c5de25","local_time":"20190322010350","is_ascension_mode":true,"campfire_choices":[{"data":"Coolheaded","floor":7,"key":"SMITH"},{"data":"Coolheaded","floor":10,"key":"SMITH"},{"data":"Defragment","floor":15,"key":"SMITH"},{"data":"Seek","floor":24,"key":"SMITH"},{"floor":32,"key":"REST"}],"neow_cost":"NONE","seed_source_timestamp":2098821077030731,"circlet_count":0,"master_deck":["Strike_B","Strike_B","Strike_B","Defend_B","Defend_B","Defend_B","Defend_B","Zap","Dualcast","Ball Lightning","Chaos+1","Hologram+1","Coolheaded+1","Coolheaded+1","Gash","Defragment+1","Gash","Blizzard+1","Seek+1","Beam Cell+1","Compile Driver+1","Reinforced Body+1","Hologram","Darkness","Defragment+1","Pain","Capacitor+1","Storm+1","Conserve Battery","Steam Power"],"relics":["Cracked Core","NeowsBlessing","Potion Belt","Bag of Marbles","Letter Opener","Molten Egg 2","Cursed Key","Chemical X","Frozen Egg 2","War Paint","Regal Pillow","Lantern"],"potions_floor_usage":[8,16,25,26,31,33],"damage_taken":[{"damage":0,"enemies":"Small Slimes","floor":1,"turns":1},{"damage":0,"enemies":"Cultist","floor":4,"turns":1},{"damage":0,"enemies":"Gremlin Nob","floor":6,"turns":1},{"damage":15,"enemies":"Lagavulin","floor":8,"turns":5},{"damage":0,"enemies":"2 Louse","floor":11,"turns":3},{"damage":4,"enemies":"Red Slaver","floor":12,"turns":3},{"damage":0,"enemies":"3 Louse","floor":13,"turns":2},{"damage":15,"enemies":"Gremlin Nob","floor":14,"turns":3},{"damage":17,"enemies":"Hexaghost","floor":16,"turns":10},{"damage":12,"enemies":"2 Thieves","floor":18,"turns":3},{"damage":0,"enemies":"Chosen","floor":21,"turns":4},{"damage":2,"enemies":"Gremlin Leader","floor":23,"turns":7},{"damage":12,"enemies":"Slavers","floor":25,"turns":6},{"damage":19,"enemies":"Shelled Parasite and Fungi","floor":27,"turns":5},{"damage":1,"enemies":"3 Cultists","floor":28,"turns":4},{"damage":20,"enemies":"Sentry and Sphere","floor":30,"turns":4},{"damage":3,"enemies":"Snecko","floor":31,"turns":3},{"damage":49,"enemies":"Champ","floor":33,"turns":7}],"seed_played":"752110292690699577","potions_obtained":[{"floor":4,"key":"FairyPotion"},{"floor":6,"key":"AttackPotion"},{"floor":8,"key":"Strength Potion"},{"floor":12,"key":"Dexterity Potion"},{"floor":16,"key":"Block Potion"},{"floor":21,"key":"FocusPotion"},{"floor":25,"key":"Fruit Juice"},{"floor":28,"key":"FearPotion"},{"floor":31,"key":"GamblersBrew"}],"is_trial":false,"path_per_floor":["M","$","?","M","?","E","R","E","T","R","M","M","M","E","R","B",null,"M","$","T","M","?","E","R","E","T","M","M","?","M","M","R","B"],"character_chosen":"DEFECT","items_purchased":["Chaos","Compile Driver+1","Chemical X","Reinforced Body"],"campfire_rested":1,"item_purchase_floors":[2,19,19,19],"current_hp_per_floor":[68,68,68,68,61,61,61,46,46,46,46,42,42,27,27,10,59,47,47,47,47,47,45,45,33,38,19,18,18,8,5,44,0],"gold":277,"neow_bonus":"THREE_ENEMY_KILL","is_prod":false,"is_daily":false,"chose_seed":false,"campfire_upgraded":4,"win_rate":0,"timestamp":1553231030,"path_taken":["M","$","?","?","?","E","R","E","T","R","M","M","M","E","R","BOSS","M","$","?","M","?","E","R","E","T","?","M","?","?","M","R","BOSS"],"build_version":"2019-01-23","purchased_purges":1,"victory":false,"max_hp_per_floor":[75,75,75,75,75,75,75,75,75,75,75,75,75,75,75,75,75,75,75,75,75,75,75,75,75,80,80,80,80,80,80,80,80],"card_choices":[{"not_picked":["Melter","Streamline"],"picked":"Ball Lightning","floor":1},{"not_picked":["Consume","Rip and Tear"],"picked":"Hologram","floor":4},{"not_picked":["Turbo","Redo"],"picked":"Coolheaded","floor":6},{"not_picked":["Cold Snap","Stack"],"picked":"Coolheaded","floor":8},{"not_picked":["Steam","Turbo"],"picked":"Gash","floor":11},{"not_picked":["Streamline","Coolheaded"],"picked":"Defragment","floor":12},{"not_picked":["Stack","FTL"],"picked":"Gash","floor":13},{"not_picked":["Auto Shields","Streamline"],"picked":"Blizzard","floor":14},{"not_picked":["Reboot","Thunder Strike+1"],"picked":"Seek","floor":16},{"not_picked":["Hologram","Barrage+1"],"picked":"Beam Cell+1","floor":18},{"not_picked":["BootSequence","Consume"],"picked":"Hologram","floor":21},{"not_picked":["Force Field","Streamline+1"],"picked":"Darkness","floor":23},{"not_picked":["Seek","Multi-Cast"],"picked":"Defragment+1","floor":25},{"not_picked":["Gash+1","Streamline+1"],"picked":"Capacitor+1","floor":27},{"not_picked":["Ball Lightning+1","Barrage+1"],"picked":"Storm+1","floor":28},{"not_picked":["Coolheaded","Redo"],"picked":"Conserve Battery","floor":30},{"not_picked":["Reprogram","Rip and Tear+1"],"picked":"Steam Power","floor":31}],"player_experience":234704,"relics_obtained":[{"floor":6,"key":"Potion Belt"},{"floor":8,"key":"Bag of Marbles"},{"floor":9,"key":"Letter Opener"},{"floor":14,"key":"Molten Egg 2"},{"floor":20,"key":"Frozen Egg 2"},{"floor":23,"key":"War Paint"},{"floor":25,"key":"Regal Pillow"},{"floor":26,"key":"Lantern"}],"event_choices":[{"damage_healed":0,"gold_gain":0,"player_choice":"Upgraded","damage_taken":0,"max_hp_gain":0,"max_hp_loss":0,"event_name":"Upgrade Shrine","floor":3,"gold_loss":0,"cards_upgraded":["Chaos"]},{"damage_healed":0,"gold_gain":0,"player_choice":"Damaged","damage_taken":7,"max_hp_gain":0,"max_hp_loss":0,"event_name":"Wheel of Change","floor":5,"gold_loss":0},{"cards_removed":["Injury"],"damage_healed":0,"gold_gain":0,"player_choice":"Removed Curses","damage_taken":0,"max_hp_gain":0,"max_hp_loss":0,"event_name":"Fountain of Cleansing","floor":22,"gold_loss":0},{"damage_healed":0,"gold_gain":100,"player_choice":"Bet on Murderer","damage_taken":0,"max_hp_gain":0,"max_hp_loss":0,"event_name":"The Joust","floor":29,"gold_loss":50}],"is_beta":false,"boss_relics":[{"not_picked":["Calling Bell","Busted Crown"],"picked":"Cursed Key"}],"items_purged_floors":[19],"is_endless":false,"potions_floor_spawned":[4,6,8,12,16,21,25,28,31],"killed_by":"Champ","ascension_level":7}