{"gold_per_floor":[115,115,125,140,140,168,168,168,168,168,268,278,313,329,329,427,427,442,456,475,486,117,117,129,149,149,149,160,160,176,190,190,288,288,299,70,170,16,29,43,0,0,54,74,103,115,128,28,28,28,28,28,4,35,35],"floor_reached":55,"playtime":2281,"items_purged":["Strike_B","Regret"],"score":690,"play_id":"f12707ae-0744-4e51-8a05-3a9c75a9b2c0","local_time":"20190524005132","is_ascension_mode":false,"campfire_choices":[{"data":"Recycle","floor":8.0,"key":"SMITH"},{"data":"Defragment","floor":10.0,"key":"SMITH"},{"data":"Rebound","floor":15.0,"key":"SMITH"},{"data":"Zap","floor":23.0,"key":"SMITH"},{"data":"Capacitor","floor":27.0,"key":"SMITH"},{"data":"Coolheaded","floor":29.0,"key":"SMITH"},{"data":"Dualcast","floor":32.0,"key":"SMITH"},{"floor":49.0,"key":"RECALL"},{"data":"Defragment","floor":52.0,"key":"SMITH"}],"neow_cost":"NONE","seed_source_timestamp":461055807894958,"circlet_count":0,"master_deck":["Strike_B","Strike_B","Strike_B","Defend_B","Defend_B","Defend_B","Defend_B","Zap+1","Dualcast+1","Rebound+1","Bandage Up","BootSequence","Coolheaded+1","Recycle+1","Defragment+1","Coolheaded+1","Redo+1","Leap+1","Meteor Strike","Streamline+1","Darkness+1","Coolheaded+1","White Noise+1","Double Energy+1","Capacitor+1","Multi-Cast+1","Chill+1","Defragment+1","Blizzard+1","Double Energy+1","Consume+1","Redo+1"],"special_seed":0,"relics":["Cracked Core","NeowsBlessing","Meat on the Bone","Gambling Chip","Toxic Egg 2","Bronze Scales","Runic Pyramid","Symbiotic Virus","Turnip","energizedSpire:CursedPentagram","DataDisk","Bird Faced Urn","Ancient Tea Set","Red Mask","Pen Nib","Sundial"],"potions_floor_usage":[],"damage_taken":[{"damage":0.0,"enemies":"2 Louse","floor":1.0,"turns":1.0},{"damage":0.0,"enemies":"Cultist","floor":3.0,"turns":1.0},{"damage":0.0,"enemies":"Jaw Worm","floor":4.0,"turns":1.0},{"damage":31.0,"enemies":"Lagavulin","floor":6.0,"turns":9.0},{"damage":9.0,"enemies":"Exordium Thugs","floor":12.0,"turns":6.0},{"damage":9.0,"enemies":"3 Sentries","floor":13.0,"turns":9.0},{"damage":7.0,"enemies":"Blue Slaver","floor":14.0,"turns":4.0},{"damage":16.0,"enemies":"The Guardian","floor":16.0,"turns":10.0},{"damage":21.0,"enemies":"2 Thieves","floor":18.0,"turns":4.0},{"damage":0.0,"enemies":"Spheric Guardian","floor":19.0,"turns":3.0},{"damage":14.0,"enemies":"Shelled Parasite and Fungi","floor":20.0,"turns":5.0},{"damage":0.0,"enemies":"Chosen and Byrds","floor":21.0,"turns":6.0},{"damage":1.0,"enemies":"Cultist and Chosen","floor":24.0,"turns":5.0},{"damage":21.0,"enemies":"Shelled Parasite and Fungi","floor":25.0,"turns":5.0},{"damage":0.0,"enemies":"Sentry and Sphere","floor":28.0,"turns":7.0},{"damage":0.0,"enemies":"Centurion and Healer","floor":30.0,"turns":4.0},{"damage":0.0,"enemies":"3 Cultists","floor":31.0,"turns":4.0},{"damage":7.0,"enemies":"Automaton","floor":33.0,"turns":9.0},{"damage":0.0,"enemies":"3 Shapes","floor":35.0,"turns":3.0},{"damage":3.0,"enemies":"Mind Bloom Boss Battle","floor":37.0,"turns":6.0},{"damage":9.0,"enemies":"Orb Walker","floor":39.0,"turns":4.0},{"damage":0.0,"enemies":"Sphere and 2 Shapes","floor":40.0,"turns":4.0},{"damage":0.0,"enemies":"4 Shapes","floor":44.0,"turns":5.0},{"damage":0.0,"enemies":"Giant Head","floor":45.0,"turns":5.0},{"damage":24.0,"enemies":"Jaw Worm Horde","floor":46.0,"turns":4.0},{"damage":22.0,"enemies":"Writhing Mass","floor":47.0,"turns":5.0},{"damage":7.0,"enemies":"Time Eater","floor":50.0,"turns":7.0},{"damage":47.0,"enemies":"Shield and Spear","floor":54.0,"turns":5.0},{"damage":58,"enemies":"The Heart","floor":55,"turns":2}],"seed_played":"-7565487701482792690","potions_obtained":[{"floor":3.0,"key":"SteroidPotion"},{"floor":12.0,"key":"LiquidBronze"},{"floor":13.0,"key":"AttackPotion"},{"floor":14.0,"key":"Energy Potion"},{"floor":16.0,"key":"Block Potion"},{"floor":21.0,"key":"Poison Potion"},{"floor":25.0,"key":"GamblersBrew"},{"floor":31.0,"key":"FocusPotion"},{"floor":33.0,"key":"Fruit Juice"},{"floor":40.0,"key":"Explosive Potion"},{"floor":44.0,"key":"Swift Potion"},{"floor":45.0,"key":"Energy Potion"},{"floor":46.0,"key":"Poison Potion"}],"is_trial":false,"path_per_floor":["M","?","M","M","?","E","$","R","T","R","?","M","E","M","R","B",null,"M","M","M","M","$","R","M","M","T","R","M","R","M","M","R","B",null,"M","$","?","$","M","M","?","$","T","M","E","M","M","$","R","B",null,"R","$","E","B"],"character_chosen":"DEFECT","items_purchased":["Symbiotic Virus","White Noise+1","DataDisk","Defragment","Ancient Tea Set","Redo+1"],"campfire_rested":0,"item_purchase_floors":[22,22,36,36,38,53],"current_hp_per_floor":[75,75,75,75,63,48,48,48,48,48,48,43,38,47,47,47,75,54,58,48,52,52,52,55,42,42,42,46,46,46,50,50,52,80,80,80,80,80,72,80,80,80,80,80,80,64,54,54,54,59,80,80,80,41,0],"gold":35,"neow_bonus":"THREE_ENEMY_KILL","is_prod":false,"is_daily":false,"chose_seed":false,"campfire_upgraded":8,"win_rate":0,"timestamp":1558626692,"path_taken":["M","?","M","?","?","E","?","R","T","R","?","M","E","M","R","BOSS","M","M","M","M","$","R","M","M","T","R","M","R","?","M","R","BOSS","M","?","?","$","M","M","?","?","T","M","E","?","M","$","R","BOSS","R","$","E","BOSS"],"build_version":"2019-01-23","purchased_purges":2,"victory":false,"max_hp_per_floor":[75,75,75,75,75,75,75,75,75,75,75,75,75,75,75,75,75,75,75,75,75,75,75,75,75,75,75,75,75,75,75,75,80,80,80,80,80,80,80,80,80,80,80,80,80,80,80,80,80,80,80,80,80,80,80],"card_choices":[{"not_picked":["Static Discharge","Go for the Eyes"],"picked":"Rebound","floor":1.0},{"not_picked":["Compile Driver","Steam"],"picked":"Coolheaded","floor":3.0},{"not_picked":["Ball Lightning","Heatsinks"],"picked":"Recycle","floor":4.0},{"not_picked":["Reinforced Body","Ball Lightning"],"picked":"Defragment","floor":6.0},{"not_picked":["Undo+1","White Noise+1"],"picked":"Coolheaded+1","floor":12.0},{"not_picked":["Conserve Battery+1","Thunder Strike"],"picked":"Redo+1","floor":13.0},{"not_picked":["Stack+1","Rebound"],"picked":"Leap+1","floor":14.0},{"not_picked":["Thunder Strike","All For One"],"picked":"Meteor Strike","floor":16.0},{"not_picked":["Sweeping Beam","Lockon","Tempest+1"],"picked":"SKIP","floor":18.0},{"not_picked":["Stack+1","Barrage"],"picked":"Streamline+1","floor":19.0},{"not_picked":["Compile Driver","Doom and Gloom"],"picked":"Darkness+1","floor":20.0},{"not_picked":["Steam+1","Cold Snap"],"picked":"Coolheaded+1","floor":21.0},{"not_picked":["BootSequence+1","Turbo+1"],"picked":"Double Energy+1","floor":24.0},{"not_picked":["Rip and Tear","Force Field+1"],"picked":"Capacitor","floor":25.0},{"not_picked":["Stack+1","Auto Shields+1","FTL"],"picked":"SKIP","floor":28.0},{"not_picked":["BootSequence+1","Beam Cell","FTL"],"picked":"SKIP","floor":30.0},{"not_picked":["Heatsinks","Conserve Battery+1","Beam Cell"],"picked":"SKIP","floor":31.0},{"not_picked":["Machine Learning","Buffer"],"picked":"Multi-Cast+1","floor":33.0},{"not_picked":["Heatsinks","Leap+1"],"picked":"Chill+1","floor":35.0},{"not_picked":["Melter","Gash"],"picked":"Blizzard+1","floor":39.0},{"not_picked":["Leap+1","Conserve Battery+1","Cold Snap"],"picked":"SKIP","floor":40.0},{"not_picked":["Coolheaded+1","Ball Lightning","BootSequence+1"],"picked":"SKIP","floor":44.0},{"not_picked":["Barrage+1","Go for the Eyes+1"],"picked":"Double Energy+1","floor":45.0},{"not_picked":["Stack+1","Leap+1","Capacitor"],"picked":"SKIP","floor":46.0},{"not_picked":["Compile Driver","Machine Learning"],"picked":"Consume+1","floor":47.0},{"not_picked":["Streamline+1","Coolheaded+1","Cold Snap"],"picked":"SKIP","floor":54.0}],"player_experience":455445,"relics_obtained":[{"floor":6.0,"key":"Gambling Chip"},{"floor":9.0,"key":"Toxic Egg 2"},{"floor":13.0,"key":"Bronze Scales"},{"floor":26.0,"key":"Turnip"},{"floor":37.0,"key":"Bird Faced Urn"},{"floor":45.0,"key":"Pen Nib"},{"floor":54.0,"key":"Sundial"}],"event_choices":[{"damage_healed":0.0,"max_hp_gain":0.0,"max_hp_loss":0.0,"gold_gain":0.0,"event_name":"Match and Keep!","player_choice":"2 cards matched","floor":2.0,"gold_loss":0.0,"damage_taken":0.0,"cards_obtained":["Bandage Up","BootSequence"]},{"damage_healed":0.0,"max_hp_gain":0.0,"max_hp_loss":0.0,"gold_gain":0.0,"event_name":"Scrap Ooze","player_choice":"Success","floor":5.0,"gold_loss":0.0,"damage_taken":12.0,"relics_obtained":["Meat on the Bone"]},{"damage_healed":0.0,"max_hp_gain":0.0,"max_hp_loss":0.0,"gold_gain":100.0,"event_name":"Golden Shrine","player_choice":"Pray","floor":11.0,"gold_loss":0.0,"damage_taken":0.0},{"damage_healed":0.0,"max_hp_gain":0.0,"max_hp_loss":0.0,"gold_gain":0.0,"event_name":"MindBloom","player_choice":"Fight","floor":37.0,"gold_loss":0.0,"damage_taken":0.0},{"damage_healed":0.0,"max_hp_gain":0.0,"max_hp_loss":0.0,"gold_gain":0.0,"event_name":"Tomb of Lord Red Mask","player_choice":"Paid","floor":41.0,"gold_loss":43.0,"damage_taken":0.0,"relics_obtained":["Red Mask"]}],"is_beta":false,"boss_relics":[{"not_picked":["energizedSpire:SpiderWeb","Velvet Choker"],"picked":"Runic Pyramid"},{"not_picked":["Cursed Key","Tiny House"],"picked":"energizedSpire:CursedPentagram"}],"items_purged_floors":[22,48],"is_endless":false,"potions_floor_spawned":[3,12,13,14,16,21,25,30,31,33,40,44,45,46,47],"killed_by":"The Heart","ascension_level":0}