{"gold_per_floor":[164,183,29,47,47,47,47,59,59,59,87,144,144,144,144,239,239,254,254,254,354,354,369,382,382,382,382,393,411,469,469,469,469],"floor_reached":33,"playtime":1241,"items_purged":["Strike_G"],"score":313,"play_id":"b578029e-f033-4fe9-a79a-8f9e13c527a2","local_time":"20190422140051","is_ascension_mode":false,"campfire_choices":[{"data":"Corpse Explosion","floor":6,"key":"SMITH"},{"floor":13,"key":"REST"},{"floor":15,"key":"REST"},{"data":"Catalyst","floor":25,"key":"SMITH"},{"floor":27,"key":"REST"},{"data":"Dash","floor":32,"key":"SMITH"}],"neow_cost":"NONE","seed_source_timestamp":637395868336377,"circlet_count":0,"master_deck":["Defend_G","Defend_G","Defend_G","Defend_G+1","Defend_G","Survivor+1","Neutralize","Bouncing Flask","Backflip","Footwork","Corpse Explosion+1","Footwork","Regret","Dash","Deadly Poison+1","Corpse Explosion","Bouncing Flask+1","Necronomicurse","Catalyst+1","Poisoned Stab","Dodge and Roll","Dash+1","Bite","Bite","Bite","Bite","Bite"],"relics":["Tiny House","Letter Opener","Juzu Bracelet","War Paint","Kunai","Meat on the Bone","Empty Cage","Necronomicon","Tough Bandages","Ninja Scroll","Shuriken","Tiny Chest"],"potions_floor_usage":[11,11,11,16,21],"damage_taken":[{"damage":5,"enemies":"2 Louse","floor":1,"turns":4},{"damage":0,"enemies":"Cultist","floor":2,"turns":3},{"damage":0,"enemies":"Small Slimes","floor":4,"turns":3},{"damage":6,"enemies":"2 Fungi Beasts","floor":8,"turns":2},{"damage":36,"enemies":"3 Sentries","floor":11,"turns":8},{"damage":22,"enemies":"Lagavulin Event","floor":12,"turns":7},{"damage":31,"enemies":"The Guardian","floor":16,"turns":9},{"damage":5,"enemies":"Spheric Guardian","floor":18,"turns":3},{"damage":0,"enemies":"Colosseum Slavers","floor":21,"turns":1},{"damage":27,"enemies":"Colosseum Nobs","floor":21,"turns":4},{"damage":5,"enemies":"3 Byrds","floor":23,"turns":3},{"damage":26,"enemies":"Sentry and Sphere","floor":24,"turns":6},{"damage":14,"enemies":"Snecko","floor":28,"turns":3},{"damage":24,"enemies":"Centurion and Healer","floor":29,"turns":5},{"damage":17,"enemies":"Gremlin Leader","floor":30,"turns":5},{"damage":45,"enemies":"Champ","floor":33,"turns":7}],"seed_played":"284377149844569057","potions_obtained":[{"floor":0,"key":"SpeedPotion"},{"floor":1,"key":"SpeedPotion"},{"floor":4,"key":"EntropicBrew"},{"floor":8,"key":"SpeedPotion"},{"floor":12,"key":"Swift Potion"},{"floor":18,"key":"SmokeBomb"},{"floor":21,"key":"FearPotion"},{"floor":24,"key":"Strength Potion"}],"is_trial":false,"path_per_floor":["M","M","$","M","?","R","$","M","T","?","E","?","R","?","R","B",null,"M","?","?","?","?","M","M","R","T","R","M","M","E","?","R","B"],"character_chosen":"THE_SILENT","items_purchased":["Footwork"],"campfire_rested":3,"item_purchase_floors":[3],"current_hp_per_floor":[70,70,70,70,70,70,70,64,64,64,28,6,28,13,35,16,75,70,56,40,37,37,44,30,30,30,54,52,40,35,35,35,0],"gold":469,"neow_bonus":"BOSS_RELIC","is_prod":false,"is_daily":false,"chose_seed":false,"campfire_upgraded":3,"win_rate":0,"timestamp":1555934451,"path_taken":["M","M","$","M","?","R","$","?","T","?","E","?","R","?","R","BOSS","M","?","?","?","?","M","M","R","T","R","M","M","E","?","R","BOSS"],"build_version":"2019-01-23","purchased_purges":1,"victory":false,"max_hp_per_floor":[75,75,75,75,75,75,75,75,75,75,75,75,75,75,75,75,75,75,80,80,80,80,80,80,80,80,80,80,80,80,56,56,56],"card_choices":[{"not_picked":["Endless Agony","Backflip"],"picked":"Bouncing Flask","floor":0},{"not_picked":["Skewer","Outmaneuver","Dagger Spray"],"picked":"SKIP","floor":1},{"not_picked":["Acrobatics","Calculated Gamble"],"picked":"Backflip","floor":2},{"not_picked":["Calculated Gamble","Dodge and Roll"],"picked":"Corpse Explosion","floor":4},{"not_picked":["Dash","Underhanded Strike"],"picked":"Footwork","floor":8},{"not_picked":["Prepared","Predator"],"picked":"Dash","floor":11},{"not_picked":["Backstab","Dagger Throw"],"picked":"Deadly Poison","floor":12},{"not_picked":["Grand Finale","Adrenaline"],"picked":"Corpse Explosion","floor":16},{"not_picked":["Sucker Punch","Dagger Spray"],"picked":"Bouncing Flask+1","floor":18},{"not_picked":["Prepared","Skewer"],"picked":"Catalyst","floor":21},{"not_picked":["Cloak And Dagger+1","Flying Knee"],"picked":"Poisoned Stab","floor":23},{"not_picked":["PiercingWail+1","Burst"],"picked":"Dodge and Roll","floor":24},{"not_picked":["Sucker Punch","Choke","Distraction"],"picked":"SKIP","floor":28},{"not_picked":["Dagger Spray","Choke","Deflect"],"picked":"SKIP","floor":29},{"not_picked":["Slice+1","Heel Hook"],"picked":"Dash","floor":30}],"player_experience":258174,"relics_obtained":[{"floor":9,"key":"Juzu Bracelet"},{"floor":11,"key":"Kunai"},{"floor":12,"key":"Meat on the Bone"},{"floor":20,"key":"Necronomicon"},{"floor":21,"key":"Tough Bandages"},{"floor":21,"key":"Ninja Scroll"},{"floor":26,"key":"Shuriken"},{"floor":30,"key":"Tiny Chest"}],"event_choices":[{"damage_healed":0,"gold_gain":0,"player_choice":"Gave Potion","damage_taken":0,"relics_obtained":["Letter Opener"],"max_hp_gain":0,"max_hp_loss":0,"event_name":"WeMeetAgain","floor":5,"gold_loss":0},{"damage_healed":0,"gold_gain":0,"player_choice":"Box","damage_taken":0,"relics_obtained":["War Paint"],"max_hp_gain":0,"max_hp_loss":0,"event_name":"Big Fish","floor":10,"gold_loss":0,"cards_obtained":["Regret"]},{"damage_healed":0,"gold_gain":0,"player_choice":"Searched \u00272\u0027 times","damage_taken":0,"max_hp_gain":0,"max_hp_loss":0,"event_name":"Dead Adventurer","floor":12,"gold_loss":0},{"damage_healed":0,"gold_gain":0,"player_choice":"Entered Light","damage_taken":15,"max_hp_gain":0,"max_hp_loss":0,"event_name":"Shining Light","floor":14,"gold_loss":0,"cards_upgraded":["Strike_G","Deadly Poison"]},{"damage_healed":0,"gold_gain":0,"player_choice":"Shed Blood","damage_taken":19,"max_hp_gain":5,"max_hp_loss":0,"event_name":"Forgotten Altar","floor":19,"gold_loss":0},{"damage_healed":0,"gold_gain":0,"player_choice":"Obtained Book","damage_taken":16,"max_hp_gain":0,"max_hp_loss":0,"event_name":"Cursed Tome","floor":20,"gold_loss":0},{"damage_healed":0,"gold_gain":0,"player_choice":"Fight","damage_taken":0,"max_hp_gain":0,"max_hp_loss":0,"event_name":"Colosseum","floor":21,"gold_loss":0},{"damage_healed":0,"gold_gain":0,"player_choice":"Fought Nobs","damage_taken":0,"max_hp_gain":0,"max_hp_loss":0,"event_name":"Colosseum","floor":21,"gold_loss":0},{"damage_healed":0,"gold_gain":0,"player_choice":"Ignored","damage_taken":0,"max_hp_gain":0,"max_hp_loss":0,"event_name":"Ghosts","floor":22,"gold_loss":0},{"damage_healed":0,"gold_gain":0,"player_choice":"Became a vampire","damage_taken":0,"max_hp_gain":0,"max_hp_loss":24,"event_name":"Vampires","floor":31,"gold_loss":0,"cards_obtained":["Bite","Bite","Bite","Bite","Bite"]}],"is_beta":false,"boss_relics":[{"not_picked":["HoveringKite","Ectoplasm"],"picked":"Empty Cage"}],"items_purged_floors":[3],"is_endless":false,"potions_floor_spawned":[1,4,8,12,18,21,24],"killed_by":"Champ","ascension_level":0}