{"gold_per_floor":[114,131,131,131,131,165,165,190,216,166,204,219,219,240,240,240],"floor_reached":16,"playtime":1040,"items_purged":["Strike_B"],"score":263,"play_id":"16fcf697-1c59-46ca-97bb-7656c6ecd4e4","local_time":"20190528125927","is_ascension_mode":true,"campfire_choices":[{"data":"Zap","floor":7,"key":"SMITH"},{"floor":13,"key":"REST"},{"data":"Static Discharge","floor":15,"key":"SMITH"}],"neow_cost":"NONE","seed_source_timestamp":254598887387515,"circlet_count":0,"master_deck":["AscendersBane","Strike_B","Strike_B","Strike_B","Defend_B","Defend_B","Defend_B","Defend_B","Zap+1","Dualcast","Auto Shields","Static Discharge+1","Cold Snap","Sweeping Beam"],"relics":["Cracked Core","NeowsBlessing","Golden Idol","Regal Pillow","Bottled Flame","Smiling Mask","Dodecahedron"],"potions_floor_usage":[16],"damage_taken":[{"damage":0,"enemies":"Jaw Worm","floor":1,"turns":1},{"damage":0,"enemies":"2 Louse","floor":2,"turns":1},{"damage":0,"enemies":"3 Sentries","floor":6,"turns":1},{"damage":0,"enemies":"Cultist","floor":8,"turns":3},{"damage":28,"enemies":"Gremlin Nob","floor":11,"turns":4},{"damage":9,"enemies":"2 Fungi Beasts","floor":12,"turns":4},{"damage":28,"enemies":"Large Slime","floor":14,"turns":6},{"damage":30,"enemies":"Hexaghost","floor":16,"turns":7}],"seed_played":"1979792912538440689","potions_obtained":[{"floor":1,"key":"SpeedPotion"},{"floor":6,"key":"PowerPotion"}],"is_trial":false,"path_per_floor":["M","M","?","?","?","E","R","M","T","$","E","M","R","M","R","B"],"character_chosen":"DEFECT","items_purchased":[],"campfire_rested":1,"item_purchase_floors":[],"current_hp_per_floor":[64,64,64,53,53,53,53,53,53,53,25,16,50,22,22,0],"gold":240,"neow_bonus":"THREE_ENEMY_KILL","is_prod":false,"is_daily":false,"chose_seed":false,"campfire_upgraded":2,"win_rate":0,"timestamp":1559073567,"path_taken":["M","M","?","?","?","E","R","M","T","$","E","M","R","M","R","BOSS"],"build_version":"2019-01-23","purchased_purges":1,"victory":false,"max_hp_per_floor":[71,71,64,64,64,64,64,64,64,64,64,64,64,64,64,64],"card_choices":[{"not_picked":["Chaos","Scrape"],"picked":"Auto Shields","floor":1},{"not_picked":["Barrage","Streamline","Coolheaded"],"picked":"SKIP","floor":2},{"not_picked":["Consume","Coolheaded"],"picked":"Static Discharge","floor":6},{"not_picked":["Turbo","Double Energy"],"picked":"Cold Snap","floor":8},{"not_picked":["Reprogram","Heatsinks","Coolheaded"],"picked":"SKIP","floor":11},{"not_picked":["Cold Snap","Conserve Battery"],"picked":"Sweeping Beam","floor":12},{"not_picked":["Recycle","Beam Cell","Tempest"],"picked":"SKIP","floor":14}],"player_experience":793259,"relics_obtained":[{"floor":6,"key":"Bottled Flame"},{"floor":9,"key":"Smiling Mask"},{"floor":11,"key":"Dodecahedron"}],"event_choices":[{"damage_healed":0,"gold_gain":0,"player_choice":"Lose Max HP","damage_taken":0,"relics_obtained":["Golden Idol"],"max_hp_gain":0,"max_hp_loss":7,"event_name":"Golden Idol","floor":3,"gold_loss":0},{"damage_healed":0,"gold_gain":0,"player_choice":"Success","damage_taken":11,"relics_obtained":["Regal Pillow"],"max_hp_gain":0,"max_hp_loss":0,"event_name":"Scrap Ooze","floor":4,"gold_loss":0},{"damage_healed":0,"gold_gain":0,"player_choice":"Ignored","damage_taken":0,"max_hp_gain":0,"max_hp_loss":0,"event_name":"Liars Game","floor":5,"gold_loss":0}],"is_beta":false,"boss_relics":[],"items_purged_floors":[10],"is_endless":false,"potions_floor_spawned":[1,6,14],"killed_by":"Hexaghost","ascension_level":19}