{"gold_per_floor":[115,132,132,144,160,160,160,12,12,27,27,39,51,65,65,162,162,177,188,54,54,54],"floor_reached":22,"playtime":1106,"items_purged":["Strike_B","Strike_B"],"score":279,"play_id":"ef2a9408-2d16-4344-989f-2716d72a8161","local_time":"20190511200003","is_ascension_mode":true,"campfire_choices":[{"data":"Rainbow","floor":6,"key":"SMITH"},{"floor":15,"key":"REST"}],"neow_cost":"NONE","seed_source_timestamp":503088506627060,"circlet_count":0,"master_deck":["AscendersBane","Strike_B","Defend_B","Defend_B","Defend_B","Defend_B","Zap","Dualcast","Rainbow+1","Redo+1","Conserve Battery","Conserve Battery","Defragment","Self Repair","Self Repair","Seek","Conserve Battery","Melter+1","BootSequence","Lockon"],"relics":["Cracked Core","Darkstone Periapt","Orrery"],"potions_floor_usage":[16,16,19],"damage_taken":[{"damage":8,"enemies":"2 Louse","floor":1,"turns":2},{"damage":0,"enemies":"Small Slimes","floor":2,"turns":3},{"damage":0,"enemies":"Cultist","floor":4,"turns":4},{"damage":0,"enemies":"Exordium Wildlife","floor":5,"turns":4},{"damage":6,"enemies":"Large Slime","floor":10,"turns":7},{"damage":5,"enemies":"Blue Slaver","floor":12,"turns":4},{"damage":7,"enemies":"3 Louse","floor":13,"turns":3},{"damage":15,"enemies":"2 Fungi Beasts","floor":14,"turns":4},{"damage":35,"enemies":"Hexaghost","floor":16,"turns":11},{"damage":11,"enemies":"Spheric Guardian","floor":18,"turns":4},{"damage":26,"enemies":"3 Byrds","floor":19,"turns":5},{"damage":69,"enemies":"3 Cultists","floor":22,"turns":5}],"seed_played":"-5508053923453187625","potions_obtained":[{"floor":4,"key":"PowerPotion"},{"floor":10,"key":"SpeedPotion"},{"floor":12,"key":"Fire Potion"},{"floor":13,"key":"Ancient Potion"},{"floor":14,"key":"Regen Potion"},{"floor":18,"key":"Poison Potion"}],"is_trial":false,"path_per_floor":["M","M","?","M","M","R","?","$","T","M","?","M","M","M","R","B",null,"M","M","$","?","M"],"character_chosen":"DEFECT","items_purchased":["Defragment","Lockon"],"campfire_rested":1,"item_purchase_floors":[8,20],"current_hp_per_floor":[60,60,53,53,53,53,53,53,53,47,47,49,42,34,56,50,69,65,53,53,53,0],"gold":54,"neow_bonus":"ONE_RANDOM_RARE_CARD","is_prod":false,"is_daily":false,"chose_seed":false,"campfire_upgraded":1,"win_rate":0,"timestamp":1557630003,"path_taken":["M","M","?","M","M","R","?","$","T","M","?","M","?","M","R","BOSS","M","M","$","?","M"],"build_version":"2019-01-23","purchased_purges":2,"victory":false,"max_hp_per_floor":[75,75,75,75,75,75,75,75,75,75,75,75,75,75,75,75,75,75,75,75,75,75],"card_choices":[{"not_picked":["Compile Driver","Heatsinks"],"picked":"Redo","floor":1},{"not_picked":["Cold Snap","Hologram"],"picked":"Conserve Battery","floor":2},{"not_picked":["Storm","Tempest"],"picked":"Conserve Battery","floor":4},{"not_picked":["Turbo","Beam Cell","Ball Lightning"],"picked":"SKIP","floor":5},{"not_picked":["Storm","Ball Lightning"],"picked":"Self Repair","floor":10},{"not_picked":["Hologram","Force Field","Recycle"],"picked":"SKIP","floor":12},{"not_picked":["Auto Shields","Leap","Turbo"],"picked":"SKIP","floor":13},{"not_picked":["Thunder Strike","Coolheaded"],"picked":"Self Repair","floor":14},{"not_picked":["All For One","Core Surge"],"picked":"Seek","floor":16},{"not_picked":["Chill","Aggregate"],"picked":"Conserve Battery","floor":17},{"not_picked":["Undo","Cold Snap"],"picked":"Melter+1","floor":18},{"not_picked":["Loop","Sweeping Beam"],"picked":"BootSequence","floor":19}],"player_experience":470580,"relics_obtained":[{"floor":9,"key":"Darkstone Periapt"}],"event_choices":[{"cards_removed":["Strike_B"],"damage_healed":0,"gold_gain":0,"player_choice":"Card Removal","damage_taken":7,"max_hp_gain":0,"max_hp_loss":0,"event_name":"Golden Wing","floor":3,"gold_loss":0},{"damage_healed":0,"gold_gain":0,"player_choice":"Ignored","damage_taken":0,"max_hp_gain":0,"max_hp_loss":0,"event_name":"Liars Game","floor":7,"gold_loss":0},{"damage_healed":0,"gold_gain":0,"player_choice":"Upgraded","damage_taken":0,"max_hp_gain":0,"max_hp_loss":0,"event_name":"Upgrade Shrine","floor":11,"gold_loss":0,"cards_upgraded":["Redo"]},{"damage_healed":0,"gold_gain":0,"player_choice":"Ignored","damage_taken":0,"max_hp_gain":0,"max_hp_loss":0,"event_name":"Ghosts","floor":21,"gold_loss":0}],"is_beta":false,"boss_relics":[{"not_picked":["Velvet Choker","FrozenCore"],"picked":"Orrery"}],"items_purged_floors":[8,20],"is_endless":false,"potions_floor_spawned":[4,10,12,13,14,18],"killed_by":"3 Cultists","ascension_level":11}