{"gold_per_floor":[111,124,134,154,154,180,194,220,247,258,18,18,32,32,44,159,171,197,223,235,261,273,285],"floor_reached":23,"playtime":753,"items_purged":[],"score":255,"play_id":"e51d6bf9-32e9-495c-8c3d-bda8cbdbe2f8","local_time":"20190603222054","is_ascension_mode":false,"campfire_choices":[{"data":"Feed","floor":15,"key":"SMITH"}],"neow_cost":"NONE","seed_source_timestamp":57636752471495,"circlet_count":0,"master_deck":["Strike_R","Strike_R","Strike_R","Strike_R","Strike_R","Defend_R","Defend_R","Defend_R","Defend_R","Bash","Feed","Flex","Rampage","Cleave","Metallicize","Feed+1","Bash","Intimidate","Demon Form","Armaments","Iron Wave+1"],"relics":["Black Blood","The Courier","Turnip","Omamori","PreservedInsect","Bag of Marbles","MawBank","Centennial Puzzle"],"potions_floor_usage":[6,8,16],"damage_taken":[{"damage":5,"enemies":"Small Slimes","floor":1,"turns":3},{"damage":1,"enemies":"Cultist","floor":2,"turns":3},{"damage":3,"enemies":"Jaw Worm","floor":3,"turns":5},{"damage":8,"enemies":"2 Fungi Beasts","floor":4,"turns":3},{"damage":54,"enemies":"Lagavulin","floor":6,"turns":7},{"damage":4,"enemies":"3 Louse","floor":7,"turns":3},{"damage":18,"enemies":"3 Sentries","floor":8,"turns":8},{"damage":20,"enemies":"Exordium Thugs","floor":10,"turns":4},{"damage":8,"enemies":"Blue Slaver","floor":13,"turns":4},{"damage":43,"enemies":"The Guardian","floor":16,"turns":12},{"damage":27,"enemies":"2 Thieves","floor":18,"turns":4},{"damage":48,"enemies":"Chosen","floor":19,"turns":9},{"damage":53,"enemies":"3 Cultists","floor":21,"turns":7},{"damage":38,"enemies":"Slavers","floor":23,"turns":2}],"seed_played":"4483451268072566832","potions_obtained":[{"floor":1,"key":"BloodPotion"},{"floor":2,"key":"FearPotion"},{"floor":6,"key":"SpeedPotion"},{"floor":13,"key":"BloodPotion"}],"is_trial":false,"path_per_floor":["M","M","M","M","?","E","M","E","T","M","$","?","M","?","R","B",null,"M","M","?","M","$","E"],"character_chosen":"IRONCLAD","items_purchased":["PreservedInsect","Bag of Marbles"],"campfire_rested":0,"item_purchase_floors":[11,11],"current_hp_per_floor":[83,86,89,90,90,54,62,56,56,48,48,48,49,49,49,27,120,103,69,69,30,30,0],"gold":285,"neow_bonus":"ONE_RANDOM_RARE_CARD","is_prod":false,"is_daily":false,"chose_seed":false,"campfire_upgraded":1,"win_rate":0,"timestamp":1559593254,"path_taken":["M","M","M","M","?","E","M","E","T","?","$","?","M","?","R","BOSS","M","M","?","?","$","E"],"build_version":"2019-01-23","purchased_purges":0,"victory":false,"max_hp_per_floor":[83,86,89,92,92,95,101,107,107,113,113,113,116,116,116,120,120,120,124,124,128,128,132],"card_choices":[{"not_picked":["Battle Trance","Anger"],"picked":"Flex","floor":1},{"not_picked":["Body Slam","Iron Wave"],"picked":"Rampage","floor":2},{"not_picked":["Seeing Red","Shrug It Off"],"picked":"Cleave","floor":3},{"not_picked":["Cleave","Dropkick"],"picked":"Metallicize","floor":4},{"not_picked":["Sentinel","Perfected Strike","Sword Boomerang"],"picked":"SKIP","floor":6},{"not_picked":["Pommel Strike","Dual Wield"],"picked":"Intimidate","floor":7},{"not_picked":["Body Slam","Hemokinesis"],"picked":"Demon Form","floor":8},{"not_picked":["Iron Wave","Havoc","Inflame"],"picked":"SKIP","floor":10},{"not_picked":["Iron Wave","Cleave","Carnage"],"picked":"SKIP","floor":13},{"not_picked":["Havoc","Rupture"],"picked":"Armaments","floor":18},{"not_picked":["Shrug It Off","Fire Breathing"],"picked":"Iron Wave+1","floor":19},{"not_picked":["Entrench","Dropkick","Hemokinesis"],"picked":"SKIP","floor":21}],"player_experience":298126,"relics_obtained":[{"floor":6,"key":"The Courier"},{"floor":8,"key":"Turnip"},{"floor":9,"key":"Omamori"}],"event_choices":[{"damage_healed":0,"gold_gain":0,"player_choice":"2 cards matched","damage_taken":0,"max_hp_gain":0,"max_hp_loss":0,"event_name":"Match and Keep!","floor":5,"gold_loss":0,"cards_obtained":["Feed","Bash"]},{"damage_healed":0,"gold_gain":0,"player_choice":"Leave","damage_taken":0,"max_hp_gain":0,"max_hp_loss":0,"event_name":"The Cleric","floor":12,"gold_loss":0},{"damage_healed":0,"gold_gain":0,"player_choice":"Box","damage_taken":0,"relics_obtained":["MawBank"],"max_hp_gain":0,"max_hp_loss":0,"event_name":"Big Fish","floor":14,"gold_loss":0,"cards_obtained":["Regret"]},{"damage_healed":0,"gold_gain":0,"player_choice":"Gave Potion","damage_taken":0,"relics_obtained":["Centennial Puzzle"],"max_hp_gain":0,"max_hp_loss":0,"event_name":"WeMeetAgain","floor":20,"gold_loss":0}],"is_beta":false,"boss_relics":[{"not_picked":["White Beast Statue","Orrery"],"picked":"Black Blood"}],"items_purged_floors":[],"is_endless":false,"potions_floor_spawned":[1,2,6,13],"killed_by":"Slavers","ascension_level":0}