{"gold_per_floor":[119,132,65,65,65,93,93,119,146,163,191,191,205,219,219,317,317,292,292,292,292,303,303,336,336,383,383,398,5,5],"floor_reached":30,"playtime":802,"items_purged":["Strike_B"],"score":291,"play_id":"0b17ee8e-6090-427b-b245-a3c0eb307f54","local_time":"20190520212722","is_ascension_mode":false,"campfire_choices":[{"data":"Genetic Algorithm","floor":7.0,"key":"SMITH"},{"data":"Rip and Tear","floor":12.0,"key":"SMITH"},{"data":"Hologram","floor":15.0,"key":"SMITH"},{"data":"Loop","floor":23.0,"key":"SMITH"}],"neow_cost":"NONE","seed_source_timestamp":191185822422964,"circlet_count":0,"master_deck":["Strike_B","Strike_B","Defend_B","Defend_B","Defend_B","Defend_B","Zap","Dualcast","Rip and Tear+1","Gash","Genetic Algorithm+1","Cold Snap","Meteor Strike","Turbo","Hologram+1","Self Repair","Echo Form","Coolheaded+1","Gash","Loop+1","Multi-Cast","Gash","White Noise","Apotheosis"],"special_seed":0,"relics":["Cracked Core","NeowsBlessing","Oddly Smooth Stone","Torii","Bag of Preparation","Vajra","Inserter","Ginger","Enchiridion","Blood Vial","Membership Card"],"potions_floor_usage":[24],"damage_taken":[{"damage":0.0,"enemies":"Small Slimes","floor":1.0,"turns":1.0},{"damage":0.0,"enemies":"Cultist","floor":2.0,"turns":1.0},{"damage":0.0,"enemies":"Lagavulin","floor":6.0,"turns":1.0},{"damage":45.0,"enemies":"Gremlin Nob","floor":8.0,"turns":5.0},{"damage":1.0,"enemies":"Jaw Worm","floor":10.0,"turns":3.0},{"damage":10.0,"enemies":"Lagavulin","floor":11.0,"turns":7.0},{"damage":0.0,"enemies":"Looter","floor":13.0,"turns":3.0},{"damage":0.0,"enemies":"3 Louse","floor":14.0,"turns":3.0},{"damage":13.0,"enemies":"The Guardian","floor":16.0,"turns":15.0},{"damage":13.0,"enemies":"2 Thieves","floor":18.0,"turns":5.0},{"damage":9.0,"enemies":"Chosen","floor":22.0,"turns":6.0},{"damage":47,"enemies":"Slavers","floor":24,"turns":6},{"damage":25,"enemies":"Sentry and Sphere","floor":28,"turns":8},{"damage":19,"enemies":"3 Cultists","floor":30,"turns":3}],"seed_played":"8976681707635913322","potions_obtained":[{"floor":6.0,"key":"PowerPotion"},{"floor":8.0,"key":"Dexterity Potion"},{"floor":14.0,"key":"FairyPotion"},{"floor":16.0,"key":"AttackPotion"},{"floor":24,"key":"Poison Potion"}],"is_trial":false,"path_per_floor":["M","M","$","?","?","E","R","E","T","M","E","R","M","M","R","B",null,"M","?","?","$","M","R","E","?","T","?","M","$","M"],"character_chosen":"DEFECT","items_purchased":["Genetic Algorithm","Membership Card","Gash","White Noise","Apotheosis"],"campfire_rested":0,"item_purchase_floors":[3,29,29,29,29],"current_hp_per_floor":[75,75,75,80,80,80,80,35,35,34,24,24,24,24,24,18,80,74,74,74,74,72,72,32,16,16,16,16,16,0],"gold":5,"neow_bonus":"THREE_ENEMY_KILL","is_prod":false,"is_daily":false,"chose_seed":false,"campfire_upgraded":4,"win_rate":0,"timestamp":1558355242,"path_taken":["M","M","$","?","?","E","R","E","T","?","E","R","?","?","R","BOSS","M","?","?","?","M","R","E","?","T","?","?","$","M"],"build_version":"2019-01-23","purchased_purges":1,"victory":false,"max_hp_per_floor":[75,75,75,80,80,80,80,80,80,80,80,80,80,80,80,80,80,80,80,80,80,80,80,80,80,80,80,80,80,80],"card_choices":[{"not_picked":["Leap","Tempest"],"picked":"Rip and Tear","floor":1.0},{"not_picked":["Hologram","Barrage"],"picked":"Gash","floor":2.0},{"not_picked":["Leap","Beam Cell"],"picked":"Cold Snap","floor":6.0},{"not_picked":["Cold Snap","Stack"],"picked":"Meteor Strike","floor":8.0},{"not_picked":["Leap","Hologram"],"picked":"Turbo","floor":10.0},{"not_picked":["Compile Driver","Go for the Eyes","Rebound"],"picked":"SKIP","floor":11.0},{"not_picked":["Blizzard","Conserve Battery"],"picked":"Hologram","floor":13.0},{"not_picked":["Conserve Battery","Steam"],"picked":"Self Repair","floor":14.0},{"not_picked":["Hyperbeam","Creative AI"],"picked":"Echo Form","floor":16.0},{"not_picked":["Barrage+1","Leap"],"picked":"Coolheaded+1","floor":18.0},{"not_picked":["Compile Driver+1","Genetic Algorithm"],"picked":"Loop","floor":22.0},{"not_picked":["Ball Lightning","Go for the Eyes"],"picked":"Multi-Cast","floor":24},{"not_picked":["Loop+1","Stack","Steam Power+1"],"picked":"SKIP","floor":28}],"player_experience":437217,"relics_obtained":[{"floor":6.0,"key":"Oddly Smooth Stone"},{"floor":8.0,"key":"Torii"},{"floor":9.0,"key":"Bag of Preparation"},{"floor":11.0,"key":"Vajra"},{"floor":24,"key":"Ginger"},{"floor":25,"key":"Enchiridion"},{"floor":26,"key":"Blood Vial"}],"event_choices":[{"damage_healed":0.0,"max_hp_gain":5.0,"max_hp_loss":0.0,"gold_gain":0.0,"event_name":"Big Fish","player_choice":"Donut","floor":4.0,"gold_loss":0.0,"damage_taken":0.0},{"cards_removed":["Strike_B"],"damage_healed":0.0,"max_hp_gain":0.0,"max_hp_loss":0.0,"gold_gain":0.0,"event_name":"Bonfire Elementals","player_choice":"Offered Basic","floor":5.0,"gold_loss":0.0,"damage_taken":0.0},{"damage_healed":0.0,"max_hp_gain":0.0,"max_hp_loss":0.0,"gold_gain":0.0,"event_name":"The Library","player_choice":"Read","floor":19.0,"gold_loss":0.0,"damage_taken":0.0,"cards_obtained":["Gash"]},{"damage_healed":0.0,"max_hp_gain":0.0,"max_hp_loss":0.0,"gold_gain":0.0,"event_name":"Ghosts","player_choice":"Ignored","floor":20.0,"gold_loss":0.0,"damage_taken":0.0},{"damage_healed":0,"gold_gain":0,"player_choice":"Obtained Book","damage_taken":16,"max_hp_gain":0,"max_hp_loss":0,"event_name":"Cursed Tome","floor":25,"gold_loss":0},{"damage_healed":0,"gold_gain":0,"player_choice":"Ignored","damage_taken":0,"max_hp_gain":0,"max_hp_loss":0,"event_name":"Vampires","floor":27,"gold_loss":0}],"is_beta":false,"boss_relics":[{"not_picked":["energizedSpire:EnergizedDie","Orrery"],"picked":"Inserter"}],"items_purged_floors":[29],"is_endless":false,"potions_floor_spawned":[6,8,14,16,24],"killed_by":"3 Cultists","ascension_level":0}