{"gold_per_floor":[109,51,68,143,153,182,32,32,55,55,75,100,110,128,128,223,223,238,254,265,56,6,6],"floor_reached":23,"playtime":1886,"items_purged":["Strike_G"],"score":254,"play_id":"3a5ff9c1-c487-45af-9d9f-3311f31847c8","local_time":"20190213000955","is_ascension_mode":true,"campfire_choices":[{"data":"Envenom","floor":8,"key":"SMITH"},{"data":"Infinite Blades","floor":10,"key":"SMITH"},{"data":"Neutralize","floor":15,"key":"SMITH"}],"neow_cost":"NONE","seed_source_timestamp":2889120274118929,"circlet_count":0,"master_deck":["Defend_G","Defend_G","Defend_G","Defend_G","Defend_G+1","Strike_G","Survivor","Neutralize+1","Purity","Bouncing Flask+1","Backflip","Deflect","Envenom+1","Infinite Blades+1","Poisoned Stab","Crippling Poison","Cloak And Dagger","Well Laid Plans","Burst","Wraith Form v2+1","Sucker Punch+1","Dagger Spray+1","Quick Slash","Dagger Throw+1","Noxious Fumes","Terror"],"relics":["Ring of the Snake","War Paint","Blood Vial","Strawberry","Kunai","Astrolabe"],"potions_floor_usage":[6,16,19,20,23,23],"damage_taken":[{"damage":0,"enemies":"2 Louse","floor":1,"turns":3},{"damage":0,"enemies":"Cultist","floor":3,"turns":3},{"damage":4,"enemies":"Jaw Worm","floor":5,"turns":3},{"damage":11,"enemies":"Lagavulin","floor":6,"turns":6},{"damage":7,"enemies":"Exordium Thugs","floor":11,"turns":5},{"damage":19,"enemies":"Gremlin Nob","floor":12,"turns":4},{"damage":1,"enemies":"Looter","floor":13,"turns":3},{"damage":5,"enemies":"Lots of Slimes","floor":14,"turns":3},{"damage":3,"enemies":"The Guardian","floor":16,"turns":8},{"damage":22,"enemies":"Spheric Guardian","floor":18,"turns":6},{"damage":30,"enemies":"2 Thieves","floor":19,"turns":4},{"damage":11,"enemies":"Cultist and Chosen","floor":20,"turns":6},{"damage":24,"enemies":"Book of Stabbing","floor":23,"turns":6}],"seed_played":"8331945816190684732","potions_obtained":[{"floor":3,"key":"GhostInAJar"},{"floor":5,"key":"Poison Potion"},{"floor":11,"key":"Explosive Potion"},{"floor":14,"key":"GamblersBrew"},{"floor":19,"key":"Poison Potion"}],"is_trial":false,"path_per_floor":["M","?","M","?","M","E","$","R","T","R","M","E","M","M","R","B",null,"M","M","M","$","?","E"],"character_chosen":"THE_SILENT","items_purchased":["Infinite Blades","Noxious Fumes","AttackPotion","Dexterity Potion","Terror"],"campfire_rested":0,"item_purchase_floors":[7,21,21,21,21],"current_hp_per_floor":[70,70,70,63,59,48,48,48,55,55,50,33,34,31,31,30,65,45,17,8,8,8,0],"gold":6,"neow_bonus":"RANDOM_COLORLESS","is_prod":false,"is_daily":false,"chose_seed":false,"campfire_upgraded":3,"win_rate":0,"timestamp":1550034595,"path_taken":["M","?","?","?","M","E","?","R","T","R","M","E","M","M","R","BOSS","M","M","M","$","?","E"],"build_version":"2019-01-23","purchased_purges":1,"victory":false,"max_hp_per_floor":[70,70,70,70,70,70,70,70,77,77,77,77,77,77,77,77,77,77,77,77,77,77,77],"card_choices":[{"not_picked":["Dash","Distraction"],"picked":"Bouncing Flask","floor":1},{"not_picked":["Prepared","Acrobatics"],"picked":"Backflip","floor":3},{"not_picked":["Underhanded Strike","Backflip"],"picked":"Deflect","floor":5},{"not_picked":["Die Die Die","Bouncing Flask"],"picked":"Envenom","floor":6},{"not_picked":["Masterful Stab","Riddle With Holes"],"picked":"Poisoned Stab","floor":11},{"not_picked":["Eviscerate","Concentrate"],"picked":"Crippling Poison","floor":12},{"not_picked":["Eviscerate","Quick Slash"],"picked":"Cloak And Dagger","floor":13},{"not_picked":["Dagger Spray","Escape Plan"],"picked":"Well Laid Plans","floor":14},{"not_picked":["Bullet Time","Tools of the Trade"],"picked":"Burst","floor":16},{"not_picked":["Deflect","Eviscerate"],"picked":"Quick Slash","floor":18},{"not_picked":["Prepared+1","Sucker Punch"],"picked":"Dagger Throw+1","floor":19},{"not_picked":["Outmaneuver","Distraction","Backflip"],"picked":"SKIP","floor":20}],"player_experience":202546,"relics_obtained":[{"floor":6,"key":"Blood Vial"},{"floor":9,"key":"Strawberry"},{"floor":12,"key":"Kunai"}],"event_choices":[{"damage_healed":0,"gold_gain":0,"player_choice":"Paid Gold","damage_taken":0,"relics_obtained":["War Paint"],"max_hp_gain":0,"max_hp_loss":0,"event_name":"WeMeetAgain","floor":2,"gold_loss":58},{"damage_healed":0,"gold_gain":75,"player_choice":"Touch","damage_taken":7,"max_hp_gain":0,"max_hp_loss":0,"event_name":"FaceTrader","floor":4,"gold_loss":0},{"damage_healed":0,"gold_gain":0,"player_choice":"Bet on Murderer","damage_taken":0,"max_hp_gain":0,"max_hp_loss":0,"event_name":"The Joust","floor":22,"gold_loss":50}],"is_beta":false,"boss_relics":[{"not_picked":["Ring of the Serpent","Runic Pyramid"],"picked":"Astrolabe"}],"items_purged_floors":[7],"is_endless":false,"potions_floor_spawned":[3,5,11,14,19],"killed_by":"Book of Stabbing","ascension_level":5}