{"gold_per_floor":[116,116,135,146,146,171,171,96,96,113,13,13,33,33,33,130,130,147,147,157,157,3,3,18,18,18,18,18,29,47,73,73,178,178,190,190,0,0,20,20,40,65,65,96,96,113,127,144,144,144],"floor_reached":51,"playtime":1913,"items_purged":["Regret","Rupture"],"score":752,"play_id":"b9c159c4-e464-4e0a-ad1b-c504486671d0","local_time":"20190127212225","is_ascension_mode":false,"campfire_choices":[{"floor":7,"key":"DIG"},{"floor":12,"key":"REST"},{"floor":15,"key":"DIG"},{"floor":23,"key":"DIG"},{"floor":25,"key":"DIG"},{"floor":27,"key":"DIG"},{"floor":32,"key":"DIG"},{"floor":40,"key":"RECALL"},{"floor":45,"key":"DIG"},{"floor":49,"key":"DIG"}],"neow_cost":"PERCENT_DAMAGE","seed_source_timestamp":207174203264640,"circlet_count":0,"master_deck":["Defend_R","Defend_R","Defend_R","Defend_R","Bash","Thunderclap","Iron Wave+1","Iron Wave","Iron Wave","Spot Weakness","Offering","Heavy Blade+1","Bite","Bite","Bite","Bite","Bite","Armaments+1","Offering","Battle Trance+1","Ghostly Armor","Shrug It Off","Disarm+1","Exhume","Shockwave","Metallicize","Dropkick+1","Parasite","Dropkick","Heavy Blade+1"],"special_seed":0,"relics":["Burning Blood","Bird Faced Urn","Question Card","Shovel","Omamori","Regal Pillow","Lantern","Cursed Key","Blue Candle","Bronze Scales","Pantograph","Vajra","Magic Flower","Art of War","Runic Pyramid","Red Mask","Thread and Needle","Bottled Lightning","PreservedInsect","Ginger","Bag of Marbles"],"potions_floor_usage":[10,16,16,31,31,44,50,50],"damage_taken":[{"damage":0.0,"enemies":"Small Slimes","floor":1.0,"turns":3.0},{"damage":6.0,"enemies":"Jaw Worm","floor":3.0,"turns":5.0},{"damage":7.0,"enemies":"2 Louse","floor":4.0,"turns":3.0},{"damage":48,"enemies":"Lagavulin","floor":6,"turns":8},{"damage":20,"enemies":"Exordium Thugs","floor":10,"turns":5},{"damage":4,"enemies":"Blue Slaver","floor":13,"turns":4},{"damage":43,"enemies":"Hexaghost","floor":16,"turns":8},{"damage":14,"enemies":"2 Thieves","floor":18,"turns":4},{"damage":9,"enemies":"Chosen","floor":20,"turns":3},{"damage":23,"enemies":"Centurion and Healer","floor":24,"turns":4},{"damage":30,"enemies":"Snake Plant","floor":29,"turns":3},{"damage":17,"enemies":"Snecko","floor":30,"turns":4},{"damage":13,"enemies":"Slavers","floor":31,"turns":4},{"damage":56,"enemies":"Champ","floor":33,"turns":11},{"damage":17,"enemies":"3 Darklings","floor":35,"turns":3},{"damage":18,"enemies":"3 Shapes","floor":39,"turns":4},{"damage":34,"enemies":"3 Darklings","floor":41,"turns":3},{"damage":26,"enemies":"Nemesis","floor":42,"turns":9},{"damage":35,"enemies":"Giant Head","floor":44,"turns":9},{"damage":36,"enemies":"Writhing Mass","floor":46,"turns":4},{"damage":33,"enemies":"Transient","floor":47,"turns":5},{"damage":0,"enemies":"4 Shapes","floor":48,"turns":4},{"damage":37,"enemies":"Awakened One","floor":50,"turns":12}],"seed_played":"1664193498921261765","potions_obtained":[{"floor":1.0,"key":"Ancient Potion"},{"floor":10,"key":"Poison Potion"},{"floor":13,"key":"GamblersBrew"},{"floor":18,"key":"EssenceOfSteel"},{"floor":30,"key":"Dexterity Potion"},{"floor":33,"key":"LiquidBronze"},{"floor":35,"key":"Weak Potion"},{"floor":44,"key":"PowerPotion"},{"floor":47,"key":"FairyPotion"}],"is_trial":false,"path_per_floor":["M","?","M","M","?","E","R","$","T","M","$","R","M","?","R","B",null,"M","?","M","?","$","R","M","R","T","R","$","M","M","E","R","B",null,"M","$","?","?","M","R","M","E","T","E","R","M","M","M","R","B",null],"character_chosen":"IRONCLAD","items_purchased":["Offering"],"campfire_rested":1,"item_purchase_floors":[22],"current_hp_per_floor":[62,62,62,63,63,23,23,23,23,9,9,48,50,50,50,13,80,72,56,56,56,56,56,52,52,52,52,52,36,42,49,49,44,56,56,56,56,56,56,56,46,56,56,56,56,38,37,55,55,48],"gold":144,"neow_bonus":"ONE_RARE_RELIC","is_prod":false,"is_daily":false,"chose_seed":false,"campfire_upgraded":0,"win_rate":0,"timestamp":1548620545,"path_taken":["M","?","M","M","?","E","R","$","T","M","$","R","M","?","R","BOSS","M","?","M","?","$","R","M","R","T","R","$","?","M","E","R","BOSS","M","$","?","?","M","R","M","E","T","E","R","?","M","M","R","BOSS"],"build_version":"2019-01-23","purchased_purges":2,"victory":true,"max_hp_per_floor":[80,80,80,80,80,80,80,80,80,80,80,80,80,80,80,80,80,80,56,56,56,56,56,56,56,56,56,56,56,56,56,56,56,56,56,56,56,56,56,56,56,56,56,56,56,56,56,56,56,56],"card_choices":[{"not_picked":["Reckless Charge","Uppercut"],"picked":"Thunderclap","floor":1.0},{"not_picked":["Shrug It Off","Power Through","Sever Soul"],"picked":"Rupture","floor":3.0},{"not_picked":["Sword Boomerang","Feel No Pain","Warcry"],"picked":"Iron Wave","floor":4},{"not_picked":["Flame Barrier","Blood for Blood","Flex"],"picked":"Iron Wave","floor":6},{"not_picked":["Shockwave","True Grit","Corruption"],"picked":"Iron Wave","floor":10},{"not_picked":["Headbutt","Intimidate","Thunderclap"],"picked":"Spot Weakness","floor":13},{"not_picked":["Impervious","Fiend Fire","Reaper"],"picked":"Offering","floor":16},{"not_picked":["Carnage+1","Warcry+1","Perfected Strike+1"],"picked":"Heavy Blade","floor":18},{"not_picked":["Flex+1","Entrench","Sever Soul+1"],"picked":"Armaments+1","floor":20},{"not_picked":["Headbutt","Perfected Strike","True Grit"],"picked":"Battle Trance+1","floor":24},{"not_picked":["Cleave+1","Flex+1","Battle Trance"],"picked":"Ghostly Armor","floor":29},{"not_picked":["Body Slam+1","Twin Strike","Feed"],"picked":"Shrug It Off","floor":30},{"not_picked":["Twin Strike+1","Dark Embrace","Hemokinesis"],"picked":"Disarm+1","floor":31},{"not_picked":["Reaper","Bludgeon","Impervious"],"picked":"Exhume","floor":33},{"not_picked":["Pommel Strike","Body Slam+1","Uppercut"],"picked":"Shockwave","floor":35},{"not_picked":["Clothesline+1","Perfected Strike","True Grit+1","Clash+1"],"picked":"SKIP","floor":39},{"not_picked":["Pommel Strike+1","Burning Pact+1","Second Wind+1"],"picked":"Metallicize","floor":41},{"not_picked":["Sever Soul+1","Cleave","Wild Strike+1"],"picked":"Dropkick+1","floor":42},{"not_picked":["Sentinel","Carnage","Wild Strike","Body Slam+1"],"picked":"SKIP","floor":44},{"not_picked":["Pummel+1","Hemokinesis+1","Havoc+1"],"picked":"Dropkick","floor":46},{"not_picked":["Thunderclap+1","Battle Trance","Reaper","Hemokinesis"],"picked":"SKIP","floor":47},{"not_picked":["Perfected Strike","Bloodletting+1","Combust+1"],"picked":"Heavy Blade+1","floor":48}],"player_experience":205296,"relics_obtained":[{"floor":6,"key":"Shovel"},{"floor":7,"key":"Omamori"},{"floor":9,"key":"Regal Pillow"},{"floor":15,"key":"Lantern"},{"floor":23,"key":"Blue Candle"},{"floor":25,"key":"Bronze Scales"},{"floor":26,"key":"Pantograph"},{"floor":27,"key":"Vajra"},{"floor":31,"key":"Magic Flower"},{"floor":32,"key":"Art of War"},{"floor":42,"key":"Thread and Needle"},{"floor":43,"key":"Bottled Lightning"},{"floor":44,"key":"PreservedInsect"},{"floor":45,"key":"Ginger"},{"floor":49,"key":"Bag of Marbles"}],"event_choices":[{"damage_healed":0.0,"max_hp_gain":0.0,"max_hp_loss":0.0,"gold_gain":0.0,"event_name":"Big Fish","player_choice":"Box","floor":2.0,"gold_loss":0.0,"damage_taken":0.0,"relics_obtained":["Question Card"],"cards_obtained":["Regret"]},{"damage_healed":0,"gold_gain":0,"player_choice":"Grow","damage_taken":0,"max_hp_gain":0,"max_hp_loss":0,"event_name":"Living Wall","floor":5,"gold_loss":0,"cards_upgraded":["Iron Wave"]},{"cards_removed":["Strike_R"],"damage_healed":0,"gold_gain":0,"player_choice":"Offered Basic","damage_taken":0,"max_hp_gain":0,"max_hp_loss":0,"event_name":"Bonfire Elementals","floor":14,"gold_loss":0},{"damage_healed":0,"gold_gain":0,"player_choice":"Became a vampire","damage_taken":0,"max_hp_gain":0,"max_hp_loss":24,"event_name":"Vampires","floor":19,"gold_loss":0,"cards_obtained":["Bite","Bite","Bite","Bite","Bite"]},{"damage_healed":0,"gold_gain":0,"player_choice":"Bought 0 Potions","damage_taken":0,"max_hp_gain":0,"max_hp_loss":0,"event_name":"The Woman in Blue","floor":21,"gold_loss":0},{"damage_healed":0,"gold_gain":0,"player_choice":"Paid","damage_taken":0,"relics_obtained":["Red Mask"],"max_hp_gain":0,"max_hp_loss":0,"event_name":"Tomb of Lord Red Mask","floor":37,"gold_loss":190},{"damage_healed":0,"gold_gain":0,"player_choice":"Upgraded","damage_taken":0,"max_hp_gain":0,"max_hp_loss":0,"event_name":"Upgrade Shrine","floor":38,"gold_loss":0,"cards_upgraded":["Heavy Blade"]}],"is_beta":false,"boss_relics":[{"not_picked":["Black Blood","Philosopher\u0027s Stone"],"picked":"Cursed Key"},{"not_picked":["Tiny House","Astrolabe"],"picked":"Runic Pyramid"}],"items_purged_floors":[8,11],"is_endless":false,"potions_floor_spawned":[1,10,13,18,30,33,35,44,47],"ascension_level":0}