{"gold_per_floor":[113,113,124,299,76,76,111,111,111,123,123,156,106,6,6,77,77,97,126,1,1,15,15,15,31,31,42,70,70,80,96,96,96],"floor_reached":33,"playtime":1064,"items_purged":["Doubt","Strike_B","Strike_B"],"score":507,"play_id":"16981d0c-98f0-41b9-80b8-95695d26d73f","local_time":"20190526104905","is_ascension_mode":true,"campfire_choices":[{"data":"Zap","floor":6,"key":"SMITH"},{"data":"Go for the Eyes","floor":8,"key":"SMITH"},{"data":"Dualcast","floor":11,"key":"SMITH"},{"data":"Barrage","floor":15,"key":"SMITH"},{"data":"Chill","floor":23,"key":"SMITH"},{"data":"Capacitor","floor":29,"key":"SMITH"},{"data":"Biased Cognition","floor":32,"key":"SMITH"}],"neow_cost":"NONE","seed_source_timestamp":80092301890168,"circlet_count":0,"master_deck":["AscendersBane","Defend_B","Defend_B","Defend_B","Defend_B","Zap+1","Dualcast+1","Reinforced Body","Conserve Battery","Glacier","Capacitor+1","Go for the Eyes+1","Barrage+1","Chill+1","Hyperbeam","Compile Driver","Blizzard","Hologram","Doom and Gloom","Rebound","Biased Cognition+1","Glacier","Go for the Eyes+1"],"relics":["Cracked Core","NeowsBlessing","Strawberry","Bag of Preparation","Letter Opener","Coffee Dripper","Red Mask","Ornamental Fan","Omamori"],"potions_floor_usage":[16,28,33,33],"damage_taken":[{"damage":0,"enemies":"2 Louse","floor":1,"turns":1},{"damage":0,"enemies":"Jaw Worm","floor":3,"turns":1},{"damage":0,"enemies":"Gremlin Nob","floor":7,"turns":1},{"damage":0,"enemies":"Cultist","floor":10,"turns":4},{"damage":6,"enemies":"3 Sentries","floor":12,"turns":8},{"damage":23,"enemies":"Hexaghost","floor":16,"turns":11},{"damage":10,"enemies":"Spheric Guardian","floor":18,"turns":4},{"damage":14,"enemies":"Masked Bandits","floor":19,"turns":5},{"damage":0,"enemies":"3 Byrds","floor":22,"turns":3},{"damage":0,"enemies":"Sentry and Sphere","floor":25,"turns":5},{"damage":9,"enemies":"Cultist and Chosen","floor":27,"turns":8},{"damage":15,"enemies":"Slavers","floor":28,"turns":3},{"damage":1,"enemies":"Snake Plant","floor":30,"turns":4},{"damage":0,"enemies":"Shelled Parasite and Fungi","floor":31,"turns":6},{"damage":30,"enemies":"Automaton","floor":33,"turns":6}],"seed_played":"-4397671689994092243","potions_obtained":[{"floor":1,"key":"PowerPotion"},{"floor":3,"key":"Poison Potion"},{"floor":19,"key":"LiquidBronze"},{"floor":28,"key":"SkillPotion"}],"is_trial":false,"path_per_floor":["M","?","M","?","$","R","E","R","T","M","R","E","?","$","R","B",null,"M","?","$","?","M","R","$","M","T","M","E","R","M","M","R","B"],"character_chosen":"DEFECT","items_purchased":["Glacier","Capacitor"],"campfire_rested":0,"item_purchase_floors":[5,5],"current_hp_per_floor":[64,69,69,69,69,69,76,76,76,76,76,70,70,70,70,47,74,64,50,50,50,50,50,50,50,50,41,26,26,25,25,25,0],"gold":96,"neow_bonus":"THREE_ENEMY_KILL","is_prod":false,"is_daily":false,"chose_seed":false,"campfire_upgraded":7,"win_rate":0,"timestamp":1558842545,"path_taken":["M","?","M","?","$","R","E","R","T","M","R","E","?","?","R","BOSS","M","?","$","?","?","R","?","?","T","M","E","R","M","M","R","BOSS"],"build_version":"2019-01-23","purchased_purges":3,"victory":false,"max_hp_per_floor":[71,76,76,76,76,76,83,83,83,83,83,83,83,83,83,83,83,83,83,83,83,83,83,83,83,83,83,83,83,83,83,83,83],"card_choices":[{"not_picked":["Gash","Beam Cell"],"picked":"Reinforced Body","floor":1},{"not_picked":["Turbo","Rebound"],"picked":"Conserve Battery","floor":3},{"not_picked":["Hologram","Steam"],"picked":"Go for the Eyes","floor":7},{"not_picked":["BootSequence","Compile Driver"],"picked":"Barrage","floor":10},{"not_picked":["Conserve Battery","FTL"],"picked":"Chill","floor":12},{"not_picked":["All For One","Multi-Cast"],"picked":"Hyperbeam","floor":16},{"not_picked":["Steam","Conserve Battery"],"picked":"Compile Driver","floor":18},{"not_picked":["Scrape","Gash"],"picked":"Blizzard","floor":19},{"not_picked":["Static Discharge+1","Reinforced Body"],"picked":"Hologram","floor":22},{"not_picked":["Leap","Chill"],"picked":"Doom and Gloom","floor":25},{"not_picked":["Turbo","Stack"],"picked":"Rebound","floor":27},{"not_picked":["Blizzard","Sunder"],"picked":"Biased Cognition","floor":28},{"not_picked":["Go for the Eyes","Double Energy"],"picked":"Glacier","floor":30},{"not_picked":["Rebound","Redo"],"picked":"Go for the Eyes+1","floor":31}],"player_experience":497262,"relics_obtained":[{"floor":7,"key":"Strawberry"},{"floor":9,"key":"Bag of Preparation"},{"floor":12,"key":"Letter Opener"},{"floor":19,"key":"Red Mask"},{"floor":26,"key":"Ornamental Fan"},{"floor":28,"key":"Omamori"}],"event_choices":[{"damage_healed":0,"gold_gain":0,"player_choice":"Donut","damage_taken":0,"max_hp_gain":5,"max_hp_loss":0,"event_name":"Big Fish","floor":2,"gold_loss":0},{"damage_healed":0,"gold_gain":175,"player_choice":"AGREE","damage_taken":0,"max_hp_gain":0,"max_hp_loss":0,"event_name":"Liars Game","floor":4,"gold_loss":0,"cards_obtained":["Doubt"]},{"cards_removed":["Strike_B"],"damage_healed":0,"gold_gain":0,"player_choice":"Card Removal","damage_taken":0,"max_hp_gain":0,"max_hp_loss":0,"event_name":"The Cleric","floor":13,"gold_loss":50},{"damage_healed":0,"gold_gain":0,"player_choice":"Fought Bandits","damage_taken":0,"max_hp_gain":0,"max_hp_loss":0,"event_name":"Masked Bandits","floor":19,"gold_loss":0},{"cards_removed":["Strike_B"],"damage_healed":0,"gold_gain":0,"player_choice":"Purged","damage_taken":0,"max_hp_gain":0,"max_hp_loss":0,"event_name":"Purifier","floor":21,"gold_loss":0}],"is_beta":false,"boss_relics":[{"not_picked":["Cursed Key","Astrolabe"],"picked":"Coffee Dripper"}],"items_purged_floors":[5,14,20],"is_endless":false,"potions_floor_spawned":[1,3,19,25,28,30],"killed_by":"Automaton","ascension_level":14}