{"gold_per_floor":[114,114,289,239,249,279,279,77,77,107,122,142,142,158,158,259,259,273,42,52,65,65,96,111,111,160,195,6,21,39,52,52,147,147,158,15,31,306,15,15,34,34,34,69,69],"floor_reached":45,"playtime":2171,"items_purged":["Doubt"],"score":670,"play_id":"363a1e6d-595e-4ba6-a3c3-35afb4e253c1","local_time":"20190422150616","daily_mods":["Diverse"],"is_ascension_mode":false,"campfire_choices":[{"floor":7,"key":"REST"},{"data":"Leg Sweep","floor":13,"key":"SMITH"},{"data":"Backstab","floor":15,"key":"SMITH"},{"data":"Echo Form","floor":25,"key":"SMITH"},{"data":"Apotheosis","floor":32,"key":"SMITH"},{"data":"Phantasmal Killer","floor":40,"key":"SMITH"}],"neow_cost":"","seed_source_timestamp":0,"circlet_count":0,"master_deck":["Bash","Sucker Punch","Backstab+1","Poisoned Stab","Leg Sweep+1","Adrenaline","Shrug It Off","Predator","Blade Dance","After Image","Reinforced Body","Reaper","Core Surge","Tempest","Echo Form+1","Darkness+1","Chaos+1","Havoc+1","Impervious","Apotheosis+1","Quick Slash+1","Melter","Cleave+1","Phantasmal Killer+1","Poisoned Stab","Cleave+1","Juggernaut","Caltrops","Cold Snap","Regret","Double Energy","PiercingWail"],"relics":["Black Blood","Bronze Scales","Tiny Chest","Blood Vial","Pen Nib","Pandora\u0027s Box","PreservedInsect","Gremlin Horn","Bottled Flame","Red Skull","Prayer Wheel","Dead Branch","Molten Egg 2","Juzu Bracelet"],"potions_floor_usage":[10,21,31,31,33,45,45],"damage_taken":[{"damage":0,"enemies":"Small Slimes","floor":1,"turns":3},{"damage":10,"enemies":"Jaw Worm","floor":5,"turns":4},{"damage":59,"enemies":"Lagavulin","floor":6,"turns":12},{"damage":4,"enemies":"Gremlin Nob","floor":10,"turns":2},{"damage":0,"enemies":"2 Louse","floor":11,"turns":2},{"damage":12,"enemies":"Red Slaver","floor":12,"turns":2},{"damage":4,"enemies":"Gremlin Gang","floor":14,"turns":3},{"damage":46,"enemies":"Slime Boss","floor":16,"turns":17},{"damage":0,"enemies":"Spheric Guardian","floor":18,"turns":6},{"damage":7,"enemies":"Shell Parasite","floor":20,"turns":6},{"damage":31,"enemies":"Chosen and Byrds","floor":21,"turns":5},{"damage":14,"enemies":"Slavers","floor":23,"turns":3},{"damage":6,"enemies":"Snecko","floor":24,"turns":4},{"damage":1,"enemies":"Gremlin Leader","floor":27,"turns":5},{"damage":5,"enemies":"Snake Plant","floor":29,"turns":4},{"damage":15,"enemies":"Sentry and Sphere","floor":30,"turns":5},{"damage":32,"enemies":"Centurion and Healer","floor":31,"turns":4},{"damage":58,"enemies":"Champ","floor":33,"turns":11},{"damage":33,"enemies":"3 Darklings","floor":35,"turns":4},{"damage":29,"enemies":"3 Shapes","floor":37,"turns":4},{"damage":25,"enemies":"Maw","floor":41,"turns":6},{"damage":15,"enemies":"Nemesis","floor":44,"turns":5},{"damage":65,"enemies":"Transient","floor":45,"turns":5}],"seed_played":"-3573335643190169973","potions_obtained":[{"floor":6,"key":"AttackPotion"},{"floor":11,"key":"Energy Potion"},{"floor":16,"key":"GamblersBrew"},{"floor":20,"key":"Dexterity Potion"},{"floor":24,"key":"AttackPotion"},{"floor":30,"key":"Poison Potion"},{"floor":31,"key":"SpeedPotion"},{"floor":41,"key":"EssenceOfSteel"},{"floor":44,"key":"Regen Potion"}],"is_trial":true,"path_per_floor":["M","?","?","?","M","E","R","$","T","E","M","M","R","M","R","B",null,"M","$","M","M","T","E","M","R","T","E","$","M","M","M","R","B",null,"M","$","M","?","$","R","M","$","T","E","M"],"character_chosen":"IRONCLAD","items_purchased":["Tiny Chest","Echo Form","PreservedInsect","Apotheosis","Juggernaut","Dead Branch"],"campfire_rested":1,"item_purchase_floors":[8,19,19,28,36,39],"current_hp_per_floor":[80,80,80,80,76,23,47,47,47,51,59,55,55,59,59,21,80,80,80,79,63,63,69,71,71,71,80,80,80,71,54,54,12,80,62,62,57,57,57,57,48,48,48,45,0],"gold":69,"neow_bonus":"","is_prod":false,"is_daily":false,"chose_seed":false,"campfire_upgraded":5,"win_rate":0,"timestamp":1555938376,"path_taken":["M","?","?","?","M","E","R","?","T","E","M","M","R","M","R","BOSS","M","$","M","M","?","E","M","R","T","E","$","M","?","M","R","BOSS","M","$","M","?","$","R","M","?","T","E","M"],"build_version":"2019-01-23","purchased_purges":1,"victory":false,"max_hp_per_floor":[80,80,80,80,80,80,80,80,80,80,80,80,80,80,80,80,80,80,80,80,80,80,80,80,80,80,80,80,80,80,80,80,80,80,80,80,80,80,80,80,80,80,80,80,80],"card_choices":[{"not_picked":["Flame Barrier","Redo"],"picked":"Sucker Punch","floor":1},{"not_picked":["Storm","Stack","Headbutt"],"picked":"SKIP","floor":5},{"not_picked":["Cleave","Reckless Charge"],"picked":"Backstab","floor":6},{"not_picked":["Undo","Reflex","Concentrate"],"picked":"SKIP","floor":10},{"not_picked":["Rebound","Iron Wave"],"picked":"Poisoned Stab","floor":11},{"not_picked":["Slice","Bane"],"picked":"Leg Sweep","floor":12},{"not_picked":["Hologram","Bane"],"picked":"Adrenaline","floor":14},{"not_picked":["Inflame","Headbutt"],"picked":"Tempest","floor":18},{"not_picked":["Inflame","Terror"],"picked":"Darkness+1","floor":20},{"not_picked":["Bane+1","Rupture"],"picked":"Chaos+1","floor":21},{"not_picked":["Poisoned Stab","Reflex"],"picked":"Havoc+1","floor":23},{"not_picked":["Battle Trance","Sucker Punch+1","Rupture+1"],"picked":"SKIP","floor":24},{"not_picked":["Poisoned Stab","Second Wind"],"picked":"Impervious","floor":27},{"not_picked":["Eviscerate","Cloak And Dagger"],"picked":"Quick Slash+1","floor":29},{"not_picked":["Uppercut+1","True Grit","Reflex"],"picked":"SKIP","floor":29},{"not_picked":["Shrug It Off","Reinforced Body"],"picked":"Melter","floor":30},{"not_picked":["Headbutt+1","Flex+1","Beam Cell+1"],"picked":"SKIP","floor":30},{"not_picked":["Sucker Punch","Shrug It Off"],"picked":"Cleave+1","floor":31},{"not_picked":["True Grit","Recycle","Melter+1"],"picked":"SKIP","floor":31},{"not_picked":["Machine Learning","Unload"],"picked":"Phantasmal Killer","floor":33},{"not_picked":["Deadly Poison+1","Second Wind+1"],"picked":"Poisoned Stab","floor":35},{"not_picked":["Compile Driver+1","Barrage+1"],"picked":"Cleave+1","floor":35},{"not_picked":["Envenom","Underhanded Strike+1"],"picked":"Caltrops","floor":37},{"not_picked":["Armaments+1","Quick Slash"],"picked":"Cold Snap","floor":37},{"not_picked":["Chaos+1","Bloodletting"],"picked":"Double Energy","floor":41},{"not_picked":["Dagger Throw+1","Pommel Strike","Cold Snap+1"],"picked":"SKIP","floor":41},{"not_picked":["Uppercut+1","Predator+1"],"picked":"PiercingWail","floor":44}],"player_experience":259415,"relics_obtained":[{"floor":6,"key":"Bronze Scales"},{"floor":9,"key":"Blood Vial"},{"floor":10,"key":"Pen Nib"},{"floor":22,"key":"Gremlin Horn"},{"floor":23,"key":"Bottled Flame"},{"floor":26,"key":"Red Skull"},{"floor":27,"key":"Prayer Wheel"},{"floor":43,"key":"Molten Egg 2"},{"floor":44,"key":"Juzu Bracelet"}],"event_choices":[{"cards_removed":["Strike_R"],"damage_healed":0,"gold_gain":0,"player_choice":"Forget","damage_taken":0,"max_hp_gain":0,"max_hp_loss":0,"event_name":"Living Wall","floor":2,"gold_loss":0},{"damage_healed":0,"gold_gain":175,"player_choice":"AGREE","damage_taken":0,"max_hp_gain":0,"max_hp_loss":0,"event_name":"Liars Game","floor":3,"gold_loss":0,"cards_obtained":["Doubt"]},{"cards_removed":["Strike_R"],"damage_healed":0,"gold_gain":0,"player_choice":"Card Removal","damage_taken":0,"max_hp_gain":0,"max_hp_loss":0,"event_name":"The Cleric","floor":4,"gold_loss":50},{"damage_healed":0,"gold_gain":275,"player_choice":"Desecrate","damage_taken":0,"max_hp_gain":0,"max_hp_loss":0,"event_name":"Golden Shrine","floor":38,"gold_loss":0,"cards_obtained":["Regret"]}],"is_beta":false,"boss_relics":[{"not_picked":["Ectoplasm","Fusion Hammer"],"picked":"Pandora\u0027s Box"},{"not_picked":["Empty Cage","Runic Dome"],"picked":"Black Blood"}],"items_purged_floors":[8],"is_endless":true,"potions_floor_spawned":[6,11,16,20,24,30,31,41,44],"killed_by":"Transient","ascension_level":0}