{"gold_per_floor":[115,133,133,149,149,149,180,180,180,193,212,243,263,438,438,533,533,552,8,8,18,35,69,82,110,133,133,158,158,158,192,192,287,287,304,317,330,605,620,620,648,648,648,663,663,763,790,810,810,810],"floor_reached":51,"playtime":2523,"items_purged":[],"score":963,"play_id":"887aa00b-0db8-4d35-8442-109d439fdf42","local_time":"20190503150700","is_ascension_mode":true,"campfire_choices":[{"data":"Zap","floor":6.0,"key":"SMITH"},{"data":"Tempest","floor":8.0,"key":"SMITH"},{"data":"Capacitor","floor":15.0,"key":"SMITH"},{"data":"Defragment","floor":27,"key":"SMITH"},{"floor":29,"key":"REST"},{"data":"Consume","floor":32,"key":"SMITH"},{"data":"Tempest","floor":40,"key":"SMITH"},{"data":"Glacier","floor":42,"key":"SMITH"},{"data":"Meteor Strike","floor":45,"key":"SMITH"},{"data":"Electrodynamics","floor":49,"key":"SMITH"}],"neow_cost":"NONE","seed_source_timestamp":0,"circlet_count":0,"master_deck":["Strike_B+1","Strike_B+1","Strike_B+1","Strike_B+1","Defend_B+1","Defend_B+1","Defend_B+1","Zap+1","Dualcast","Streamline","Redo","Zap","Tempest+1","White Noise","Consume+1","Capacitor+1","Electrodynamics+1","Self Repair","Defragment+1","Redo+1","Cold Snap","Meteor Strike+1","Tempest+1","White Noise+1","Regret","Glacier+1","Static Discharge+1","Parasite"],"special_seed":0,"relics":["Nuclear Battery","Meat on the Bone","Shuriken","Pantograph","Orichalcum","Empty Cage","Ice Cream","Happy Flower","PreservedInsect","Lantern","Dream Catcher","Boot","Snecko Eye","Calipers","Gremlin Horn","Thread and Needle","Mummified Hand"],"potions_floor_usage":[18,23,24,28,31,33,37,39,48,50,50,50],"damage_taken":[{"damage":0.0,"enemies":"Cultist","floor":1.0,"turns":4.0},{"damage":7.0,"enemies":"Small Slimes","floor":2.0,"turns":3.0},{"damage":0.0,"enemies":"2 Louse","floor":4.0,"turns":2.0},{"damage":10.0,"enemies":"3 Sentries","floor":7.0,"turns":5.0},{"damage":0.0,"enemies":"2 Fungi Beasts","floor":10.0,"turns":2.0},{"damage":12.0,"enemies":"Exordium Wildlife","floor":11.0,"turns":3.0},{"damage":16.0,"enemies":"Gremlin Nob","floor":12.0,"turns":3.0},{"damage":8.0,"enemies":"Red Slaver","floor":13.0,"turns":2.0},{"damage":13,"enemies":"Slime Boss","floor":16,"turns":8},{"damage":22,"enemies":"Spheric Guardian","floor":18,"turns":4},{"damage":21,"enemies":"2 Thieves","floor":21,"turns":3},{"damage":12,"enemies":"Chosen and Byrds","floor":22,"turns":4},{"damage":19,"enemies":"Book of Stabbing","floor":23,"turns":4},{"damage":0,"enemies":"Snecko","floor":24,"turns":3},{"damage":24,"enemies":"Gremlin Leader","floor":25,"turns":5},{"damage":29,"enemies":"Book of Stabbing","floor":28,"turns":4},{"damage":19,"enemies":"Slavers","floor":31,"turns":3},{"damage":37,"enemies":"Collector","floor":33,"turns":7},{"damage":9,"enemies":"3 Darklings","floor":35,"turns":3},{"damage":0,"enemies":"3 Shapes","floor":36,"turns":2},{"damage":22,"enemies":"Maw","floor":37,"turns":6},{"damage":5,"enemies":"3 Darklings","floor":39,"turns":2},{"damage":9,"enemies":"Giant Head","floor":41,"turns":6},{"damage":0,"enemies":"Sphere and 2 Shapes","floor":44,"turns":3},{"damage":6,"enemies":"Mind Bloom Boss Battle","floor":46,"turns":7},{"damage":3,"enemies":"Reptomancer","floor":47,"turns":3},{"damage":0,"enemies":"Writhing Mass","floor":48,"turns":2},{"damage":19,"enemies":"Awakened One","floor":50,"turns":13}],"seed_played":"941850760397784823","potions_obtained":[{"floor":1.0,"key":"Ancient Potion"},{"floor":2.0,"key":"Explosive Potion"},{"floor":10.0,"key":"SpeedPotion"},{"floor":12.0,"key":"Energy Potion"},{"floor":22,"key":"SkillPotion"},{"floor":23,"key":"Block Potion"},{"floor":25,"key":"Swift Potion"},{"floor":30,"key":"Fire Potion"},{"floor":30,"key":"FearPotion"},{"floor":33,"key":"SpeedPotion"},{"floor":35,"key":"AttackPotion"},{"floor":37,"key":"Swift Potion"},{"floor":47,"key":"SkillPotion"},{"floor":48,"key":"Energy Potion"}],"is_trial":false,"path_per_floor":["M","M","?","M","?","R","E","R","T","M","M","E","M","?","R","B",null,"M","$","?","M","M","E","M","E","T","R","E","R","?","E","R","B",null,"M","M","M","?","M","R","E","R","T","M","R","?","E","M","R","B",null],"character_chosen":"DEFECT","items_purchased":["Ice Cream","Defragment","Happy Flower"],"campfire_rested":1,"item_purchase_floors":[19,19,19],"current_hp_per_floor":[75,68,43,43,43,43,45,45,45,45,45,41,45,45,45,57,75,53,53,53,51,46,46,53,48,48,48,38,60,60,48,48,55,75,73,73,58,58,53,53,51,51,51,58,58,75,75,75,75,63],"gold":810,"neow_bonus":"BOSS_RELIC","is_prod":false,"is_daily":false,"chose_seed":false,"campfire_upgraded":9,"win_rate":0,"timestamp":1556910420,"path_taken":["M","M","?","M","?","R","E","R","T","?","M","E","M","?","R","BOSS","M","$","?","M","M","E","M","E","T","R","E","R","?","E","R","BOSS","M","M","M","?","M","R","E","R","T","?","R","?","E","M","R","BOSS"],"build_version":"2019-01-23","purchased_purges":0,"victory":true,"max_hp_per_floor":[75,75,75,75,75,75,75,75,75,75,75,75,75,75,75,75,75,75,75,75,75,75,75,75,75,75,75,75,75,75,75,75,75,75,75,75,75,75,75,75,75,75,75,75,75,75,75,75,75,75],"card_choices":[{"not_picked":["Fusion","Double Energy","Recycle"],"picked":"SKIP","floor":1.0},{"not_picked":["Darkness","Compile Driver"],"picked":"Streamline","floor":2.0},{"not_picked":["Barrage","Storm"],"picked":"Redo","floor":4.0},{"not_picked":["Hologram","Sweeping Beam"],"picked":"White Noise","floor":7.0},{"not_picked":["Steam Power","BootSequence"],"picked":"Consume","floor":10.0},{"not_picked":["Beam Cell","Barrage","Auto Shields"],"picked":"SKIP","floor":11.0},{"not_picked":["Stack","Double Energy"],"picked":"Capacitor","floor":12.0},{"not_picked":["Redo","Undo","Doom and Gloom"],"picked":"SKIP","floor":13.0},{"not_picked":["Biased Cognition","Fission"],"picked":"Electrodynamics","floor":16},{"not_picked":["Hello World","Stack+1"],"picked":"Self Repair","floor":18},{"not_picked":["Darkness","Streamline"],"picked":"Redo+1","floor":21},{"not_picked":["Steam","Go for the Eyes","Hologram"],"picked":"SKIP","floor":22},{"not_picked":["Compile Driver","BootSequence","Static Discharge"],"picked":"SKIP","floor":23},{"not_picked":["Doom and Gloom+1","Rebound","Hologram"],"picked":"SKIP","floor":24},{"not_picked":["Consume","Cold Snap+1","Steam"],"picked":"SKIP","floor":25},{"not_picked":["Static Discharge","Hello World+1","Core Surge"],"picked":"SKIP","floor":28},{"not_picked":["Ball Lightning","Sunder"],"picked":"Cold Snap","floor":31},{"not_picked":["Multi-Cast","Hyperbeam"],"picked":"Meteor Strike","floor":33},{"not_picked":["Coolheaded","Sweeping Beam+1","Compile Driver+1"],"picked":"SKIP","floor":35},{"not_picked":["Aggregate","Redo+1"],"picked":"Tempest","floor":36},{"not_picked":["Doom and Gloom","Static Discharge"],"picked":"White Noise+1","floor":37},{"not_picked":["Sweeping Beam","Streamline"],"picked":"Glacier","floor":39},{"not_picked":["Hologram+1","Conserve Battery","Rebound+1"],"picked":"SKIP","floor":41},{"not_picked":["Coolheaded","Compile Driver","Turbo"],"picked":"SKIP","floor":44},{"not_picked":["Go for the Eyes","Scrape"],"picked":"Static Discharge+1","floor":46},{"not_picked":["Thunder Strike","Hologram+1","Turbo"],"picked":"SKIP","floor":47},{"not_picked":["Hologram","Gash+1","Barrage"],"picked":"SKIP","floor":48}],"player_experience":726326,"relics_obtained":[{"floor":7.0,"key":"Shuriken"},{"floor":9.0,"key":"Pantograph"},{"floor":12.0,"key":"Orichalcum"},{"floor":25,"key":"PreservedInsect"},{"floor":26,"key":"Lantern"},{"floor":28,"key":"Dream Catcher"},{"floor":31,"key":"Boot"},{"floor":41,"key":"Calipers"},{"floor":43,"key":"Gremlin Horn"},{"floor":46,"key":"Thread and Needle"},{"floor":47,"key":"Mummified Hand"}],"event_choices":[{"damage_healed":0.0,"max_hp_gain":0.0,"max_hp_loss":0.0,"gold_gain":0.0,"event_name":"Scrap Ooze","player_choice":"Success","floor":3.0,"gold_loss":0.0,"damage_taken":25.0,"relics_obtained":["Meat on the Bone"]},{"damage_healed":0.0,"max_hp_gain":0.0,"max_hp_loss":0.0,"gold_gain":0.0,"event_name":"Match and Keep!","player_choice":"2 cards matched","floor":5.0,"gold_loss":0.0,"damage_taken":0.0,"cards_obtained":["Zap","Tempest"]},{"damage_healed":0.0,"max_hp_gain":0.0,"max_hp_loss":0.0,"gold_gain":175.0,"event_name":"Liars Game","player_choice":"AGREE","floor":14.0,"gold_loss":0.0,"damage_taken":0.0,"cards_obtained":["Doubt"]},{"damage_healed":0,"gold_gain":0,"player_choice":"Simplicity","damage_taken":0,"max_hp_gain":0,"max_hp_loss":0,"event_name":"Back to Basics","floor":20,"gold_loss":0,"cards_upgraded":["Strike_B","Strike_B","Strike_B","Strike_B","Defend_B","Defend_B","Defend_B"]},{"damage_healed":0,"gold_gain":0,"player_choice":"Got Potions","damage_taken":0,"max_hp_gain":0,"max_hp_loss":0,"event_name":"Lab","floor":30,"gold_loss":0},{"damage_healed":0,"gold_gain":275,"player_choice":"Desecrate","damage_taken":0,"max_hp_gain":0,"max_hp_loss":0,"event_name":"Golden Shrine","floor":38,"gold_loss":0,"cards_obtained":["Regret"]},{"damage_healed":0,"gold_gain":0,"player_choice":"Fight","damage_taken":0,"max_hp_gain":0,"max_hp_loss":0,"event_name":"MindBloom","floor":46,"gold_loss":0}],"is_beta":false,"boss_relics":[{"not_picked":["Velvet Choker","Lizard Tail"],"picked":"Empty Cage"},{"not_picked":["Runic Pyramid","Astrolabe"],"picked":"Snecko Eye"}],"items_purged_floors":[],"is_endless":false,"potions_floor_spawned":[1,2,10,12,22,23,25,33,35,36,37,47,48],"ascension_level":3}