{"gold_per_floor":[118,137,137,312,312,347,347,388,388,402,402,30,51,72,72,191,191,204,15,29,29,0,0,0],"floor_reached":24,"playtime":855,"items_purged":["Doubt"],"score":235,"play_id":"134a210d-3893-4190-936d-bcf266f355ca","local_time":"20190529054956","is_ascension_mode":true,"campfire_choices":[{"floor":7.0,"key":"REST"},{"floor":11.0,"key":"REST"},{"floor":15.0,"key":"REST"},{"data":"Well Laid Plans","floor":23.0,"key":"SMITH"}],"neow_cost":"CURSE","seed_source_timestamp":113626415950000,"circlet_count":0,"master_deck":["Defend_G","Defend_G","Defend_G","Defend_G","Defend_G","Strike_G","Strike_G","Strike_G","Strike_G+1","Strike_G","Survivor","Neutralize","Writhe","Envenom","Dagger Throw+1","Catalyst+1","Bane","Dodge and Roll","Bouncing Flask","Footwork","Blur","Outmaneuver+1","PiercingWail","The Bomb","Well Laid Plans+1"],"special_seed":0,"relics":["Ring of the Snake","Golden Idol","Meat on the Bone","Matryoshka","Molten Egg 2","Pen Nib","Snake Skull","Whetstone","Sozu"],"potions_floor_usage":[],"damage_taken":[{"damage":8.0,"enemies":"2 Louse","floor":1.0,"turns":4.0},{"damage":6.0,"enemies":"Jaw Worm","floor":2.0,"turns":5.0},{"damage":49.0,"enemies":"Gremlin Nob","floor":6.0,"turns":6.0},{"damage":24.0,"enemies":"Lagavulin","floor":8.0,"turns":10.0},{"damage":0.0,"enemies":"Small Slimes","floor":10.0,"turns":4.0},{"damage":2.0,"enemies":"Red Slaver","floor":13.0,"turns":3.0},{"damage":9.0,"enemies":"Gremlin Gang","floor":14.0,"turns":6.0},{"damage":3.0,"enemies":"The Guardian","floor":16.0,"turns":6.0},{"damage":28.0,"enemies":"2 Thieves","floor":18.0,"turns":4.0},{"damage":15.0,"enemies":"Spheric Guardian","floor":20.0,"turns":5.0},{"damage":60,"enemies":"Slavers","floor":24,"turns":3}],"seed_played":"6185456889522938765","potions_obtained":[{"floor":6.0,"key":"Weak Potion"},{"floor":13.0,"key":"Strength Potion"},{"floor":16.0,"key":"SteroidPotion"}],"is_trial":false,"path_per_floor":["M","M","?","?","?","E","R","E","T","M","R","$","M","M","R","B",null,"M","$","M","?","?","R","E"],"character_chosen":"THE_SILENT","items_purchased":["Snake Skull","Whetstone","PiercingWail","The Bomb"],"campfire_rested":3,"item_purchase_floors":[12,12,19,19],"current_hp_per_floor":[62,56,56,56,56,7,26,14,14,26,45,45,43,34,53,50,65,37,37,34,55,55,55,0],"gold":0,"neow_bonus":"THREE_RARE_CARDS","is_prod":false,"is_daily":false,"chose_seed":false,"campfire_upgraded":1,"win_rate":0,"timestamp":1559134196,"path_taken":["M","M","?","?","?","E","R","E","T","M","R","$","M","M","R","BOSS","M","$","M","?","?","R","E"],"build_version":"2019-01-23","purchased_purges":1,"victory":false,"max_hp_per_floor":[70,70,70,70,65,65,65,65,65,65,65,65,65,65,65,65,65,65,65,65,65,65,65,65],"card_choices":[{"not_picked":["Die Die Die","Wraith Form v2"],"picked":"Envenom","floor":0.0},{"not_picked":["Setup","Prepared"],"picked":"Dagger Throw","floor":1.0},{"not_picked":["Distraction","Flying Knee"],"picked":"Catalyst","floor":2.0},{"not_picked":["Concentrate","Dagger Throw"],"picked":"Bane","floor":6.0},{"not_picked":["Acrobatics","Masterful Stab"],"picked":"Dodge and Roll","floor":8.0},{"not_picked":["Dagger Throw+1","Poisoned Stab+1"],"picked":"Bouncing Flask","floor":10.0},{"not_picked":["Underhanded Strike+1","Backstab+1"],"picked":"Footwork","floor":13.0},{"not_picked":["Slice+1","Prepared"],"picked":"Blur","floor":14.0},{"not_picked":["Quick Slash+1","Prepared"],"picked":"Outmaneuver+1","floor":18.0},{"not_picked":["Poisoned Stab+1","Sucker Punch+1"],"picked":"Well Laid Plans","floor":20.0}],"player_experience":121775,"relics_obtained":[{"floor":6.0,"key":"Meat on the Bone"},{"floor":8.0,"key":"Matryoshka"},{"floor":9.0,"key":"Molten Egg 2"},{"floor":9.0,"key":"Pen Nib"}],"event_choices":[{"damage_healed":0.0,"max_hp_gain":0.0,"max_hp_loss":0.0,"gold_gain":0.0,"event_name":"Living Wall","player_choice":"Grow","floor":3.0,"gold_loss":0.0,"damage_taken":0.0,"cards_upgraded":["Catalyst"]},{"damage_healed":0.0,"max_hp_gain":0.0,"max_hp_loss":0.0,"gold_gain":175.0,"event_name":"Liars Game","player_choice":"AGREE","floor":4.0,"gold_loss":0.0,"damage_taken":0.0,"cards_obtained":["Doubt"]},{"damage_healed":0.0,"max_hp_gain":0.0,"max_hp_loss":5.0,"gold_gain":0.0,"event_name":"Golden Idol","player_choice":"Lose Max HP","floor":5.0,"gold_loss":0.0,"damage_taken":0.0,"relics_obtained":["Golden Idol"]},{"damage_healed":21.0,"max_hp_gain":0.0,"max_hp_loss":0.0,"gold_gain":0.0,"event_name":"The Library","player_choice":"Heal","floor":21.0,"gold_loss":0.0,"damage_taken":0.0},{"damage_healed":0.0,"max_hp_gain":0.0,"max_hp_loss":0.0,"gold_gain":0.0,"event_name":"Masked Bandits","player_choice":"Paid Fearfully","floor":22.0,"gold_loss":29.0,"damage_taken":0.0}],"is_beta":false,"boss_relics":[{"not_picked":["Busted Crown","HoveringKite"],"picked":"Sozu"}],"items_purged_floors":[12],"is_endless":false,"potions_floor_spawned":[6,13,16],"killed_by":"Slavers","ascension_level":3}