{"gold_per_floor":[117,133,152,152,172,207,217,217],"floor_reached":8,"playtime":330,"items_purged":[],"score":91,"play_id":"0f3d8826-261f-42db-a87f-b85c23a2aa0e","local_time":"20190126103941","is_ascension_mode":true,"campfire_choices":[],"neow_cost":"PERCENT_DAMAGE","seed_source_timestamp":83822920518367,"circlet_count":0,"master_deck":["Strike_R","Strike_R","Strike_R","Strike_R","Strike_R","Defend_R","Defend_R","Defend_R","Defend_R","Bash","Spot Weakness","Searing Blow","Shrug It Off","Cleave","Spot Weakness+1"],"relics":["Burning Blood","Toxic Egg 2"],"potions_floor_usage":[8],"damage_taken":[{"damage":6,"enemies":"Cultist","floor":1,"turns":4},{"damage":7,"enemies":"Small Slimes","floor":2,"turns":4},{"damage":12,"enemies":"Jaw Worm","floor":3,"turns":3},{"damage":12,"enemies":"3 Louse","floor":5,"turns":4},{"damage":43,"enemies":"Gremlin Nob","floor":6,"turns":5},{"damage":19,"enemies":"Blue Slaver","floor":7,"turns":5},{"damage":30,"enemies":"Gremlin Gang","floor":8,"turns":3}],"seed_played":"-5775765727609718419","potions_obtained":[{"floor":1,"key":"PowerPotion"},{"floor":6,"key":"Fire Potion"},{"floor":7,"key":"FearPotion"}],"is_trial":false,"path_per_floor":["M","M","M","?","M","E","M","M"],"character_chosen":"IRONCLAD","items_purchased":[],"campfire_rested":0,"item_purchase_floors":[],"current_hp_per_floor":[72,71,65,65,59,22,9,0],"gold":217,"neow_bonus":"TWENTY_PERCENT_HP_BONUS","is_prod":false,"is_daily":false,"chose_seed":false,"campfire_upgraded":0,"win_rate":0,"timestamp":1548495581,"path_taken":["M","M","M","?","?","E","M","M"],"build_version":"2019-01-23","purchased_purges":0,"victory":false,"max_hp_per_floor":[96,96,96,96,96,96,96,96],"card_choices":[{"not_picked":["Second Wind","Wild Strike"],"picked":"Spot Weakness","floor":1},{"not_picked":["Spot Weakness","Warcry"],"picked":"Searing Blow","floor":2},{"not_picked":["Reckless Charge","Cleave"],"picked":"Shrug It Off","floor":3},{"not_picked":["Wild Strike","Entrench"],"picked":"Cleave","floor":5},{"not_picked":["Havoc","Anger","Carnage"],"picked":"SKIP","floor":6},{"not_picked":["Cleave","Pommel Strike"],"picked":"Spot Weakness+1","floor":7}],"player_experience":193783,"relics_obtained":[{"floor":6,"key":"Toxic Egg 2"}],"event_choices":[{"damage_healed":0,"gold_gain":0,"player_choice":"Bought 0 Potions","damage_taken":0,"max_hp_gain":0,"max_hp_loss":0,"event_name":"The Woman in Blue","floor":4,"gold_loss":0}],"is_beta":false,"boss_relics":[],"items_purged_floors":[],"is_endless":false,"potions_floor_spawned":[1,6,7],"killed_by":"Gremlin Gang","ascension_level":2}