{"gold_per_floor":[111,0,0,50,15,45,68,102,125,125,125,142,142,172,172,247,247,260,181,197,297,87,119,119,153,153,153,171,186,186,203,203,279,279,290,339,357,307,39,67,67,95,95,107,107,107,107,107,107,107],"floor_reached":51,"playtime":1960,"items_purged":["Defend_B","Defend_B","Defend_B"],"score":1454,"play_id":"ed207fd2-c69d-4a70-9f4d-5b986b171070","local_time":"20190527003605","is_ascension_mode":true,"campfire_choices":[{"data":"Loop","floor":11,"key":"SMITH"},{"data":"Zap","floor":13,"key":"SMITH"},{"data":"Dualcast","floor":15,"key":"SMITH"},{"data":"Hologram","floor":27,"key":"SMITH"},{"data":"Fission","floor":30,"key":"SMITH"},{"data":"Capacitor","floor":32,"key":"SMITH"},{"data":"Seek","floor":41,"key":"SMITH"},{"floor":45,"key":"REST"},{"data":"Consume","floor":46,"key":"SMITH"},{"data":"Hologram","floor":47,"key":"SMITH"},{"data":"Skim","floor":49,"key":"SMITH"}],"neow_cost":"NONE","seed_source_timestamp":100863820991567,"circlet_count":0,"master_deck":["AscendersBane","Defend_B+1","Zap+1","Dualcast+1","Chill","Cold Snap+1","Loop+1","Compile Driver","Ball Lightning","Self Repair","Cold Snap","Darkness+1","Rip and Tear+1","Genetic Algorithm+1","Coolheaded+1","Hologram+1","Undo","Capacitor+1","Skim+1","Fission+1","Hologram+1","Seek+1","Consume+1","Conserve Battery","Capacitor+1"],"relics":["Cracked Core","NeowsBlessing","Oddly Smooth Stone","Happy Flower","Smiling Mask","DataDisk","Centennial Puzzle","Potion Belt","Astrolabe","Peace Pipe","Sundial","Anchor","PreservedInsect","Bottled Lightning","Sozu","WingedGreaves","Bottled Tornado","Blood Vial","The Courier","Bottled Flame"],"potions_floor_usage":[14,16,23,33,50,50,50],"damage_taken":[{"damage":0,"enemies":"Jaw Worm","floor":1,"turns":1},{"damage":0,"enemies":"3 Sentries","floor":6,"turns":1},{"damage":0,"enemies":"Gremlin Nob","floor":8,"turns":1},{"damage":0,"enemies":"Small Slimes","floor":12,"turns":2},{"damage":10,"enemies":"3 Sentries","floor":14,"turns":6},{"damage":28,"enemies":"Hexaghost","floor":16,"turns":9},{"damage":2,"enemies":"Spheric Guardian","floor":18,"turns":3},{"damage":0,"enemies":"Shell Parasite","floor":20,"turns":5},{"damage":7,"enemies":"Colosseum Slavers","floor":21,"turns":5},{"damage":46,"enemies":"Colosseum Nobs","floor":21,"turns":6},{"damage":34,"enemies":"Slavers","floor":23,"turns":7},{"damage":1,"enemies":"Book of Stabbing","floor":25,"turns":5},{"damage":9,"enemies":"Sentry and Sphere","floor":28,"turns":4},{"damage":5,"enemies":"Centurion and Healer","floor":29,"turns":4},{"damage":0,"enemies":"Cultist and Chosen","floor":31,"turns":4},{"damage":23,"enemies":"Automaton","floor":33,"turns":9},{"damage":0,"enemies":"Orb Walker","floor":35,"turns":3},{"damage":38,"enemies":"2 Orb Walkers","floor":36,"turns":7},{"damage":0,"enemies":"3 Shapes","floor":37,"turns":3},{"damage":4,"enemies":"Nemesis","floor":40,"turns":3},{"damage":0,"enemies":"Reptomancer","floor":42,"turns":4},{"damage":4,"enemies":"Writhing Mass","floor":44,"turns":5},{"damage":20,"enemies":"Awakened One","floor":50,"turns":9}],"seed_played":"-3134079916045022402","potions_obtained":[{"floor":1,"key":"Regen Potion"},{"floor":12,"key":"PowerPotion"},{"floor":16,"key":"Regen Potion"},{"floor":20,"key":"Dexterity Potion"},{"floor":23,"key":"Weak Potion"},{"floor":25,"key":"PowerPotion"},{"floor":29,"key":"Strength Potion"}],"is_trial":false,"path_per_floor":["M","$","?","T","?","E","T","E","T","?","R","M","R","E","R","B",null,"M","$","M","?","$","E","?","E","T","R","M","M","R","M","R","B",null,"M","?","M","$","$","E","R","E","T","M","R","R","R","?","R","B",null],"character_chosen":"DEFECT","items_purchased":["Cold Snap","Loop","Hologram","Capacitor","Skim","Bottled Tornado"],"campfire_rested":1,"item_purchase_floors":[2,2,19,22,22,39],"current_hp_per_floor":[64,64,43,43,60,60,60,60,60,60,60,60,60,71,71,50,66,64,64,71,32,32,20,81,80,80,80,78,80,80,80,80,57,75,75,44,44,44,44,40,40,49,49,54,78,78,78,78,78,67],"gold":107,"neow_bonus":"THREE_ENEMY_KILL","is_prod":false,"is_daily":false,"chose_seed":false,"campfire_upgraded":10,"win_rate":0,"timestamp":1558892165,"path_taken":["M","$","?","?","?","E","?","E","T","?","R","M","R","E","R","BOSS","M","$","M","?","$","E","?","E","T","R","M","M","R","?","R","BOSS","M","?","M","$","$","E","R","E","T","M","R","R","R","?","R","BOSS"],"build_version":"2019-01-23","purchased_purges":3,"victory":true,"max_hp_per_floor":[71,71,71,71,71,71,71,71,71,71,71,71,71,71,71,71,71,71,71,71,71,71,71,81,81,81,81,81,81,81,81,81,81,81,81,81,81,81,81,81,81,81,81,81,81,81,81,81,81,81],"card_choices":[{"not_picked":["Aggregate","FTL"],"picked":"Chill","floor":1},{"not_picked":["Double Energy","Static Discharge"],"picked":"Compile Driver","floor":6},{"not_picked":["Machine Learning","Recycle"],"picked":"Ball Lightning","floor":8},{"not_picked":["Chaos","Ball Lightning"],"picked":"Self Repair","floor":12},{"not_picked":["Redo","Heatsinks"],"picked":"Cold Snap","floor":14},{"not_picked":["Thunder Strike","Reboot"],"picked":"Machine Learning","floor":16},{"not_picked":["Scrape","Steam"],"picked":"Coolheaded+1","floor":18},{"not_picked":["Steam","Reprogram"],"picked":"Undo","floor":20},{"not_picked":["Storm","Scrape","Heatsinks"],"picked":"SKIP","floor":23},{"not_picked":["Gash","Redo","Compile Driver"],"picked":"SKIP","floor":25},{"not_picked":["Darkness","Streamline"],"picked":"Fission","floor":28},{"not_picked":["Sweeping Beam","Redo"],"picked":"Hologram","floor":29},{"not_picked":["Stack","Turbo","Redo+1"],"picked":"SKIP","floor":31},{"not_picked":["All For One","Reboot"],"picked":"Seek","floor":33},{"not_picked":["Stack","Beam Cell+1"],"picked":"Consume","floor":35},{"not_picked":["Chill","Streamline","Compile Driver"],"picked":"SKIP","floor":37},{"not_picked":["Hello World","Turbo"],"picked":"Conserve Battery","floor":40},{"not_picked":["Melter+1","Streamline"],"picked":"Capacitor","floor":42},{"not_picked":["Steam+1","Sweeping Beam+1","Lockon"],"picked":"SKIP","floor":44}],"player_experience":504217,"relics_obtained":[{"floor":4,"key":"Oddly Smooth Stone"},{"floor":6,"key":"Happy Flower"},{"floor":7,"key":"Smiling Mask"},{"floor":8,"key":"DataDisk"},{"floor":9,"key":"Centennial Puzzle"},{"floor":14,"key":"Potion Belt"},{"floor":21,"key":"Peace Pipe"},{"floor":21,"key":"Sundial"},{"floor":23,"key":"Anchor"},{"floor":25,"key":"PreservedInsect"},{"floor":26,"key":"Bottled Lightning"},{"floor":36,"key":"WingedGreaves"},{"floor":40,"key":"Blood Vial"},{"floor":42,"key":"The Courier"},{"floor":43,"key":"Bottled Flame"}],"event_choices":[{"damage_healed":0,"gold_gain":0,"player_choice":"Entered Light","damage_taken":21,"max_hp_gain":0,"max_hp_loss":0,"event_name":"Shining Light","floor":3,"gold_loss":0,"cards_upgraded":["Defend_B","Cold Snap"]},{"damage_healed":17,"gold_gain":0,"player_choice":"Healed","damage_taken":0,"max_hp_gain":0,"max_hp_loss":0,"event_name":"The Cleric","floor":5,"gold_loss":35},{"cards_removed":["Strike_B"],"damage_healed":0,"gold_gain":0,"player_choice":"Forget","damage_taken":0,"max_hp_gain":0,"max_hp_loss":0,"event_name":"Living Wall","floor":10,"gold_loss":0},{"damage_healed":0,"gold_gain":0,"player_choice":"Fight","damage_taken":0,"max_hp_gain":0,"max_hp_loss":0,"event_name":"Colosseum","floor":21,"gold_loss":0},{"damage_healed":0,"gold_gain":0,"player_choice":"Fought Nobs","damage_taken":0,"max_hp_gain":0,"max_hp_loss":0,"event_name":"Colosseum","floor":21,"gold_loss":0},{"cards_removed":["Machine Learning"],"damage_healed":51,"gold_gain":0,"player_choice":"Offered Rare","damage_taken":0,"max_hp_gain":10,"max_hp_loss":0,"event_name":"Bonfire Elementals","floor":24,"gold_loss":0},{"damage_healed":0,"gold_gain":0,"player_choice":"Fight","damage_taken":0,"max_hp_gain":0,"max_hp_loss":0,"event_name":"Mysterious Sphere","floor":36,"gold_loss":0},{"damage_healed":0,"gold_gain":0,"player_choice":"Upgraded","damage_taken":0,"max_hp_gain":0,"max_hp_loss":0,"event_name":"Upgrade Shrine","floor":48,"gold_loss":0,"cards_upgraded":["Capacitor"]}],"is_beta":false,"boss_relics":[{"not_picked":["Orrery","Inserter"],"picked":"Astrolabe"},{"not_picked":["Philosopher\u0027s Stone","Empty Cage"],"picked":"Sozu"}],"items_purged_floors":[19,22,38],"is_endless":false,"potions_floor_spawned":[1,12,16,20,23,25,29,31,40,44],"ascension_level":16}