{"gold_per_floor":[116,81,94,112,72,86,106,118,118,138,138,39,92,92],"floor_reached":14,"playtime":8038,"items_purged":["Strike_B"],"score":143,"play_id":"841ca181-de12-4af6-b4c1-80ece277bf08","local_time":"20190522123636","is_ascension_mode":true,"campfire_choices":[{"floor":11,"key":"REST"}],"neow_cost":"NONE","seed_source_timestamp":68144128700960,"circlet_count":0,"master_deck":["AscendersBane","Strike_B","Defend_B","Defend_B","Defend_B","Defend_B","Zap","Dualcast","Cold Snap","Melter","Ball Lightning"],"relics":["Empty Cage","Letter Opener","Regal Pillow"],"potions_floor_usage":[10,14,14],"damage_taken":[{"damage":9,"enemies":"Jaw Worm","floor":1,"turns":5},{"damage":9,"enemies":"Cultist","floor":3,"turns":6},{"damage":10,"enemies":"2 Louse","floor":4,"turns":4},{"damage":5,"enemies":"Blue Slaver","floor":6,"turns":6},{"damage":3,"enemies":"Looter","floor":7,"turns":4},{"damage":9,"enemies":"Exordium Wildlife","floor":8,"turns":7},{"damage":20,"enemies":"Lots of Slimes","floor":10,"turns":4},{"damage":26,"enemies":"Gremlin Nob","floor":14,"turns":3}],"seed_played":"889209799252183829","potions_obtained":[{"floor":5,"key":"Energy Potion"},{"floor":5,"key":"Regen Potion"},{"floor":8,"key":"PowerPotion"},{"floor":10,"key":"FocusPotion"}],"is_trial":false,"path_per_floor":["M","?","M","M","?","M","M","M","T","M","R","$","T","E"],"character_chosen":"DEFECT","items_purchased":["Ball Lightning"],"campfire_rested":1,"item_purchase_floors":[12],"current_hp_per_floor":[55,55,46,36,36,31,28,19,19,4,25,25,25,0],"gold":92,"neow_bonus":"BOSS_RELIC","is_prod":false,"is_daily":false,"chose_seed":false,"campfire_upgraded":0,"win_rate":0,"timestamp":1558553796,"path_taken":["M","?","M","M","?","M","?","M","T","M","R","?","?","E"],"build_version":"2019-01-23","purchased_purges":1,"victory":false,"max_hp_per_floor":[71,71,71,71,71,71,71,71,71,71,71,71,71,71],"card_choices":[{"not_picked":["Streamline","Steam","Coolheaded"],"picked":"SKIP","floor":1},{"not_picked":["Doom and Gloom","Reprogram","Capacitor"],"picked":"SKIP","floor":3},{"not_picked":["Genetic Algorithm","Sweeping Beam"],"picked":"Cold Snap","floor":4},{"not_picked":["Genetic Algorithm","FTL"],"picked":"Melter","floor":6},{"not_picked":["Rip and Tear","Gash","Hello World"],"picked":"SKIP","floor":7},{"not_picked":["Hologram","Barrage","Scrape"],"picked":"SKIP","floor":8},{"not_picked":["Gash","Coolheaded","Recycle"],"picked":"SKIP","floor":10}],"player_experience":669694,"relics_obtained":[{"floor":9,"key":"Letter Opener"},{"floor":13,"key":"Regal Pillow"}],"event_choices":[{"damage_healed":0,"gold_gain":0,"player_choice":"Left Gold","damage_taken":0,"max_hp_gain":0,"max_hp_loss":0,"event_name":"World of Goop","floor":2,"gold_loss":35},{"damage_healed":0,"gold_gain":0,"player_choice":"Bought 3 Potions","damage_taken":0,"max_hp_gain":0,"max_hp_loss":0,"event_name":"The Woman in Blue","floor":5,"gold_loss":0}],"is_beta":false,"boss_relics":[],"items_purged_floors":[12],"is_endless":false,"potions_floor_spawned":[7,8,10],"killed_by":"Gremlin Nob","ascension_level":14}