{"gold_per_floor":[118,118,118,118,131,174,189,189,189,189,189,212,97,113,113,202,202,217,231,231,35,35,35,54,68,68,89,104,104],"floor_reached":29,"playtime":2306,"items_purged":["Strike_B"],"score":428,"play_id":"c895e915-6fc8-4852-b6ca-60f6d30e6c56","local_time":"20190518123017","is_ascension_mode":true,"campfire_choices":[{"floor":8,"key":"REST"},{"data":"BootSequence","floor":10,"key":"SMITH"},{"data":"Auto Shields","floor":15,"key":"SMITH"},{"data":"Reinforced Body","floor":23,"key":"SMITH"}],"neow_cost":"NONE","seed_source_timestamp":13754463651383,"circlet_count":0,"master_deck":["AscendersBane","Strike_B","Strike_B","Strike_B","Defend_B","Defend_B","Defend_B","Defend_B","Zap+1","Dualcast","BootSequence+1","Leap","Melter","Auto Shields+1","Core Surge","Reinforced Body+1","Glacier","Blizzard","Flash of Steel","BootSequence","Conserve Battery"],"relics":["Cracked Core","NeowsBlessing","Golden Idol","Lantern","Letter Opener","Mercury Hourglass","Nloth\u0027s Gift","Membership Card","Pear"],"potions_floor_usage":[28,28],"damage_taken":[{"damage":0,"enemies":"Small Slimes","floor":1,"turns":1},{"damage":0,"enemies":"Jaw Worm","floor":5,"turns":1},{"damage":0,"enemies":"Gremlin Nob","floor":6,"turns":1},{"damage":0,"enemies":"Cultist","floor":7,"turns":4},{"damage":0,"enemies":"Blue Slaver","floor":12,"turns":3},{"damage":0,"enemies":"Gremlin Gang","floor":14,"turns":2},{"damage":41,"enemies":"Hexaghost","floor":16,"turns":11},{"damage":1,"enemies":"Spheric Guardian","floor":18,"turns":3},{"damage":3,"enemies":"Chosen","floor":19,"turns":5},{"damage":15,"enemies":"Centurion and Healer","floor":24,"turns":15},{"damage":6,"enemies":"Snake Plant","floor":25,"turns":7},{"damage":10,"enemies":"Snecko","floor":27,"turns":9},{"damage":31,"enemies":"3 Cultists","floor":28,"turns":7},{"damage":4,"enemies":"Cultist and Chosen","floor":29,"turns":3}],"seed_played":"-6031197975059799009","potions_obtained":[{"floor":1,"key":"FearPotion"},{"floor":5,"key":"SteroidPotion"},{"floor":12,"key":"Swift Potion"},{"floor":16,"key":"PowerPotion"}],"is_trial":false,"path_per_floor":["M","?","?","T","M","E","M","R","T","R","?","M","$","M","R","B",null,"M","M","?","$","?","R","M","M","T","M","M","M"],"character_chosen":"DEFECT","items_purchased":["Melter","Membership Card"],"campfire_rested":1,"item_purchase_floors":[13,21],"current_hp_per_floor":[64,64,47,47,47,47,47,68,68,68,68,68,68,68,68,27,60,59,56,56,56,56,56,41,35,45,35,4,0],"gold":104,"neow_bonus":"THREE_ENEMY_KILL","is_prod":false,"is_daily":false,"chose_seed":false,"campfire_upgraded":3,"win_rate":0,"timestamp":1558207817,"path_taken":["M","?","?","?","?","E","M","R","T","R","?","M","$","M","R","BOSS","M","?","?","?","?","R","M","M","T","?","M","M"],"build_version":"2019-01-23","purchased_purges":1,"victory":false,"max_hp_per_floor":[71,71,71,71,71,71,71,71,71,71,71,71,71,71,71,71,71,71,71,71,71,71,71,71,71,81,81,81,81],"card_choices":[{"not_picked":["Sunder","Gash","Cold Snap"],"picked":"SKIP","floor":1},{"not_picked":["Compile Driver","Ball Lightning","Self Repair"],"picked":"SKIP","floor":5},{"not_picked":["Fusion","Sweeping Beam","Steam"],"picked":"SKIP","floor":6},{"not_picked":["Coolheaded","Reprogram"],"picked":"BootSequence","floor":7},{"not_picked":["Compile Driver","Beam Cell"],"picked":"Leap","floor":12},{"not_picked":["FTL","Hologram"],"picked":"Auto Shields","floor":14},{"not_picked":["Meteor Strike","Thunder Strike"],"picked":"Core Surge","floor":16},{"not_picked":["Capacitor","Force Field"],"picked":"Reinforced Body","floor":17},{"not_picked":["Tempest+1","Defragment"],"picked":"Glacier","floor":18},{"not_picked":["Steam","Sunder"],"picked":"Blizzard","floor":19},{"not_picked":["Turbo","Double Energy"],"picked":"BootSequence","floor":24},{"not_picked":["Turbo","Rebound","Biased Cognition"],"picked":"SKIP","floor":25},{"not_picked":["Scrape","Ball Lightning"],"picked":"Conserve Battery","floor":27},{"not_picked":["Amplify","Reinforced Body","Loop"],"picked":"SKIP","floor":28}],"player_experience":618462,"relics_obtained":[{"floor":4,"key":"Lantern"},{"floor":6,"key":"Letter Opener"},{"floor":9,"key":"Mercury Hourglass"},{"floor":26,"key":"Pear"}],"event_choices":[{"damage_healed":0,"gold_gain":0,"player_choice":"Ignored","damage_taken":0,"max_hp_gain":0,"max_hp_loss":0,"event_name":"Shining Light","floor":2,"gold_loss":0},{"damage_healed":0,"gold_gain":0,"player_choice":"Take Damage","damage_taken":17,"relics_obtained":["Golden Idol"],"max_hp_gain":0,"max_hp_loss":0,"event_name":"Golden Idol","floor":3,"gold_loss":0},{"damage_healed":0,"gold_gain":0,"player_choice":"Upgraded","damage_taken":0,"max_hp_gain":0,"max_hp_loss":0,"event_name":"Upgrade Shrine","floor":11,"gold_loss":0,"cards_upgraded":["Zap"]},{"damage_healed":0,"gold_gain":0,"player_choice":"Traded Relic","damage_taken":0,"relics_obtained":["Nloth\u0027s Gift"],"max_hp_gain":0,"max_hp_loss":0,"event_name":"N\u0027loth","floor":20,"relics_lost":["Orrery"],"gold_loss":0},{"damage_healed":0,"gold_gain":0,"player_choice":"1 cards matched","damage_taken":0,"max_hp_gain":0,"max_hp_loss":0,"event_name":"Match and Keep!","floor":22,"gold_loss":0,"cards_obtained":["Flash of Steel"]}],"is_beta":false,"boss_relics":[{"not_picked":["Cursed Key","Black Star"],"picked":"Orrery"}],"items_purged_floors":[13],"is_endless":false,"potions_floor_spawned":[1,5,12,16,25,27],"killed_by":"Cultist and Chosen","ascension_level":14}