{"gold_per_floor":[112,131,143,36,36,36,65,65,65,77,77,77,93,93,93,193,193,203,203,203,203,14,47,75,87,144,156,168,194,93,93],"floor_reached":31,"playtime":1483,"items_purged":["Shame"],"score":271,"play_id":"df765886-100e-4eb4-b97b-ef19ddb6214e","local_time":"20190124234859","is_ascension_mode":false,"campfire_choices":[{"data":"Sucker Punch","floor":6,"key":"SMITH"},{"data":"1","floor":11,"key":"LIFT"},{"floor":15,"key":"REST"},{"floor":25,"key":"REST"},{"floor":28,"key":"REST"}],"neow_cost":"NONE","seed_source_timestamp":214646080936117,"circlet_count":0,"master_deck":["Defend_G","Defend_G","Defend_G","Defend_G","Defend_G","Strike_G","Strike_G","Strike_G+1","Strike_G+1","Survivor","Neutralize","Unload","Poisoned Stab","Distraction","Sucker Punch+1","Bouncing Flask","Noxious Fumes","Poisoned Stab","Dagger Spray","Noxious Fumes","Venomology","Decay","Apotheosis","Bane","Well Laid Plans+1"],"relics":["Ring of the Snake","Gambling Chip","Girya","Black Star","Letter Opener","MawBank","Frozen Egg 2","Blood Vial"],"potions_floor_usage":[2,16,16,23,23,24,27,29,31],"damage_taken":[{"damage":1,"enemies":"Jaw Worm","floor":1,"turns":4},{"damage":0,"enemies":"Small Slimes","floor":2,"turns":4},{"damage":0,"enemies":"Cultist","floor":3,"turns":3},{"damage":29,"enemies":"3 Sentries","floor":7,"turns":7},{"damage":3,"enemies":"Large Slime","floor":10,"turns":5},{"damage":2,"enemies":"Red Slaver","floor":13,"turns":3},{"damage":15,"enemies":"Hexaghost","floor":16,"turns":7},{"damage":10,"enemies":"Spheric Guardian","floor":18,"turns":4},{"damage":53,"enemies":"Slavers","floor":23,"turns":5},{"damage":4,"enemies":"Chosen","floor":24,"turns":5},{"damage":24,"enemies":"Gremlin Leader","floor":27,"turns":7},{"damage":28,"enemies":"3 Cultists","floor":29,"turns":4},{"damage":7,"enemies":"Cultist and Chosen","floor":31,"turns":3}],"seed_played":"-516628695486437063","potions_obtained":[{"floor":2,"key":"Fruit Juice"},{"floor":7,"key":"Swift Potion"},{"floor":13,"key":"Energy Potion"}],"is_trial":false,"path_per_floor":["M","M","M","$","?","R","E","?","T","M","R","?","M","T","R","B",null,"M","?","?","?","$","E","M","R","T","E","R","M","$","M"],"character_chosen":"THE_SILENT","items_purchased":["Bouncing Flask","Noxious Fumes","Apotheosis","Well Laid Plans+1"],"campfire_rested":3,"item_purchase_floors":[4,4,22,30],"current_hp_per_floor":[69,74,74,74,59,59,30,30,30,27,27,27,25,25,47,32,75,65,65,65,65,65,12,8,30,30,8,30,4,4,0],"gold":93,"neow_bonus":"ONE_RANDOM_RARE_CARD","is_prod":false,"is_daily":false,"chose_seed":false,"campfire_upgraded":1,"win_rate":0,"timestamp":1548370139,"path_taken":["M","M","M","$","?","R","E","?","T","?","R","?","?","?","R","BOSS","M","?","?","?","$","E","M","R","T","E","R","M","?","?"],"build_version":"2019-01-23","purchased_purges":1,"victory":false,"max_hp_per_floor":[70,75,75,75,75,75,75,75,75,75,75,75,75,75,75,75,75,75,75,75,75,75,75,75,75,75,75,75,75,75,75],"card_choices":[{"not_picked":["Flying Knee","Deflect"],"picked":"Poisoned Stab","floor":1},{"not_picked":["Dagger Throw","Underhanded Strike"],"picked":"Distraction","floor":2},{"not_picked":["PiercingWail","Dagger Throw"],"picked":"Sucker Punch","floor":3},{"not_picked":["Sucker Punch","PiercingWail","All Out Attack"],"picked":"SKIP","floor":7},{"not_picked":["Deflect","Blade Dance"],"picked":"Dagger Spray","floor":10},{"not_picked":["Flying Knee","Blade Dance"],"picked":"Noxious Fumes","floor":13},{"not_picked":["Die Die Die","Grand Finale"],"picked":"Venomology","floor":16},{"not_picked":["Choke","Deflect","Blade Dance+1"],"picked":"SKIP","floor":18},{"not_picked":["Expertise","Quick Slash","Dagger Throw"],"picked":"SKIP","floor":23},{"not_picked":["Reflex+1","Underhanded Strike","Flying Knee"],"picked":"SKIP","floor":24},{"not_picked":["Dagger Spray+1","Deflect"],"picked":"Bane","floor":29}],"player_experience":183285,"relics_obtained":[{"floor":7,"key":"Gambling Chip"},{"floor":9,"key":"Girya"},{"floor":23,"key":"MawBank"},{"floor":23,"key":"Frozen Egg 2"},{"floor":26,"key":"Blood Vial"}],"event_choices":[{"damage_healed":0,"gold_gain":0,"player_choice":"Entered Light","damage_taken":15,"max_hp_gain":0,"max_hp_loss":0,"event_name":"Shining Light","floor":5,"gold_loss":0,"cards_upgraded":["Strike_G","Strike_G"]},{"damage_healed":0,"gold_gain":0,"cards_transformed":["Strike_G"],"player_choice":"Transformed","damage_taken":0,"max_hp_gain":0,"max_hp_loss":0,"event_name":"Transmorgrifier","floor":8,"gold_loss":0,"cards_obtained":["Poisoned Stab"]},{"damage_healed":0,"gold_gain":0,"player_choice":"Bought 0 Potions","damage_taken":0,"max_hp_gain":0,"max_hp_loss":0,"event_name":"The Woman in Blue","floor":12,"gold_loss":0},{"damage_healed":0,"gold_gain":0,"player_choice":"Smashed Altar","damage_taken":0,"max_hp_gain":0,"max_hp_loss":0,"event_name":"Forgotten Altar","floor":19,"gold_loss":0,"cards_obtained":["Decay"]},{"damage_healed":0,"gold_gain":0,"player_choice":"Ignored","damage_taken":0,"max_hp_gain":0,"max_hp_loss":0,"event_name":"Vampires","floor":20,"gold_loss":0},{"damage_healed":0,"gold_gain":0,"player_choice":"Stole Relic","damage_taken":0,"relics_obtained":["Letter Opener"],"max_hp_gain":0,"max_hp_loss":0,"event_name":"Addict","floor":21,"gold_loss":0,"cards_obtained":["Shame"]}],"is_beta":false,"boss_relics":[{"not_picked":["Runic Dome","Pandora\u0027s Box"],"picked":"Black Star"}],"items_purged_floors":[30],"is_endless":false,"potions_floor_spawned":[2,7,13,27],"killed_by":"Cultist and Chosen","ascension_level":0}