{"gold_per_floor":[109,31,44,63,74,99,99,131,131,158,178,212,212,229,229,307,307,327,327,340,340],"floor_reached":21,"playtime":1118,"items_purged":[],"score":369,"play_id":"95fe8c80-3099-4f0a-b29d-5752ee145acd","local_time":"20190321163604","is_ascension_mode":true,"campfire_choices":[{"data":"Havoc","floor":7,"key":"SMITH"},{"data":"True Grit","floor":13,"key":"SMITH"},{"data":"Body Slam","floor":15,"key":"SMITH"}],"neow_cost":"NONE","seed_source_timestamp":23023802237757,"circlet_count":0,"master_deck":["AscendersBane","Strike_R","Strike_R","Strike_R","Defend_R","Defend_R","Defend_R","Defend_R","Bash+1","Iron Wave","Armaments","Pommel Strike","Body Slam+1","Battle Trance","Havoc+1","Pommel Strike","Metallicize","Headbutt","True Grit+1","Inflame","Limit Break","Heavy Blade","Ghostly Armor"],"relics":["Burning Blood","Nunchaku","Bronze Scales","The Courier","Pocketwatch","Red Skull","Empty Cage"],"potions_floor_usage":[6,8,16,21],"damage_taken":[{"damage":1,"enemies":"Small Slimes","floor":1,"turns":3},{"damage":7,"enemies":"Jaw Worm","floor":3,"turns":3},{"damage":0,"enemies":"Cultist","floor":4,"turns":5},{"damage":0,"enemies":"3 Louse","floor":5,"turns":4},{"damage":32,"enemies":"Gremlin Nob","floor":6,"turns":4},{"damage":19,"enemies":"3 Sentries","floor":8,"turns":10},{"damage":13,"enemies":"Lagavulin","floor":10,"turns":8},{"damage":10,"enemies":"Exordium Wildlife","floor":11,"turns":3},{"damage":14,"enemies":"3 Sentries","floor":12,"turns":7},{"damage":4,"enemies":"Lots of Slimes","floor":14,"turns":3},{"damage":13,"enemies":"Slime Boss","floor":16,"turns":5},{"damage":12,"enemies":"Chosen","floor":18,"turns":3},{"damage":28,"enemies":"2 Thieves","floor":20,"turns":3},{"damage":2,"enemies":"Sentry and Sphere","floor":21,"turns":3}],"seed_played":"4643341618100785064","potions_obtained":[{"floor":4,"key":"Energy Potion"},{"floor":6,"key":"Dexterity Potion"},{"floor":10,"key":"FearPotion"},{"floor":16,"key":"Energy Potion"}],"is_trial":false,"path_per_floor":["M","$","M","M","M","E","R","E","T","E","M","E","R","M","R","B",null,"M","?","M","M"],"character_chosen":"IRONCLAD","items_purchased":["Armaments","Pommel Strike"],"campfire_rested":0,"item_purchase_floors":[2,2],"current_hp_per_floor":[73,73,72,75,75,49,49,36,36,29,25,17,17,19,19,12,59,53,53,31,29],"gold":340,"neow_bonus":"UPGRADE_CARD","is_prod":false,"is_daily":false,"chose_seed":false,"campfire_upgraded":3,"win_rate":0,"timestamp":1553160964,"path_taken":["M","$","M","M","M","E","R","E","T","E","M","E","R","M","R","BOSS","M","?","M","M"],"build_version":"2019-01-23","purchased_purges":0,"victory":false,"max_hp_per_floor":[75,75,75,75,75,75,75,75,75,75,75,75,75,75,75,75,75,75,75,75,75],"card_choices":[{"not_picked":["Thunderclap","Havoc"],"picked":"Iron Wave","floor":1},{"not_picked":["Thunderclap","Dropkick"],"picked":"Body Slam","floor":3},{"not_picked":["Twin Strike","Bloodletting"],"picked":"Battle Trance","floor":4},{"not_picked":["Thunderclap","Perfected Strike"],"picked":"Havoc","floor":5},{"not_picked":["Flex","Dropkick"],"picked":"Pommel Strike","floor":6},{"not_picked":["Second Wind","Rage"],"picked":"Metallicize","floor":8},{"not_picked":["Sword Boomerang","Warcry"],"picked":"Headbutt","floor":10},{"not_picked":["Blood for Blood","Headbutt","Evolve"],"picked":"SKIP","floor":11},{"not_picked":["Brutality","Sentinel"],"picked":"True Grit","floor":12},{"not_picked":["True Grit","Pommel Strike"],"picked":"Inflame","floor":14},{"not_picked":["Bludgeon","Offering"],"picked":"Limit Break","floor":16},{"not_picked":["Pommel Strike","Rampage"],"picked":"Heavy Blade","floor":18},{"not_picked":["Armaments","Flex"],"picked":"Ghostly Armor","floor":20}],"player_experience":406569,"relics_obtained":[{"floor":6,"key":"Nunchaku"},{"floor":8,"key":"Bronze Scales"},{"floor":9,"key":"The Courier"},{"floor":10,"key":"Pocketwatch"},{"floor":12,"key":"Red Skull"}],"event_choices":[{"damage_healed":0,"gold_gain":0,"player_choice":"Ignored","damage_taken":0,"max_hp_gain":0,"max_hp_loss":0,"event_name":"Ghosts","floor":19,"gold_loss":0}],"is_beta":false,"boss_relics":[{"not_picked":["Tiny House","Runic Pyramid"],"picked":"Empty Cage"}],"items_purged_floors":[],"is_endless":false,"potions_floor_spawned":[4,6,10,16],"killed_by":"Sentry and Sphere","ascension_level":15}