{"gold_per_floor":[109,109,59,72,72,72,72,84,134,309,324,324,338,356,356,459,459,471,85,98,115,205,205,231,231,231,231,231],"floor_reached":28,"playtime":882,"items_purged":["Doubt"],"score":253,"play_id":"ecc5beae-725f-4ec8-bd4e-8a077253a0e5","local_time":"20180726110154","daily_mods":["Draft","Heirloom","Time Dilation"],"is_ascension_mode":false,"campfire_choices":[{"data":"Genetic Algorithm","floor":6,"key":"SMITH"},{"data":"Double Energy","floor":12,"key":"SMITH"},{"data":"Chill","floor":15,"key":"SMITH"},{"data":"Madness","floor":23,"key":"SMITH"}],"neow_cost":"","seed_source_timestamp":0,"circlet_count":0,"master_deck":["Cold Snap","Conserve Battery","Genetic Algorithm+1","Rip and Tear","Ball Lightning","Redo","Hologram","Chill+1","Gash","Gash","Scrape","Rip and Tear","Gash","Defragment","FTL","Double Energy+1","Go for the Eyes","Go for the Eyes","Madness+1","Redo+1","Gash","Swift Strike","Blind"],"relics":["Cracked Core","Du-Vu Doll","Happy Flower","ClockworkSouvenir","Dream Catcher","Bottled Lightning","Enchiridion"],"potions_floor_usage":[16,16],"damage_taken":[{"damage":0,"enemies":"Small Slimes","floor":1,"turns":3},{"damage":0,"enemies":"Cultist","floor":4,"turns":2},{"damage":0,"enemies":"2 Louse","floor":8,"turns":1},{"damage":10,"enemies":"2 Fungi Beasts","floor":11,"turns":2},{"damage":0,"enemies":"Looter","floor":13,"turns":1},{"damage":0,"enemies":"Blue Slaver","floor":14,"turns":2},{"damage":25,"enemies":"Hexaghost","floor":16,"turns":5},{"damage":0,"enemies":"3 Byrds","floor":18,"turns":4},{"damage":0,"enemies":"Spheric Guardian","floor":20,"turns":3},{"damage":13,"enemies":"Snake Plant","floor":21,"turns":4},{"damage":13,"enemies":"Gremlin Leader","floor":24,"turns":9},{"damage":7,"enemies":"Cultist and Chosen","floor":28,"turns":4}],"seed_played":"6025294286458939014","potions_obtained":[{"floor":1,"key":"Strength Potion"},{"floor":13,"key":"PowerPotion"},{"floor":16,"key":"Ancient Potion"},{"floor":20,"key":"GamblersBrew"}],"is_trial":true,"path_per_floor":["M","?","?","M","$","R","?","M","T","?","M","R","M","M","R","B",null,"M","$","M","M","?","R","E","?","T","?"],"character_chosen":"DEFECT","items_purchased":["ClockworkSouvenir","Madness"],"campfire_rested":0,"item_purchase_floors":[19,19],"current_hp_per_floor":[75,75,75,75,75,75,80,80,80,80,70,70,70,70,70,45,80,80,80,80,67,35,35,22,22,22,6,0],"gold":231,"neow_bonus":"","is_prod":false,"is_daily":false,"chose_seed":false,"campfire_upgraded":4,"win_rate":0,"timestamp":1532570514,"path_taken":["M","?","?","M","$","R","?","M","T","?","M","R","M","?","R","BOSS","M","$","M","M","?","R","E","?","T","?","?"],"build_version":"2018-07-19v2","purchased_purges":1,"victory":false,"max_hp_per_floor":[75,75,75,75,75,75,80,80,80,80,80,80,80,80,80,80,80,80,80,80,80,80,80,80,80,80,80,80],"card_choices":[{"not_picked":["Consume","Chaos"],"picked":"Steam","floor":0},{"not_picked":["Sweeping Beam","Force Field"],"picked":"Cold Snap","floor":0},{"not_picked":["Turbo","Leap"],"picked":"Conserve Battery","floor":0},{"not_picked":["Barrage","Compile Driver"],"picked":"Streamline","floor":0},{"not_picked":["Cold Snap","Barrage"],"picked":"Genetic Algorithm","floor":0},{"not_picked":["Gash","Rebound"],"picked":"Rip and Tear","floor":0},{"not_picked":["Leap","Conserve Battery"],"picked":"Ball Lightning","floor":0},{"not_picked":["Force Field","Steam Power"],"picked":"Redo","floor":0},{"not_picked":["Compile Driver","Rip and Tear"],"picked":"Hologram","floor":0},{"not_picked":["Streamline","Sweeping Beam"],"picked":"Chill","floor":0},{"not_picked":["Streamline","Steam"],"picked":"Gash","floor":0},{"not_picked":["Skim","Steam"],"picked":"Gash","floor":0},{"not_picked":["Conserve Battery","Lockon"],"picked":"Scrape","floor":0},{"not_picked":["Chaos","Compile Driver"],"picked":"Rip and Tear","floor":0},{"not_picked":["Cold Snap","Streamline"],"picked":"Gash","floor":0},{"not_picked":["Steam","Leap","Streamline"],"picked":"SKIP","floor":1},{"not_picked":["Sweeping Beam","Turbo"],"picked":"FTL","floor":4},{"not_picked":["Rebound","Streamline","Doom and Gloom"],"picked":"SKIP","floor":8},{"not_picked":["Compile Driver","Stack"],"picked":"Double Energy","floor":11},{"not_picked":["Turbo","Streamline","Stack"],"picked":"SKIP","floor":13},{"not_picked":["Creative AI","Lockon"],"picked":"Go for the Eyes","floor":14},{"not_picked":["Creative AI","Biased Cognition"],"picked":"Amplify","floor":16},{"not_picked":["Cold Snap","Static Discharge+1"],"picked":"Go for the Eyes","floor":18},{"not_picked":["Compile Driver","Turbo+1"],"picked":"Redo+1","floor":20},{"not_picked":["Redo+1","Rip and Tear"],"picked":"Gash","floor":21},{"not_picked":["Undo","Streamline","Chaos+1"],"picked":"SKIP","floor":24}],"player_experience":236762,"relics_obtained":[{"floor":9,"key":"Happy Flower"},{"floor":24,"key":"Dream Catcher"},{"floor":26,"key":"Bottled Lightning"},{"floor":27,"key":"Enchiridion"}],"event_choices":[{"event_name":"Transmorgrifier","player_choice":"Transform","floor":2,"damage_taken":0},{"event_name":"The Cleric","player_choice":"Card Removal","floor":3,"damage_taken":0},{"event_name":"Big Fish","player_choice":"Donut","floor":7,"damage_taken":0},{"event_name":"Liars Game","player_choice":"agreed","floor":10,"damage_taken":0},{"event_name":"Knowing Skull","player_choice":"GOLD CARD CARD ","floor":22,"damage_taken":0},{"event_name":"Back to Basics","player_choice":"Elegance","floor":25,"damage_taken":0},{"event_name":"Cursed Tome","player_choice":"Obtained Book","floor":27,"damage_taken":0}],"is_beta":false,"boss_relics":[{"not_picked":["Philosopher\u0027s Stone","Velvet Choker","Fusion Hammer"]}],"items_purged_floors":[19],"is_endless":true,"potions_floor_spawned":[1,13,16,20],"killed_by":"Cultist and Chosen","ascension_level":0}