{"gold_per_floor":[112,112,130,35,50,50,83,83,83,83,96,112,37,54,54,155,155,168,83,93,105,105,105,105,133,157,157,82,98,22,22],"floor_reached":31,"playtime":2150,"items_purged":["Defend_B"],"score":255,"play_id":"67903ae3-729f-4e39-bb4e-6778767609dc","local_time":"20190422170440","is_ascension_mode":false,"campfire_choices":[{"data":"White Noise","floor":6,"key":"SMITH"},{"data":"Self Repair","floor":8,"key":"SMITH"},{"data":"White Noise","floor":10,"key":"SMITH"},{"data":"Redo","floor":15,"key":"SMITH"},{"floor":23,"key":"REST"},{"floor":27,"key":"REST"}],"neow_cost":"NONE","seed_source_timestamp":952494184228224,"circlet_count":0,"master_deck":["Strike_B","Strike_B","Strike_B","Strike_B","Zap","Dualcast","White Noise+1","Self Repair+1","Bandage Up","Compile Driver","White Noise+1","Reprogram","Self Repair","Redo+1","Echo Form","Reboot+1","Coolheaded+1","Darkness+1","Tempest","Sweeping Beam+1","White Noise+1","Compile Driver","Self Repair","Rebound","FTL"],"relics":["Cracked Core","PreservedInsect","CultistMask","Shuriken","Gremlin Horn","Astrolabe","Pantograph","Mummified Hand","Omamori"],"potions_floor_usage":[16,25,25,25,29],"damage_taken":[{"damage":1,"enemies":"Cultist","floor":1,"turns":3},{"damage":7,"enemies":"Small Slimes","floor":3,"turns":3},{"damage":0,"enemies":"2 Louse","floor":5,"turns":2},{"damage":18,"enemies":"Lagavulin","floor":7,"turns":6},{"damage":17,"enemies":"Gremlin Gang","floor":11,"turns":5},{"damage":18,"enemies":"Exordium Thugs","floor":12,"turns":4},{"damage":0,"enemies":"Large Slime","floor":14,"turns":4},{"damage":37,"enemies":"Slime Boss","floor":16,"turns":9},{"damage":25,"enemies":"Spheric Guardian","floor":18,"turns":5},{"damage":50,"enemies":"Shell Parasite","floor":20,"turns":6},{"damage":45,"enemies":"Sentry and Sphere","floor":21,"turns":6},{"damage":32,"enemies":"Slavers","floor":25,"turns":2},{"damage":32,"enemies":"Centurion and Healer","floor":29,"turns":3},{"damage":37,"enemies":"Shelled Parasite and Fungi","floor":31,"turns":2}],"seed_played":"-6961362847530988252","potions_obtained":[{"floor":7,"key":"FearPotion"},{"floor":11,"key":"PowerPotion"},{"floor":16,"key":"AttackPotion"},{"floor":20,"key":"Energy Potion"},{"floor":25,"key":"Explosive Potion"}],"is_trial":false,"path_per_floor":["M","?","M","$","M","R","E","R","T","R","M","M","$","M","R","B",null,"M","?","M","M","?","R","?","E","T","R","$","M","$","M"],"character_chosen":"DEFECT","items_purchased":["Bandage Up","Self Repair","FTL"],"campfire_rested":2,"item_purchase_floors":[4,28,30],"current_hp_per_floor":[74,74,67,67,75,75,68,68,68,68,65,61,61,75,75,59,75,75,75,56,32,18,42,42,10,10,34,34,30,30,0],"gold":22,"neow_bonus":"RANDOM_COMMON_RELIC","is_prod":false,"is_daily":false,"chose_seed":false,"campfire_upgraded":4,"win_rate":0.0,"timestamp":1555977880,"path_taken":["M","?","M","?","M","R","E","R","T","R","?","?","$","?","R","BOSS","M","?","M","M","?","R","?","E","T","R","$","?","?","M"],"build_version":"2019-01-23","purchased_purges":1,"victory":false,"max_hp_per_floor":[75,75,75,75,75,75,75,75,75,75,75,75,75,75,75,75,75,75,75,75,75,80,80,80,80,80,80,80,80,80,80],"card_choices":[{"not_picked":["Coolheaded","Reprogram"],"picked":"White Noise","floor":1},{"not_picked":["Genetic Algorithm","Lockon"],"picked":"Self Repair","floor":3},{"not_picked":["Cold Snap","Barrage"],"picked":"Compile Driver","floor":5},{"not_picked":["Undo","Gash"],"picked":"White Noise","floor":7},{"not_picked":["Aggregate","Coolheaded"],"picked":"Reprogram","floor":11},{"not_picked":["Chaos","Static Discharge"],"picked":"Self Repair","floor":12},{"not_picked":["Capacitor","Turbo"],"picked":"Redo","floor":14},{"not_picked":["Machine Learning","Meteor Strike"],"picked":"Echo Form","floor":16},{"not_picked":["Stack+1","Cold Snap+1","Sweeping Beam"],"picked":"SKIP","floor":18},{"not_picked":["Turbo","Leap+1"],"picked":"Tempest","floor":20},{"not_picked":["Steam","Beam Cell"],"picked":"Sweeping Beam+1","floor":21},{"not_picked":["Barrage","Force Field"],"picked":"Compile Driver","floor":25},{"not_picked":["Consume","Heatsinks"],"picked":"Rebound","floor":29}],"player_experience":53630,"relics_obtained":[{"floor":7,"key":"Shuriken"},{"floor":9,"key":"Gremlin Horn"},{"floor":25,"key":"Mummified Hand"},{"floor":26,"key":"Omamori"}],"event_choices":[{"damage_healed":0,"gold_gain":0,"player_choice":"Trade","damage_taken":0,"relics_obtained":["CultistMask"],"max_hp_gain":0,"max_hp_loss":0,"event_name":"FaceTrader","floor":2,"gold_loss":0},{"damage_healed":0,"gold_gain":0,"player_choice":"Obtained Relic","damage_taken":0,"relics_obtained":["Pantograph"],"max_hp_gain":0,"max_hp_loss":0,"event_name":"Addict","floor":19,"gold_loss":85},{"damage_healed":0,"gold_gain":0,"player_choice":"Shed Blood","damage_taken":19,"max_hp_gain":5,"max_hp_loss":0,"event_name":"Forgotten Altar","floor":22,"gold_loss":0},{"damage_healed":0,"gold_gain":0,"player_choice":"Copied","damage_taken":0,"max_hp_gain":0,"max_hp_loss":0,"event_name":"Duplicator","floor":24,"gold_loss":0,"cards_obtained":["White Noise"]}],"is_beta":false,"boss_relics":[{"not_picked":["Snecko Eye","Orrery"],"picked":"Astrolabe"}],"items_purged_floors":[13],"is_endless":false,"potions_floor_spawned":[7,11,16,20,21,25],"killed_by":"Shelled Parasite and Fungi","ascension_level":0}