{"gold_per_floor":[110,110,35,49,49,49,62,39,39,39,51,67,77,31,31,105,105,117,117,135,135,151,151,169,169,195,195,229,245,245,65,65,65],"floor_reached":33,"playtime":2224,"items_purged":["Strike_B","Writhe"],"score":479,"play_id":"224def94-d9b7-476b-aeb5-9c5097475a2b","local_time":"20190522135303","is_ascension_mode":true,"campfire_choices":[{"data":"Hyperbeam","floor":6,"key":"SMITH"},{"floor":15,"key":"REST"},{"floor":23,"key":"REST"},{"floor":25,"key":"REST"},{"floor":27,"key":"REST"},{"floor":32,"key":"REST"}],"neow_cost":"PERCENT_DAMAGE","seed_source_timestamp":78609826404125,"circlet_count":0,"master_deck":["AscendersBane","Strike_B","Strike_B","Strike_B","Defend_B","Defend_B","Defend_B","Defend_B","Zap","Dualcast","Hyperbeam+1","Go for the Eyes","Double Energy","Auto Shields","Leap","Reboot+1","Conserve Battery","Undo","Creative AI","Beam Cell+1","Self Repair"],"relics":["Cracked Core","PreservedInsect","Pear","Fusion Hammer","Bag of Marbles","Ornamental Fan","Boot"],"potions_floor_usage":[16,16,18,24,33],"damage_taken":[{"damage":2,"enemies":"Jaw Worm","floor":1,"turns":2},{"damage":0,"enemies":"Small Slimes","floor":4,"turns":2},{"damage":1,"enemies":"2 Louse","floor":7,"turns":2},{"damage":0,"enemies":"Exordium Wildlife","floor":11,"turns":2},{"damage":2,"enemies":"2 Fungi Beasts","floor":12,"turns":2},{"damage":0,"enemies":"Lots of Slimes","floor":13,"turns":1},{"damage":55,"enemies":"Slime Boss","floor":16,"turns":11},{"damage":0,"enemies":"Spheric Guardian","floor":18,"turns":3},{"damage":7,"enemies":"Shell Parasite","floor":20,"turns":6},{"damage":10,"enemies":"Shelled Parasite and Fungi","floor":22,"turns":8},{"damage":51,"enemies":"3 Cultists","floor":24,"turns":7},{"damage":0,"enemies":"Slavers","floor":28,"turns":1},{"damage":8,"enemies":"Snecko","floor":29,"turns":4},{"damage":112,"enemies":"Automaton","floor":33,"turns":12}],"seed_played":"1054061960510758711","potions_obtained":[{"floor":7,"key":"SpeedPotion"},{"floor":11,"key":"Weak Potion"},{"floor":16,"key":"SkillPotion"},{"floor":18,"key":"FairyPotion"},{"floor":22,"key":"SpeedPotion"},{"floor":29,"key":"PowerPotion"}],"is_trial":false,"path_per_floor":["M","?","$","M","?","R","M","?","T","?","M","M","M","$","R","B",null,"M","?","M","?","M","R","M","R","T","R","E","M","?","$","R","B"],"character_chosen":"DEFECT","items_purchased":["Leap","Self Repair"],"campfire_rested":5,"item_purchase_floors":[14,31],"current_hp_per_floor":[44,44,44,44,26,26,25,25,35,35,35,33,33,33,57,2,61,61,61,54,81,71,81,30,54,54,78,78,70,70,70,81,0],"gold":65,"neow_bonus":"THREE_RARE_CARDS","is_prod":false,"is_daily":false,"chose_seed":false,"campfire_upgraded":1,"win_rate":0,"timestamp":1558558383,"path_taken":["M","?","$","M","?","R","M","?","T","?","M","?","M","$","R","BOSS","M","?","?","?","M","R","M","R","T","R","E","M","?","?","R","BOSS"],"build_version":"2019-01-23","purchased_purges":2,"victory":false,"max_hp_per_floor":[71,71,71,71,71,71,71,71,81,81,81,81,81,81,81,81,81,81,81,81,81,81,81,81,81,81,81,81,81,81,81,81,81],"card_choices":[{"not_picked":["Thunder Strike","Multi-Cast"],"picked":"Hyperbeam","floor":0},{"not_picked":["Barrage","Stack","Ball Lightning"],"picked":"SKIP","floor":1},{"not_picked":["Compile Driver","Melter"],"picked":"Go for the Eyes","floor":4},{"not_picked":["Turbo","Biased Cognition","Chill"],"picked":"SKIP","floor":7},{"not_picked":["Ball Lightning","Rip and Tear","Stack"],"picked":"SKIP","floor":11},{"not_picked":["Barrage","Redo"],"picked":"Double Energy","floor":12},{"not_picked":["White Noise","Rebound"],"picked":"Auto Shields","floor":13},{"not_picked":["Meteor Strike","Rainbow"],"picked":"Reboot","floor":16},{"not_picked":["Streamline","Ball Lightning"],"picked":"Conserve Battery","floor":18},{"not_picked":["Consume","Steam"],"picked":"Undo","floor":20},{"not_picked":["Go for the Eyes","Ball Lightning"],"picked":"Creative AI","floor":22},{"not_picked":["Leap","Compile Driver","Redo"],"picked":"SKIP","floor":24},{"not_picked":["Barrage+1","Coolheaded"],"picked":"Beam Cell+1","floor":28},{"not_picked":["Redo","Defragment","Cold Snap"],"picked":"SKIP","floor":29}],"player_experience":680048,"relics_obtained":[{"floor":9,"key":"Pear"},{"floor":26,"key":"Bag of Marbles"},{"floor":28,"key":"Ornamental Fan"}],"event_choices":[{"damage_healed":0,"gold_gain":0,"player_choice":"Ignored","damage_taken":0,"max_hp_gain":0,"max_hp_loss":0,"event_name":"Liars Game","floor":2,"gold_loss":0},{"damage_healed":0,"gold_gain":0,"player_choice":"Success","damage_taken":18,"relics_obtained":["PreservedInsect"],"max_hp_gain":0,"max_hp_loss":0,"event_name":"Scrap Ooze","floor":5,"gold_loss":0},{"damage_healed":0,"gold_gain":0,"player_choice":"Left Gold","damage_taken":0,"max_hp_gain":0,"max_hp_loss":0,"event_name":"World of Goop","floor":8,"gold_loss":23},{"damage_healed":0,"gold_gain":0,"player_choice":"Ignored","damage_taken":0,"max_hp_gain":0,"max_hp_loss":0,"event_name":"Shining Light","floor":10,"gold_loss":0},{"damage_healed":0,"gold_gain":0,"player_choice":"Upgraded","damage_taken":0,"max_hp_gain":0,"max_hp_loss":0,"event_name":"Upgrade Shrine","floor":19,"gold_loss":0,"cards_upgraded":["Reboot"]},{"damage_healed":27,"gold_gain":0,"player_choice":"Heal","damage_taken":0,"max_hp_gain":0,"max_hp_loss":0,"event_name":"The Library","floor":21,"gold_loss":0},{"damage_healed":0,"gold_gain":0,"player_choice":"Opened","damage_taken":0,"relics_obtained":["Boot"],"max_hp_gain":0,"max_hp_loss":0,"event_name":"The Mausoleum","floor":30,"gold_loss":0,"cards_obtained":["Writhe"]}],"is_beta":false,"boss_relics":[{"not_picked":["Lizard Tail","Tiny House"],"picked":"Fusion Hammer"}],"items_purged_floors":[3,31],"is_endless":false,"potions_floor_spawned":[7,11,16,18,22,29],"killed_by":"Automaton","ascension_level":14}