{"gold_per_floor":[114,389,407,47,62,62,62,62,62,91,91,124,137,154,154,228,228,242,242,242,242,28,61,61,20,20,37,37,37,72,88,88,88],"floor_reached":33,"playtime":1920,"items_purged":["Regret","Defend_B"],"score":553,"play_id":"2985df06-d4bb-48be-ba8d-175521dcf370","local_time":"20190527204139","is_ascension_mode":true,"campfire_choices":[{"data":"Zap","floor":6,"key":"SMITH"},{"data":"Dualcast","floor":8,"key":"SMITH"},{"floor":11,"key":"REST"},{"data":"Coolheaded","floor":15,"key":"SMITH"},{"floor":29,"key":"REST"},{"data":"Reinforced Body","floor":32,"key":"SMITH"}],"neow_cost":"NONE","seed_source_timestamp":233834771813154,"circlet_count":0,"master_deck":["AscendersBane","Defend_B","Defend_B","Defend_B","Zap+1","Dualcast+1","Electrodynamics+1","Blizzard+1","Sweeping Beam","Ball Lightning","Auto Shields","Coolheaded+1","Defragment","Core Surge","Reinforced Body+1","Sunder"],"relics":["Astrolabe","Meat on the Bone","DataDisk","Smiling Mask","Gremlin Horn","Runic Pyramid","Strawberry","Blue Candle","Mummified Hand","Nunchaku"],"potions_floor_usage":[12,12,16,18,31],"damage_taken":[{"damage":7,"enemies":"Small Slimes","floor":1,"turns":3},{"damage":18,"enemies":"Cultist","floor":3,"turns":4},{"damage":7,"enemies":"Jaw Worm","floor":5,"turns":3},{"damage":20,"enemies":"3 Sentries","floor":10,"turns":3},{"damage":10,"enemies":"Lagavulin","floor":12,"turns":5},{"damage":6,"enemies":"Looter","floor":13,"turns":3},{"damage":5,"enemies":"3 Louse","floor":14,"turns":2},{"damage":23,"enemies":"The Guardian","floor":16,"turns":10},{"damage":0,"enemies":"3 Byrds","floor":18,"turns":1},{"damage":66,"enemies":"Book of Stabbing","floor":23,"turns":7},{"damage":1,"enemies":"Chosen","floor":27,"turns":4},{"damage":4,"enemies":"Gremlin Leader","floor":30,"turns":4},{"damage":0,"enemies":"Snecko","floor":31,"turns":4},{"damage":64,"enemies":"Champ","floor":33,"turns":10}],"seed_played":"9020599025670657551","potions_obtained":[{"floor":3,"key":"Swift Potion"},{"floor":5,"key":"SpeedPotion"},{"floor":14,"key":"LiquidBronze"},{"floor":16,"key":"Explosive Potion"},{"floor":27,"key":"PowerPotion"}],"is_trial":false,"path_per_floor":["M","?","M","$","M","R","?","R","T","E","R","E","M","M","R","B",null,"M","?","?","?","$","E","?","$","T","M","$","R","E","M","R","B"],"character_chosen":"DEFECT","items_purchased":["Meat on the Bone","Strawberry","Sunder"],"campfire_rested":2,"item_purchase_floors":[4,22,25],"current_hp_per_floor":[57,57,39,39,44,44,37,37,37,29,50,40,46,41,41,30,61,61,61,61,61,68,14,30,30,30,41,41,64,60,60,60,0],"gold":88,"neow_bonus":"BOSS_RELIC","is_prod":false,"is_daily":false,"chose_seed":false,"campfire_upgraded":4,"win_rate":0,"timestamp":1559014899,"path_taken":["M","?","M","$","?","R","?","R","T","E","R","E","M","M","R","BOSS","M","?","?","?","$","E","?","$","T","?","?","R","E","M","R","BOSS"],"build_version":"2019-01-23","purchased_purges":2,"victory":false,"max_hp_per_floor":[71,71,71,71,71,71,71,71,71,71,71,71,71,71,71,71,71,71,71,71,71,78,78,78,78,78,78,78,78,78,78,78,78],"card_choices":[{"not_picked":["Gash","Hello World"],"picked":"Sweeping Beam","floor":1},{"not_picked":["Streamline","Barrage","Hologram"],"picked":"SKIP","floor":3},{"not_picked":["Streamline","Go for the Eyes"],"picked":"Ball Lightning","floor":5},{"not_picked":["Steam Power","Beam Cell"],"picked":"Auto Shields","floor":10},{"not_picked":["Gash","Reboot"],"picked":"Coolheaded","floor":12},{"not_picked":["Rebound","Gash"],"picked":"Defragment","floor":13},{"not_picked":["Force Field","Go for the Eyes","Chill"],"picked":"SKIP","floor":14},{"not_picked":["Thunder Strike","Reboot"],"picked":"Core Surge","floor":16},{"not_picked":["Consume","Go for the Eyes","Compile Driver"],"picked":"SKIP","floor":18},{"not_picked":["Storm","Gash"],"picked":"Reinforced Body","floor":23},{"not_picked":["FTL","Barrage","Reinforced Body"],"picked":"SKIP","floor":27},{"not_picked":["Lockon+1","White Noise","Barrage"],"picked":"SKIP","floor":30},{"not_picked":["Cold Snap","Redo","Steam"],"picked":"SKIP","floor":31}],"player_experience":773687,"relics_obtained":[{"floor":9,"key":"DataDisk"},{"floor":10,"key":"Smiling Mask"},{"floor":12,"key":"Gremlin Horn"},{"floor":23,"key":"Blue Candle"},{"floor":26,"key":"Mummified Hand"},{"floor":30,"key":"Nunchaku"}],"event_choices":[{"damage_healed":0,"gold_gain":275,"player_choice":"Desecrate","damage_taken":0,"max_hp_gain":0,"max_hp_loss":0,"event_name":"Golden Shrine","floor":2,"gold_loss":0,"cards_obtained":["Regret"]},{"cards_removed":["Steam Power"],"damage_healed":0,"gold_gain":0,"player_choice":"Card Removal","damage_taken":7,"max_hp_gain":0,"max_hp_loss":0,"event_name":"Golden Wing","floor":7,"gold_loss":0},{"cards_removed":["Strike_B"],"damage_healed":0,"gold_gain":0,"player_choice":"Elegance","damage_taken":0,"max_hp_gain":0,"max_hp_loss":0,"event_name":"Back to Basics","floor":19,"gold_loss":0},{"damage_healed":0,"gold_gain":0,"player_choice":"Ignored","damage_taken":0,"max_hp_gain":0,"max_hp_loss":0,"event_name":"The Mausoleum","floor":20,"gold_loss":0},{"damage_healed":0,"gold_gain":0,"player_choice":"Ignored","damage_taken":0,"max_hp_gain":0,"max_hp_loss":0,"event_name":"Cursed Tome","floor":21,"gold_loss":0},{"damage_healed":16,"gold_gain":0,"player_choice":"Heal","damage_taken":0,"max_hp_gain":0,"max_hp_loss":0,"event_name":"The Library","floor":24,"gold_loss":0}],"is_beta":false,"boss_relics":[{"not_picked":["Orrery","Lizard Tail"],"picked":"Runic Pyramid"}],"items_purged_floors":[4,22],"is_endless":false,"potions_floor_spawned":[3,5,14,16,27],"killed_by":"Champ","ascension_level":18}