{"gold_per_floor":[112,125,144,162,162,196,196,230,285,285,285],"floor_reached":11,"playtime":3407,"items_purged":[],"score":162,"play_id":"4cabfdfd-8216-4608-98fd-f4a641295070","local_time":"20190601184220","is_ascension_mode":true,"campfire_choices":[{"floor":7.0,"key":"REST"},{"floor":10,"key":"REST"}],"neow_cost":"NONE","seed_source_timestamp":0,"circlet_count":0,"master_deck":["AscendersBane","Strike_B","Strike_B","Strike_B","Strike_B","Defend_B+1","Defend_B","Defend_B","Defend_B","Zap+1","Dualcast","Steam","Conserve Battery","Storm","Machine Learning"],"special_seed":0,"relics":["Cracked Core","NeowsBlessing","Blood Vial","Pantograph","Art of War","War Paint"],"potions_floor_usage":[],"damage_taken":[{"damage":0.0,"enemies":"2 Louse","floor":1.0,"turns":1.0},{"damage":0.0,"enemies":"Cultist","floor":2.0,"turns":1.0},{"damage":0.0,"enemies":"Jaw Worm","floor":3.0,"turns":1.0},{"damage":11.0,"enemies":"Exordium Thugs","floor":4.0,"turns":5.0},{"damage":39.0,"enemies":"3 Sentries","floor":6.0,"turns":10.0},{"damage":37.0,"enemies":"Lagavulin","floor":8.0,"turns":8.0},{"damage":29,"enemies":"Gremlin Gang","floor":11,"turns":3}],"seed_played":"5813362280386186957","potions_obtained":[{"floor":2.0,"key":"FocusPotion"},{"floor":3.0,"key":"Block Potion"}],"is_trial":false,"path_per_floor":["M","M","M","M","?","E","R","E","T","R","M"],"character_chosen":"DEFECT","items_purchased":[],"campfire_rested":2,"item_purchase_floors":[],"current_hp_per_floor":[64,64,64,53,53,16,37,2,2,23,0],"gold":285,"neow_bonus":"THREE_ENEMY_KILL","is_prod":false,"is_daily":false,"chose_seed":false,"campfire_upgraded":0,"win_rate":0,"timestamp":1559428940,"path_taken":["M","M","M","M","?","E","R","E","T","R","M"],"build_version":"2019-01-23","purchased_purges":0,"victory":false,"max_hp_per_floor":[71,71,71,71,71,71,71,71,71,71,71],"card_choices":[{"not_picked":["Steam","Turbo","Hologram"],"picked":"SKIP","floor":1.0},{"not_picked":["Turbo","Hologram"],"picked":"Steam","floor":1.0},{"not_picked":["Leap","Coolheaded"],"picked":"Conserve Battery","floor":2.0},{"not_picked":["Hologram","Gash","Static Discharge"],"picked":"SKIP","floor":3.0},{"not_picked":["Reinforced Body","Rebound"],"picked":"Cold Snap","floor":4.0},{"not_picked":["Blizzard","Streamline"],"picked":"Storm","floor":6.0},{"not_picked":["Stack","Turbo"],"picked":"Machine Learning","floor":8.0}],"player_experience":771650,"relics_obtained":[{"floor":6.0,"key":"Pantograph"},{"floor":8.0,"key":"Art of War"},{"floor":9.0,"key":"War Paint"}],"event_choices":[{"cards_removed":["Cold Snap"],"damage_healed":0.0,"max_hp_gain":0.0,"max_hp_loss":0.0,"gold_gain":0.0,"event_name":"WeMeetAgain","player_choice":"Gave Card","floor":5.0,"gold_loss":0.0,"damage_taken":0.0,"relics_obtained":["Blood Vial"]}],"is_beta":false,"boss_relics":[],"items_purged_floors":[],"is_endless":false,"potions_floor_spawned":[2,3],"killed_by":"Gremlin Gang","ascension_level":19}