{"gold_per_floor":[109,34,51,126,0,0,14,28,28,28,42,54,54,70,70,175,175,185,196,213,88,187,187,37,37,37,37,53,69,69,69,69,168,168,179,4,304,315,315,315,346,346,346,356,356,4,4,4,4,4],"floor_reached":51,"playtime":5204,"items_purged":["Strike_R","Strike_R","Defend_R","Strike_R","Wild Strike","Bash"],"score":665,"play_id":"1f4c4456-9d3b-4411-b381-20fdb9a2f86d","local_time":"20180803153720","is_ascension_mode":false,"campfire_choices":[{"data":"Inflame","floor":6,"key":"SMITH"},{"data":"Body Slam","floor":13,"key":"SMITH"},{"data":"Disarm","floor":15,"key":"SMITH"},{"floor":23,"key":"REST"},{"data":"Barricade","floor":25,"key":"SMITH"},{"floor":32,"key":"REST"},{"floor":40,"key":"REST"},{"data":"Anger","floor":42,"key":"SMITH"},{"floor":45,"key":"REST"},{"data":"Iron Wave","floor":47,"key":"SMITH"},{"floor":49,"key":"REST"}],"neow_cost":"NONE","seed_source_timestamp":8373583173144,"circlet_count":0,"master_deck":["Inflame+1","Shrug It Off","Shrug It Off","Body Slam+1","Disarm+1","Barricade+1","Iron Wave+1","Shrug It Off+1","Offering","Second Wind","Twin Strike","Headbutt+1","Anger+1","Madness","Madness"],"relics":["Burning Blood","Mummified Hand","Nunchaku","Empty Cage","Kunai","Shuriken","NlothsMask","Pandora\u0027s Box","Potion Belt","Du-Vu Doll"],"potions_floor_usage":[8,16,20,33,33,41,41,50,50,50],"damage_taken":[{"damage":4,"enemies":"Cultist","floor":1,"turns":4},{"damage":12,"enemies":"Small Slimes","floor":3,"turns":3},{"damage":0,"enemies":"2 Louse","floor":7,"turns":4},{"damage":2,"enemies":"Looter","floor":8,"turns":3},{"damage":2,"enemies":"Blue Slaver","floor":11,"turns":4},{"damage":12,"enemies":"Gremlin Gang","floor":12,"turns":7},{"damage":3,"enemies":"2 Fungi Beasts","floor":14,"turns":3},{"damage":55,"enemies":"Hexaghost","floor":16,"turns":15},{"damage":44,"enemies":"Spheric Guardian","floor":18,"turns":10},{"damage":5,"enemies":"Shell Parasite","floor":19,"turns":10},{"damage":19,"enemies":"Chosen and Byrds","floor":20,"turns":9},{"damage":5,"enemies":"Centurion and Healer","floor":28,"turns":5},{"damage":9,"enemies":"Snecko","floor":29,"turns":5},{"damage":5,"enemies":"Champ","floor":33,"turns":8},{"damage":55,"enemies":"Flame Bruiser 1 Orb","floor":35,"turns":6},{"damage":5,"enemies":"Orb Walker","floor":38,"turns":4},{"damage":31,"enemies":"2 Orb Walkers","floor":41,"turns":6},{"damage":13,"enemies":"Sphere and 2 Shapes","floor":44,"turns":6},{"damage":5,"floor":48,"turns":6},{"damage":12,"enemies":"Time Eater","floor":50,"turns":10}],"seed_played":"1241904518660557448","potions_obtained":[{"floor":3,"key":"Poison Potion"},{"floor":8,"key":"Block Potion"},{"floor":12,"key":"AttackPotion"},{"floor":16,"key":"SpeedPotion"},{"floor":19,"key":"AttackPotion"},{"floor":28,"key":"Swift Potion"},{"floor":33,"key":"Regen Potion"},{"floor":38,"key":"Weak Potion"},{"floor":48,"key":"LiquidBronze"}],"is_trial":false,"path_per_floor":["M","$","M","?","$","R","M","M","T","?","M","M","R","M","R","B",null,"M","M","M","$","?","R","$","R","T","?","M","M","?","?","R","B",null,"M","$","?","M","?","R","E","R","T","M","R","$","R","?","R","B"],"character_chosen":"IRONCLAD","items_purchased":["Shrug It Off","FairyPotion","Swift Potion"],"campfire_rested":5,"item_purchase_floors":[5,46,46],"current_hp_per_floor":[80,80,74,63,63,63,69,73,73,66,70,64,64,67,67,18,80,42,43,33,33,33,57,57,57,57,57,58,55,55,55,79,80,83,34,34,34,35,25,49,39,39,39,32,56,56,56,57,81,75],"gold":4,"neow_bonus":"REMOVE_CARD","is_prod":false,"is_daily":false,"chose_seed":false,"campfire_upgraded":6,"win_rate":0,"timestamp":1533303440,"path_taken":["M","$","?","?","$","R","M","M","T","?","M","M","R","M","R","BOSS","M","M","M","$","?","R","?","R","T","?","M","?","?","?","R","BOSS","M","$","?","M","?","R","E","R","T","M","R","?","R","?","R","BOSS"],"build_version":"2018-08-02","purchased_purges":6,"victory":true,"max_hp_per_floor":[80,80,80,80,80,80,80,80,80,80,80,80,80,80,80,80,80,80,80,83,83,83,83,83,83,83,83,83,83,83,83,83,83,83,83,83,83,83,83,83,83,83,83,83,83,83,83,83,83,83],"card_choices":[{"not_picked":["Warcry","Thunderclap","Twin Strike"],"picked":"SKIP","floor":1},{"not_picked":["Dual Wield","Perfected Strike"],"picked":"Inflame","floor":3},{"not_picked":["Thunderclap","Wild Strike"],"picked":"Shrug It Off","floor":7},{"not_picked":["Exhume","Warcry"],"picked":"Body Slam","floor":8},{"not_picked":["Blood for Blood","Warcry","Sever Soul"],"picked":"SKIP","floor":11},{"not_picked":["Warcry","Anger"],"picked":"Bloodletting","floor":12},{"not_picked":["Flex","Heavy Blade"],"picked":"Disarm","floor":14},{"not_picked":["Exhume","Berserk"],"picked":"Barricade","floor":16},{"not_picked":["Pommel Strike","Shrug It Off"],"picked":"Iron Wave","floor":18},{"not_picked":["Feel No Pain","Iron Wave"],"picked":"Shrug It Off+1","floor":19},{"not_picked":["Wild Strike+1","Cleave"],"picked":"Offering","floor":20},{"not_picked":["Armaments","Havoc","Thunderclap"],"picked":"SKIP","floor":28},{"not_picked":["Battle Trance","Armaments+1","Cleave"],"picked":"SKIP","floor":29},{"not_picked":["Sever Soul","Flame Barrier"],"picked":"Headbutt+1","floor":35},{"not_picked":["Clash+1","Cleave+1"],"picked":"Anger","floor":38},{"not_picked":["Pummel","Armaments","Rampage"],"picked":"SKIP","floor":41},{"not_picked":["Clash+1","Shrug It Off","Thunderclap+1"],"picked":"SKIP","floor":44}],"player_experience":96899,"relics_obtained":[{"floor":9,"key":"Mummified Hand"},{"floor":26,"key":"Kunai"},{"floor":41,"key":"Potion Belt"},{"floor":48,"key":"Du-Vu Doll"}],"event_choices":[{"event_name":"World of Goop","player_choice":"Gather Gold","floor":4,"damage_taken":0},{"event_name":"Scrap Ooze","player_choice":"success","floor":10,"damage_taken":7},{"event_name":"Nest","player_choice":"Stole From Cult","floor":22,"damage_taken":0},{"event_name":"The Mausoleum","player_choice":"Yes","floor":27,"damage_taken":0},{"event_name":"FaceTrader","player_choice":"Trade","floor":30,"damage_taken":0},{"event_name":"Ghosts","player_choice":"Ignored","floor":31,"damage_taken":0},{"event_name":"Wheel of Change","player_choice":"Gold","floor":37,"damage_taken":0},{"event_name":"Winding Halls","player_choice":"Embrace Madness","floor":39,"damage_taken":0},{"event_name":"MindBloom","player_choice":"Fight","floor":48,"damage_taken":0}],"is_beta":false,"boss_relics":[{"not_picked":["Busted Crown","Astrolabe"],"picked":"Empty Cage"},{"not_picked":["Eternal Feather","Runic Dome"],"picked":"Pandora\u0027s Box"}],"items_purged_floors":[2,5,21,24,36,46],"is_endless":false,"potions_floor_spawned":[3,8,12,16,19,28,33,38,48],"ascension_level":0}