{"gold_per_floor":[119,131,131,131,142,142,153,153,153,169,169,27,37,72,72,176,176,193,113,124,24,24,24,41,41,95,107,119,131,158,196,208,315,327,357,369,381,412,442,454,466,492,504,516,558,581,593,638,650,757,769,800,852,549,562,562,574,574,605,630,630,643,274,303,253,253,358,358,370,370,112,112,126,126,126,146,181,193,108,108,124,140,140,242,242,254,254,266,18,34,34,64,64,96,96,129,129,183,60,60,163,163,174,194,213,34,49,84,95,108,135,135,155,21,39,39,39,158,158,182,198,198,6,6,6,6,30,65,83,83,99,142,142,142,563,563,584,584,267,283,283],"floor_reached":141,"playtime":6376,"items_purged":["Static Discharge","Static Discharge","Defend_B","Barrage","Meteor Strike","Darkness"],"score":3598,"play_id":"0ceca539-95c0-48de-883e-88a0b0387ff2","local_time":"20180804231432","daily_mods":["Heirloom","Insanity","Time Dilation","Vintage"],"is_ascension_mode":false,"campfire_choices":[{"data":"White Noise","floor":6.0,"key":"SMITH"},{"data":"Fusion","floor":11.0,"key":"PURGE"},{"data":"Doom and Gloom","floor":15.0,"key":"PURGE"},{"data":"Defend_B","floor":23.0,"key":"PURGE"},{"data":"Seek","floor":27.0,"key":"SMITH"},{"data":"White Noise","floor":29.0,"key":"SMITH"},{"data":"Jack Of All Trades","floor":32.0,"key":"SMITH"},{"data":"Zap","floor":40.0,"key":"SMITH"},{"data":"Biased Cognition","floor":47.0,"key":"SMITH"},{"data":"Biased Cognition","floor":49.0,"key":"SMITH"},{"data":"Redo","floor":58.0,"key":"SMITH"},{"data":"Double Energy","floor":61.0,"key":"SMITH"},{"data":"Rebound","floor":66.0,"key":"PURGE"},{"data":"Defragment","floor":74.0,"key":"SMITH"},{"data":"Genetic Algorithm","floor":80.0,"key":"SMITH"},{"data":"Panache","floor":83.0,"key":"SMITH"},{"data":"1","floor":91.0,"key":"LIFT"},{"data":"2","floor":93.0,"key":"LIFT"},{"data":"3","floor":100.0,"key":"LIFT"},{"data":"Thunder Strike","floor":112.0,"key":"SMITH"},{"data":"Hyperbeam","floor":117.0,"key":"SMITH"},{"data":"Ball Lightning","floor":125.0,"key":"PURGE"},{"data":"Rebound","floor":130,"key":"PURGE"},{"data":"Aggregate","floor":134,"key":"SMITH"}],"neow_cost":"","seed_source_timestamp":0,"circlet_count":0,"master_deck":["Redo+1","Melter","Gash+1","Aggregate+1","Double Energy+1","Aggregate","Biased Cognition+1","Consume+1","Skim+1","Defragment+1","Core Surge","Genetic Algorithm+1","Seek+1","Coolheaded+1","Self Repair","Biased Cognition+1","Cold Snap","Zap+1","Genetic Algorithm+1","Gash","Turbo","Dualcast","Core Surge+1","Machine Learning","Skim","Hyperbeam+1","White Noise+1","Beam Cell","Stack","Thunder Strike+1","Jack Of All Trades+1","White Noise+1","Amplify+1","Panache+1","Madness+1","Panacea+1","Echo Form+1","Loop+1","Defragment+1","BootSequence+1","Redo+1","Defragment+1","Chill+1","Biased Cognition+1","White Noise+1","Capacitor+1","Seek+1","Seek+1","Defragment+1","Storm+1","Skim+1","Tempest+1","Panacea+1","Sadistic Nature+1","Coolheaded+1","Reboot+1","Electrodynamics+1"],"special_seed":0,"relics":["FrozenCore","Girya","The Courier","Dream Catcher","Happy Flower","Peace Pipe","CultistMask","Singing Bowl","Pantograph","Gremlin Horn","Centennial Puzzle","Cables","White Beast Statue","Orichalcum","Symbiotic Virus","Bottled Lightning","MawBank","Toxic Egg 2","Mummified Hand","DataDisk","Inserter","Ornamental Fan","Kunai","Meat on the Bone","Darkstone Periapt","Dodecahedron","Art of War","Regal Pillow","Frozen Egg 2","Letter Opener","Empty Cage","Lantern","Tiny Chest","Bottled Flame","Gambling Chip","Blood Vial","Pen Nib","Bag of Marbles","ClockworkSouvenir","Juzu Bracelet","Bag of Preparation","Membership Card","Omamori","Vajra","War Paint","Potion Belt","Du-Vu Doll","Shuriken","Boot","Coffee Dripper","Whetstone","Question Card","Matryoshka","Ginger","Sundial","Chemical X","Unceasing Top","Nuclear Battery","Anchor","Blue Candle","Molten Egg 2","Smiling Mask","Oddly Smooth Stone","Pear","Ancient Tea Set","Lee\u0027s Waffle","Emotion Chip","Golden Idol","Prayer Wheel","Orrery","Calipers","StoneCalendar","Bird Faced Urn","Torii","Mango","Turnip","Old Coin","Fusion Hammer","Nunchaku","FaceOfCleric","Incense Burner","Toolbox"],"potions_floor_usage":[],"damage_taken":[{"damage":4.0,"enemies":"Jaw Worm","floor":1.0,"turns":2.0},{"damage":10.0,"enemies":"2 Louse","floor":2.0,"turns":4.0},{"damage":0.0,"enemies":"Cultist","floor":5.0,"turns":3.0},{"damage":0.0,"enemies":"3 Louse","floor":7.0,"turns":1.0},{"damage":16.0,"enemies":"Gremlin Gang","floor":10.0,"turns":3.0},{"damage":8.0,"enemies":"Exordium Thugs","floor":13.0,"turns":2.0},{"damage":4.0,"enemies":"Gremlin Nob","floor":14.0,"turns":4.0},{"damage":29.0,"enemies":"The Guardian","floor":16.0,"turns":6.0},{"damage":20.0,"enemies":"2 Thieves","floor":18.0,"turns":2.0},{"damage":0.0,"enemies":"3 Byrds","floor":20.0,"turns":3.0},{"damage":0.0,"enemies":"3 Cultists","floor":24.0,"turns":2.0},{"damage":4.0,"enemies":"Chosen and Byrds","floor":30.0,"turns":2.0},{"damage":0.0,"enemies":"Gremlin Leader","floor":31.0,"turns":5.0},{"damage":4.0,"enemies":"Collector","floor":33.0,"turns":5.0},{"damage":0.0,"enemies":"Orb Walker","floor":35.0,"turns":1.0},{"damage":0.0,"enemies":"3 Shapes","floor":38.0,"turns":1.0},{"damage":1.0,"enemies":"Spire Growth","floor":39.0,"turns":2.0},{"damage":2.0,"enemies":"Sphere and 2 Shapes","floor":42.0,"turns":2.0},{"damage":20.0,"enemies":"Nemesis","floor":45.0,"turns":5.0},{"damage":3.0,"enemies":"3 Darklings","floor":46.0,"turns":2.0},{"damage":7.0,"enemies":"Giant Head","floor":48.0,"turns":4.0},{"damage":22.0,"enemies":"Time Eater","floor":50.0,"turns":3.0},{"damage":0.0,"enemies":"Cultist","floor":52.0,"turns":1.0},{"damage":0.0,"enemies":"Small Slimes","floor":53.0,"turns":1.0},{"damage":7.0,"enemies":"Jaw Worm","floor":55.0,"turns":2.0},{"damage":0.0,"enemies":"Exordium Thugs","floor":57.0,"turns":2.0},{"damage":14.0,"enemies":"Lagavulin","floor":59.0,"turns":3.0},{"damage":0.0,"enemies":"2 Fungi Beasts","floor":62.0,"turns":1.0},{"damage":29.0,"enemies":"3 Sentries","floor":64.0,"turns":3.0},{"damage":67.0,"enemies":"Hexaghost","floor":67.0,"turns":4.0},{"damage":0.0,"enemies":"Spheric Guardian","floor":69.0,"turns":2.0},{"damage":0.0,"enemies":"3 Byrds","floor":73.0,"turns":2.0},{"damage":0.0,"enemies":"Centurion and Healer","floor":76.0,"turns":6.0},{"damage":0.0,"enemies":"Book of Stabbing","floor":77.0,"turns":2.0},{"damage":0.0,"enemies":"Snecko","floor":78.0,"turns":2.0},{"damage":0.0,"enemies":"Cultist and Chosen","floor":81.0,"turns":4.0},{"damage":0.0,"enemies":"Centurion and Healer","floor":82.0,"turns":4.0},{"damage":41.0,"enemies":"Collector","floor":84.0,"turns":3.0},{"damage":0.0,"enemies":"Flame Bruiser 1 Orb","floor":86.0,"turns":3.0},{"damage":0.0,"enemies":"3 Shapes","floor":88.0,"turns":3.0},{"damage":6.0,"enemies":"Spire Growth","floor":90.0,"turns":2.0},{"damage":0.0,"enemies":"Nemesis","floor":92.0,"turns":3.0},{"damage":0.0,"enemies":"Giant Head","floor":94.0,"turns":3.0},{"damage":0.0,"enemies":"Nemesis","floor":96.0,"turns":3.0},{"damage":0.0,"floor":97.0,"turns":2.0},{"damage":0.0,"floor":98.0,"turns":2.0},{"damage":0.0,"enemies":"Donu and Deca","floor":101.0,"turns":2.0},{"damage":0.0,"enemies":"Jaw Worm","floor":103.0,"turns":1.0},{"damage":0.0,"enemies":"Small Slimes","floor":104.0,"turns":1.0},{"damage":0.0,"enemies":"Cultist","floor":105.0,"turns":2.0},{"damage":0.0,"enemies":"Blue Slaver","floor":107.0,"turns":2.0},{"damage":0.0,"enemies":"3 Sentries","floor":108.0,"turns":1.0},{"damage":0.0,"enemies":"Red Slaver","floor":109.0,"turns":1.0},{"damage":0.0,"enemies":"Gremlin Gang","floor":110.0,"turns":1.0},{"damage":0.0,"enemies":"Gremlin Nob","floor":111.0,"turns":1.0},{"damage":0.0,"enemies":"Lots of Slimes","floor":113.0,"turns":1.0},{"damage":0.0,"enemies":"Exordium Wildlife","floor":115.0,"turns":1.0},{"damage":0.0,"enemies":"Slime Boss","floor":118.0,"turns":2.0},{"damage":0.0,"enemies":"Shell Parasite","floor":120.0,"turns":1.0},{"damage":0.0,"enemies":"Chosen","floor":121.0,"turns":1.0},{"damage":0.0,"enemies":"Snake Plant","floor":127.0,"turns":1.0},{"damage":0.0,"enemies":"Slavers","floor":128.0,"turns":2.0},{"damage":0,"enemies":"Snecko","floor":129,"turns":1},{"damage":0,"enemies":"Centurion and Healer","floor":131,"turns":2},{"damage":0,"enemies":"Gremlin Leader","floor":132,"turns":2},{"damage":0,"enemies":"Automaton","floor":135,"turns":2},{"damage":0,"enemies":"Flame Bruiser 1 Orb","floor":137,"turns":2},{"damage":0,"enemies":"3 Darklings","floor":140,"turns":2},{"damage":0,"enemies":"4 Shapes","floor":141,"turns":1}],"seed_played":"2816006299222697621","potions_obtained":[{"floor":5.0,"key":"PowerPotion"},{"floor":7.0,"key":"Fire Potion"},{"floor":14.0,"key":"Explosive Potion"},{"floor":18.0,"key":"SteroidPotion"},{"floor":20.0,"key":"Energy Potion"},{"floor":24.0,"key":"AttackPotion"},{"floor":30.0,"key":"SkillPotion"},{"floor":39.0,"key":"SpeedPotion"},{"floor":42.0,"key":"Dexterity Potion"},{"floor":45.0,"key":"PowerPotion"},{"floor":55.0,"key":"Explosive Potion"},{"floor":59.0,"key":"PowerPotion"},{"floor":67.0,"key":"Dexterity Potion"},{"floor":73.0,"key":"FocusPotion"},{"floor":82.0,"key":"Regen Potion"},{"floor":84.0,"key":"SteroidPotion"},{"floor":94.0,"key":"SkillPotion"},{"floor":101.0,"key":"AttackPotion"},{"floor":107.0,"key":"FocusPotion"},{"floor":113.0,"key":"SkillPotion"},{"floor":120.0,"key":"AttackPotion"},{"floor":127.0,"key":"Ancient Potion"}],"is_trial":true,"path_per_floor":["M","M","?","?","M","R","M","?","T","M","R","$","M","E","R","B",null,"M","$","M","$","?","R","M","?","T","R","$","R","M","E","R","B",null,"M","?","$","M","M","R","?","M","T","$","E","M","R","E","R","B",null,"M","M","$","M","?","M","R","E","T","R","M","$","E","?","R","B",null,"M","?","$","?","M","R","?","M","E","M","?","R","M","M","R","B",null,"M","?","M","$","M","R","E","R","E","$","E","?","?","$","R","B",null,"M","M","M","$","M","E","M","M","E","R","M","$","M","?","R","B",null,"M","M","?","$","?","R","?","M","E","M","R","M","E","?","R","B",null,"M","?","$","M"],"character_chosen":"DEFECT","items_purchased":["Jack Of All Trades","Loop+1","Defragment+1","BootSequence+1","Redo+1","ClockworkSouvenir","Defragment+1","Membership Card","White Noise+1","Capacitor+1","Defragment+1","Storm+1","Chemical X","Panacea+1","Sadistic Nature+1","Lee\u0027s Waffle","Bird Faced Urn","Incense Burner","Toolbox"],"campfire_rested":0,"item_purchase_floors":[12,54,54,54,54,63,63,71,71,71,89,89,99,106,106,114,123,139,139],"current_hp_per_floor":[71,68,53,53,60,60,60,60,60,51,51,51,57,62,62,57,79,66,66,73,73,89,89,89,89,89,89,89,89,89,91,91,91,91,91,91,91,91,90,90,80,85,85,85,81,78,78,73,73,73,95,95,95,95,95,77,84,84,74,74,74,76,76,56,56,56,35,97,97,97,97,78,80,80,80,89,93,102,102,102,104,104,104,63,104,104,104,104,104,104,104,104,104,106,106,108,110,110,110,110,112,112,112,112,112,112,112,112,112,122,124,124,124,131,131,99,99,131,141,141,141,141,141,151,151,151,151,153,167,167,167,169,169,169,169,169,169,169,169,170,170],"gold":283,"neow_bonus":"","is_prod":false,"is_daily":false,"chose_seed":false,"campfire_upgraded":15,"win_rate":0,"timestamp":1533392072,"path_taken":["M","M","?","?","?","R","M","?","T","M","R","$","M","E","R","BOSS","M","$","M","$","?","R","M","?","T","R","?","R","M","E","R","BOSS","M","?","?","M","M","R","?","M","T","$","E","M","R","E","R","BOSS","M","M","$","M","?","M","R","E","T","R","M","$","E","?","R","BOSS","M","?","$","?","M","R","?","M","E","M","?","R","M","M","R","BOSS","M","?","M","$","M","R","E","R","E","$","E","?","?","?","R","BOSS","M","M","M","$","M","E","M","M","E","R","M","$","M","?","R","BOSS","M","M","?","$","?","R","?","M","E","M","R","M","E","?","R","BOSS","M","?","$","M","M"],"build_version":"2018-08-02","purchased_purges":6,"victory":false,"max_hp_per_floor":[75,75,75,75,75,75,75,75,75,75,75,75,75,77,77,79,79,79,79,79,79,89,89,89,89,89,89,89,89,89,91,91,91,91,91,91,91,91,91,91,91,91,91,91,93,93,93,95,95,95,95,95,95,95,95,95,95,95,97,97,97,97,97,97,97,97,97,97,97,97,97,102,102,102,102,102,104,104,104,104,104,104,104,104,104,104,104,104,104,104,104,104,104,106,106,108,110,110,110,110,112,112,112,112,112,112,112,112,112,122,124,124,124,131,131,131,131,131,141,141,141,141,141,151,151,151,151,153,167,167,167,169,169,169,169,169,169,169,169,170,170],"card_choices":[{"not_picked":["Redo","Rebound","Static Discharge"],"picked":"Singing Bowl","floor":14.0},{"not_picked":["Machine Learning","Multi-Cast","Rainbow"],"picked":"Singing Bowl","floor":16.0},{"not_picked":["All For One","Ball Lightning","Compile Driver+1"],"picked":"Singing Bowl","floor":31.0},{"not_picked":["Reboot+1","Thunder Strike"],"picked":"Amplify+1","floor":33.0},{"not_picked":["Secret Technique+1","Flash of Steel"],"picked":"Panache","floor":41.0},{"not_picked":["Secret Weapon+1","Good Instincts+1"],"picked":"Madness+1","floor":41.0},{"not_picked":["Jack Of All Trades+1","Dark Shackles+1"],"picked":"Panacea+1","floor":41.0},{"not_picked":["Rebound","Go for the Eyes","Heatsinks+1"],"picked":"Singing Bowl","floor":45.0},{"not_picked":["Melter+1","Self Repair","Beam Cell+1"],"picked":"Singing Bowl","floor":48.0},{"not_picked":["Machine Learning+1","Hyperbeam"],"picked":"Echo Form+1","floor":50.0},{"not_picked":["Beam Cell","Tempest+1","Self Repair+1"],"picked":"Singing Bowl","floor":59.0},{"not_picked":["Conserve Battery+1","Compile Driver"],"picked":"Chill+1","floor":64.0},{"not_picked":["Multi-Cast+1","All For One"],"picked":"Biased Cognition+1","floor":67.0},{"not_picked":["Hologram+1","Steam+1","Recycle+1"],"picked":"Singing Bowl","floor":77.0},{"not_picked":["Electrodynamics+1","Hyperbeam"],"picked":"Seek+1","floor":84.0},{"not_picked":["Tempest+1","Hologram+1","Beam Cell"],"picked":"Skim+1","floor":92.0},{"not_picked":["Go for the Eyes","Rebound+1","Compile Driver+1","Reprogram+1"],"picked":"Singing Bowl","floor":94.0},{"not_picked":["Static Discharge+1","Coolheaded+1","Conserve Battery+1","Redo+1"],"picked":"Singing Bowl","floor":96.0},{"not_picked":["Lockon","Coolheaded+1","Rebound+1","Aggregate+1"],"picked":"Singing Bowl","floor":97.0},{"not_picked":["Gash","Rebound","Echo Form+1"],"picked":"Tempest+1","floor":98.0},{"not_picked":["Thunder Strike","All For One","Multi-Cast+1","Amplify+1"],"picked":"Singing Bowl","floor":101.0},{"not_picked":["Go for the Eyes+1","Ball Lightning+1","Turbo+1"],"picked":"Coolheaded+1","floor":108.0},{"not_picked":["Force Field+1","Fusion+1","Hologram+1","Conserve Battery+1"],"picked":"Singing Bowl","floor":111.0},{"not_picked":["Fission+1","Machine Learning+1","Rainbow+1"],"picked":"Reboot+1","floor":118.0},{"not_picked":["Beam Cell+1","Turbo+1","Cold Snap+1","Compile Driver+1"],"picked":"Singing Bowl","floor":119.0},{"not_picked":["Barrage+1","Hologram+1","Stack+1","Compile Driver+1"],"picked":"Singing Bowl","floor":119.0},{"not_picked":["Beam Cell+1","Chaos+1","Sweeping Beam+1","Recycle+1"],"picked":"Singing Bowl","floor":119.0},{"not_picked":["Redo+1","Go for the Eyes+1","Skim+1","Streamline+1"],"picked":"Singing Bowl","floor":119.0},{"not_picked":["Redo+1","Sweeping Beam+1","Cold Snap+1","Undo+1"],"picked":"Singing Bowl","floor":119.0},{"not_picked":["Machine Learning+1","Sunder+1","Barrage+1","Fusion+1"],"picked":"Singing Bowl","floor":128.0},{"not_picked":["Streamline+1","Undo+1","Beam Cell+1","Hologram+1"],"picked":"Singing Bowl","floor":132},{"not_picked":["Seek+1","Amplify+1","Fission+1"],"picked":"Electrodynamics+1","floor":135}],"player_experience":246613,"relics_obtained":[{"floor":1.0,"key":"The Courier"},{"floor":2.0,"key":"Dream Catcher"},{"floor":5.0,"key":"Happy Flower"},{"floor":7.0,"key":"Peace Pipe"},{"floor":9.0,"key":"Singing Bowl"},{"floor":10.0,"key":"Pantograph"},{"floor":13.0,"key":"Gremlin Horn"},{"floor":14.0,"key":"Centennial Puzzle"},{"floor":16.0,"key":"Cables"},{"floor":18.0,"key":"Orichalcum"},{"floor":20.0,"key":"Symbiotic Virus"},{"floor":24.0,"key":"Bottled Lightning"},{"floor":26.0,"key":"MawBank"},{"floor":30.0,"key":"Toxic Egg 2"},{"floor":31.0,"key":"Mummified Hand"},{"floor":33.0,"key":"DataDisk"},{"floor":35.0,"key":"Ornamental Fan"},{"floor":38.0,"key":"Kunai"},{"floor":39.0,"key":"Meat on the Bone"},{"floor":42.0,"key":"Darkstone Periapt"},{"floor":43.0,"key":"Dodecahedron"},{"floor":45.0,"key":"Art of War"},{"floor":46.0,"key":"Regal Pillow"},{"floor":48.0,"key":"Frozen Egg 2"},{"floor":50.0,"key":"Letter Opener"},{"floor":52.0,"key":"Lantern"},{"floor":53.0,"key":"Tiny Chest"},{"floor":55.0,"key":"Bottled Flame"},{"floor":57.0,"key":"Blood Vial"},{"floor":60.0,"key":"Pen Nib"},{"floor":62.0,"key":"Bag of Marbles"},{"floor":67.0,"key":"Juzu Bracelet"},{"floor":69.0,"key":"Bag of Preparation"},{"floor":73.0,"key":"Omamori"},{"floor":76.0,"key":"Vajra"},{"floor":78.0,"key":"War Paint"},{"floor":81.0,"key":"Du-Vu Doll"},{"floor":82.0,"key":"Shuriken"},{"floor":84.0,"key":"Boot"},{"floor":86.0,"key":"Whetstone"},{"floor":88.0,"key":"Question Card"},{"floor":90.0,"key":"Matryoshka"},{"floor":97.0,"key":"Ginger"},{"floor":98.0,"key":"Sundial"},{"floor":101.0,"key":"Unceasing Top"},{"floor":103.0,"key":"Anchor"},{"floor":104.0,"key":"Blue Candle"},{"floor":105.0,"key":"Molten Egg 2"},{"floor":107.0,"key":"Smiling Mask"},{"floor":109.0,"key":"Oddly Smooth Stone"},{"floor":110.0,"key":"Pear"},{"floor":113.0,"key":"Ancient Tea Set"},{"floor":115.0,"key":"Emotion Chip"},{"floor":118.0,"key":"Prayer Wheel"},{"floor":120.0,"key":"Calipers"},{"floor":121.0,"key":"StoneCalendar"},{"floor":127.0,"key":"Torii"},{"floor":129,"key":"Mango"},{"floor":131,"key":"Turnip"},{"floor":135,"key":"Old Coin"},{"floor":137,"key":"Nunchaku"}],"event_choices":[{"event_name":"Shining Light","player_choice":"Entered Light","floor":3.0,"damage_taken":0.0},{"event_name":"Wheel of Change","player_choice":"Card Removal","floor":4.0,"damage_taken":0.0},{"event_name":"FaceTrader","player_choice":"Trade","floor":8.0,"damage_taken":0.0},{"event_name":"Bonfire Elementals","player_choice":"RARE","floor":22.0,"damage_taken":0.0},{"event_name":"The Library","player_choice":"Read","floor":25.0,"damage_taken":0.0},{"event_name":"Tomb of Lord Red Mask","player_choice":"Ignored","floor":36.0,"damage_taken":0.0},{"event_name":"SensoryStone","player_choice":"Memory 3","floor":41.0,"damage_taken":0.0},{"event_name":"Scrap Ooze","player_choice":"success","floor":56.0,"damage_taken":18.0},{"event_name":"The Cleric","player_choice":"Card Removal","floor":65.0,"damage_taken":0.0},{"event_name":"Back to Basics","player_choice":"Elegance","floor":70.0,"damage_taken":0.0},{"event_name":"Forgotten Altar","player_choice":"Shed Blood","floor":72.0,"damage_taken":0.0},{"event_name":"Duplicator","player_choice":"One dupe","floor":75.0,"damage_taken":0.0},{"event_name":"Addict","player_choice":"Obtained Relic","floor":79.0,"damage_taken":0.0},{"event_name":"Tomb of Lord Red Mask","player_choice":"Ignored","floor":87.0,"damage_taken":0.0},{"event_name":"MindBloom","player_choice":"Fight","floor":97.0,"damage_taken":0.0},{"event_name":"Mysterious Sphere","player_choice":"Fight","floor":98.0,"damage_taken":0.0},{"event_name":"Golden Idol","player_choice":"Take Damage","floor":116.0,"damage_taken":0.0},{"event_name":"Purifier","player_choice":"One Purge","floor":122.0,"damage_taken":0.0},{"event_name":"Bonfire Elementals","player_choice":"RARE","floor":124.0,"damage_taken":0.0},{"event_name":"Beggar","player_choice":"Ignored","floor":126.0,"damage_taken":0.0},{"event_name":"Drug Dealer","player_choice":"Ignored","floor":133,"damage_taken":0},{"event_name":"FaceTrader","player_choice":"Trade","floor":138,"damage_taken":0}],"is_beta":false,"boss_relics":[{"not_picked":["Runic Pyramid","Calling Bell"],"picked":"White Beast Statue"},{"not_picked":["Astrolabe","Nuclear Battery"],"picked":"Inserter"},{"not_picked":["Busted Crown","Tiny House"],"picked":"Empty Cage"},{"not_picked":["Calling Bell","Cursed Key"],"picked":"FrozenCore"},{"not_picked":["Tiny House","Black Star"],"picked":"Coffee Dripper"},{"not_picked":["Snecko Eye","Fusion Hammer"],"picked":"Nuclear Battery"},{"not_picked":["Snecko Eye","Runic Dome"],"picked":"Orrery"},{"not_picked":["Tiny House","Pandora\u0027s Box"],"picked":"Fusion Hammer"}],"items_purged_floors":[12,19,21,54,63,89],"is_endless":true,"potions_floor_spawned":[5,7,14,18,20,24,30,31,33,35,38,39,42,45,46,48,50,52,53,55,57,59,62,64,67,69,73,76,77,78,81,82,84,86,88,90,92,94,96,97,98,101,103,104,105,107,108,109,110,111,113,115,118,120,121,127,128,129,131,132,135,137,140],"killed_by":"4 Shapes","ascension_level":0}