{"gold_per_floor":[367,367,367,384,384,400,400,350,350,167,190,204,204,220,220,313,313,327,50,50,50,66,66,79,103,126,126,126,142,160,160],"floor_reached":31,"playtime":1702,"items_purged":["Strike_B","Strike_B"],"score":393,"play_id":"aa58095a-269a-43b2-ab1c-7c78f42b6d98","local_time":"20190521192000","is_ascension_mode":true,"campfire_choices":[{"data":"Doom and Gloom","floor":13,"key":"SMITH"},{"data":"Lockon","floor":15,"key":"SMITH"},{"floor":23,"key":"REST"}],"neow_cost":"TEN_PERCENT_HP_LOSS","seed_source_timestamp":63446980801681,"circlet_count":0,"master_deck":["AscendersBane","Defend_B","Defend_B","Defend_B","Dualcast","Go for the Eyes","Doom and Gloom+1","Steam","Self Repair","Auto Shields","Chill","Lockon+1","Biased Cognition","Darkness","Double Energy","Conserve Battery+1","Genetic Algorithm","Hyperbeam","Conserve Battery","Defragment"],"relics":["Cracked Core","Dodecahedron","Golden Idol","Boot","Lizard Tail","Juzu Bracelet","PreservedInsect"],"potions_floor_usage":[20,22,22,29],"damage_taken":[{"damage":0,"enemies":"2 Louse","floor":1,"turns":2},{"damage":2,"enemies":"Jaw Worm","floor":4,"turns":3},{"damage":5,"enemies":"Small Slimes","floor":6,"turns":3},{"damage":6,"enemies":"2 Fungi Beasts","floor":11,"turns":3},{"damage":9,"enemies":"Exordium Wildlife","floor":12,"turns":3},{"damage":2,"enemies":"Large Slime","floor":14,"turns":4},{"damage":19,"enemies":"The Guardian","floor":16,"turns":13},{"damage":35,"enemies":"3 Byrds","floor":18,"turns":7},{"damage":14,"enemies":"2 Thieves","floor":20,"turns":4},{"damage":4,"enemies":"Chosen and Byrds","floor":22,"turns":8},{"damage":21,"enemies":"3 Cultists","floor":24,"turns":5},{"damage":45,"enemies":"Snake Plant","floor":25,"turns":5},{"damage":9,"enemies":"Cultist and Chosen","floor":29,"turns":5},{"damage":14,"enemies":"Sentry and Sphere","floor":30,"turns":9},{"damage":13,"enemies":"Snecko","floor":31,"turns":3}],"seed_played":"2137378236116271422","potions_obtained":[{"floor":12,"key":"Swift Potion"},{"floor":14,"key":"EssenceOfSteel"},{"floor":20,"key":"Weak Potion"},{"floor":25,"key":"Explosive Potion"},{"floor":29,"key":"SpeedPotion"}],"is_trial":false,"path_per_floor":["M","?","T","M","?","M","?","?","T","$","M","M","R","M","R","B",null,"M","$","M","?","M","R","M","M","T","?","?","M","M","M"],"character_chosen":"DEFECT","items_purchased":["Steam","Self Repair","Juzu Bracelet","Double Energy"],"campfire_rested":1,"item_purchase_floors":[10,10,19,19],"current_hp_per_floor":[64,64,64,62,59,54,59,59,59,59,53,51,51,56,56,44,59,31,31,17,17,20,39,25,20,20,20,20,18,11,0],"gold":160,"neow_bonus":"TWO_FIFTY_GOLD","is_prod":false,"is_daily":false,"chose_seed":false,"campfire_upgraded":2,"win_rate":0,"timestamp":1558491600,"path_taken":["M","?","?","M","?","M","?","?","T","$","M","M","R","?","R","BOSS","M","$","M","?","M","R","M","M","T","?","?","M","M","M"],"build_version":"2019-01-23","purchased_purges":2,"victory":false,"max_hp_per_floor":[64,64,64,64,59,59,64,64,64,64,64,64,64,64,64,64,64,64,64,64,64,64,64,64,64,64,64,64,64,64,64],"card_choices":[{"not_picked":["Turbo","Leap"],"picked":"Go for the Eyes","floor":1},{"not_picked":["Go for the Eyes","Redo"],"picked":"Doom and Gloom","floor":4},{"not_picked":["Coolheaded","Turbo","Skim"],"picked":"SKIP","floor":6},{"not_picked":["Stack","White Noise"],"picked":"Auto Shields","floor":11},{"not_picked":["Fusion","Coolheaded"],"picked":"Chill","floor":12},{"not_picked":["Turbo","Recycle"],"picked":"Lockon","floor":14},{"not_picked":["Thunder Strike","Hyperbeam"],"picked":"Biased Cognition","floor":16},{"not_picked":["Stack","Hologram"],"picked":"Darkness","floor":18},{"not_picked":["Coolheaded","Reinforced Body"],"picked":"Conserve Battery+1","floor":20},{"not_picked":["Leap","Scrape","Go for the Eyes"],"picked":"SKIP","floor":22},{"not_picked":["Chaos","Rebound","Gash+1"],"picked":"SKIP","floor":24},{"not_picked":["Doom and Gloom","Cold Snap+1"],"picked":"Conserve Battery","floor":25},{"not_picked":["Sunder+1","Blizzard"],"picked":"Defragment","floor":29},{"not_picked":["Stack","Cold Snap","Ball Lightning"],"picked":"SKIP","floor":30}],"player_experience":665107,"relics_obtained":[{"floor":3,"key":"Dodecahedron"},{"floor":9,"key":"Boot"},{"floor":26,"key":"PreservedInsect"}],"event_choices":[{"damage_healed":0,"gold_gain":0,"player_choice":"Ignored","damage_taken":0,"max_hp_gain":0,"max_hp_loss":0,"event_name":"Liars Game","floor":2,"gold_loss":0},{"damage_healed":0,"gold_gain":0,"player_choice":"Lose Max HP","damage_taken":0,"relics_obtained":["Golden Idol"],"max_hp_gain":0,"max_hp_loss":5,"event_name":"Golden Idol","floor":5,"gold_loss":0},{"damage_healed":0,"gold_gain":0,"player_choice":"Donut","damage_taken":0,"max_hp_gain":5,"max_hp_loss":0,"event_name":"Big Fish","floor":7,"gold_loss":0},{"cards_removed":["Zap"],"damage_healed":0,"gold_gain":0,"player_choice":"Card Removal","damage_taken":0,"max_hp_gain":0,"max_hp_loss":0,"event_name":"The Cleric","floor":8,"gold_loss":50},{"damage_healed":0,"gold_gain":0,"cards_transformed":["Strike_B","Strike_B"],"player_choice":"Became Test Subject","damage_taken":0,"max_hp_gain":0,"max_hp_loss":0,"event_name":"Drug Dealer","floor":21,"gold_loss":0,"cards_obtained":["Genetic Algorithm","Hyperbeam"]},{"damage_healed":0,"gold_gain":0,"player_choice":"Ignored","damage_taken":0,"max_hp_gain":0,"max_hp_loss":0,"event_name":"The Mausoleum","floor":27,"gold_loss":0},{"cards_removed":["Defend_B"],"damage_healed":0,"gold_gain":0,"player_choice":"Elegance","damage_taken":0,"max_hp_gain":0,"max_hp_loss":0,"event_name":"Back to Basics","floor":28,"gold_loss":0}],"is_beta":false,"boss_relics":[{"not_picked":["Eternal Feather","Busted Crown"],"picked":"Lizard Tail"}],"items_purged_floors":[10,19],"is_endless":false,"potions_floor_spawned":[12,14,16,20,25,29],"killed_by":"Snecko","ascension_level":14}