{"gold_per_floor":[216,230,249,268,280,280,307,307,307,307,307,307,88,99,99,201,201,219,202,212,226,245,272,272,272,272,304,304],"floor_reached":28,"playtime":2027,"items_purged":["Defend_B"],"score":262,"play_id":"b773d967-9abf-4ee5-8fa3-4abb384493f0","local_time":"20190524011244","is_ascension_mode":false,"campfire_choices":[{"data":"Conserve Battery","floor":6,"key":"SMITH"},{"data":"Auto Shields","floor":8,"key":"SMITH"},{"data":"Coolheaded","floor":10,"key":"SMITH"},{"floor":15,"key":"REST"},{"floor":24,"key":"REST"}],"neow_cost":"NONE","seed_source_timestamp":201517337954000,"circlet_count":0,"master_deck":["Strike_B","Strike_B","Strike_B","Strike_B","Defend_B","Defend_B","Defend_B","Zap","Dualcast+1","Coolheaded+1","Auto Shields+1","Conserve Battery+1","Turbo","Barrage","Go for the Eyes+1","Defragment","Machine Learning","Cold Snap+1","Sunder+1","Streamline+1","Auto Shields+1","Conserve Battery+1","Cold Snap","Impatience","Sweeping Beam"],"relics":["Cracked Core","Matryoshka","Centennial Puzzle","Question Card","Peace Pipe","Orichalcum","Juzu Bracelet","Regal Pillow","Bottled Lightning","Toxic Egg 2"],"potions_floor_usage":[16,16,23,23,27],"damage_taken":[{"damage":1,"enemies":"Jaw Worm","floor":1,"turns":3},{"damage":7,"enemies":"Small Slimes","floor":2,"turns":3},{"damage":1,"enemies":"Cultist","floor":3,"turns":3},{"damage":5,"enemies":"3 Louse","floor":4,"turns":4},{"damage":0,"enemies":"Looter","floor":5,"turns":3},{"damage":3,"enemies":"Lagavulin","floor":7,"turns":9},{"damage":0,"enemies":"Blue Slaver","floor":14,"turns":3},{"damage":10,"enemies":"The Guardian","floor":16,"turns":16},{"damage":2,"enemies":"Shell Parasite","floor":18,"turns":13},{"damage":5,"enemies":"2 Thieves","floor":19,"turns":4},{"damage":13,"enemies":"Snake Plant","floor":20,"turns":5},{"damage":3,"enemies":"Centurion and Healer","floor":21,"turns":9},{"damage":10,"enemies":"Sentry and Sphere","floor":22,"turns":6},{"damage":40,"enemies":"Gremlin Leader","floor":23,"turns":12},{"damage":34,"enemies":"Book of Stabbing","floor":27,"turns":8},{"damage":11,"enemies":"Shelled Parasite and Fungi","floor":28,"turns":4}],"seed_played":"7082319851149687474","potions_obtained":[{"floor":1,"key":"SpeedPotion"},{"floor":5,"key":"GamblersBrew"},{"floor":16,"key":"Explosive Potion"},{"floor":19,"key":"SneckoOil"},{"floor":21,"key":"Dexterity Potion"},{"floor":22,"key":"Regen Potion"}],"is_trial":false,"path_per_floor":["M","M","M","M","M","R","E","R","T","R","?","?","$","M","R","B",null,"M","M","M","M","M","E","R","?","T","E","M"],"character_chosen":"DEFECT","items_purchased":["Orichalcum"],"campfire_rested":2,"item_purchase_floors":[13],"current_hp_per_floor":[74,67,66,61,61,61,58,58,58,58,25,10,10,10,32,22,75,73,68,55,52,42,17,39,39,39,5,0],"gold":304,"neow_bonus":"HUNDRED_GOLD","is_prod":false,"is_daily":false,"chose_seed":false,"campfire_upgraded":3,"win_rate":0.0,"timestamp":1558685564,"path_taken":["M","M","M","M","M","R","E","R","T","R","?","?","$","M","R","BOSS","M","M","M","M","M","E","R","?","T","E","M"],"build_version":"2019-01-23","purchased_purges":1,"victory":false,"max_hp_per_floor":[75,75,75,75,75,75,75,75,75,75,75,75,75,75,75,75,75,75,75,75,75,75,75,75,75,75,75,75],"card_choices":[{"not_picked":["Stack","Go for the Eyes"],"picked":"Coolheaded","floor":1},{"not_picked":["Chill","Scrape"],"picked":"Auto Shields","floor":2},{"not_picked":["Sweeping Beam","Creative AI"],"picked":"Conserve Battery","floor":3},{"not_picked":["Conserve Battery","Gash"],"picked":"Turbo","floor":4},{"not_picked":["Rebound","Gash"],"picked":"Barrage","floor":5},{"not_picked":["Ball Lightning","Doom and Gloom"],"picked":"Go for the Eyes","floor":7},{"not_picked":["Turbo","Streamline","Lockon"],"picked":"Defragment","floor":14},{"not_picked":["Seek","Echo Form","Biased Cognition"],"picked":"Machine Learning","floor":16},{"not_picked":["Go for the Eyes","Conserve Battery","BootSequence"],"picked":"Cold Snap+1","floor":18},{"not_picked":["Capacitor","Barrage","Leap+1"],"picked":"Sunder+1","floor":19},{"not_picked":["Go for the Eyes+1","Steam","Force Field+1"],"picked":"Streamline+1","floor":20},{"not_picked":["Go for the Eyes","Echo Form","Stack"],"picked":"Auto Shields+1","floor":21},{"not_picked":["Hello World","Steam Power+1","Turbo"],"picked":"Conserve Battery+1","floor":22},{"not_picked":["Reboot","Stack+1","Hello World"],"picked":"Cold Snap","floor":23},{"not_picked":["Skim","Static Discharge","Barrage"],"picked":"Sweeping Beam","floor":27}],"player_experience":48922,"relics_obtained":[{"floor":7,"key":"Matryoshka"},{"floor":9,"key":"Centennial Puzzle"},{"floor":9,"key":"Question Card"},{"floor":23,"key":"Juzu Bracelet"},{"floor":26,"key":"Regal Pillow"},{"floor":26,"key":"Bottled Lightning"},{"floor":27,"key":"Toxic Egg 2"}],"event_choices":[{"damage_healed":0,"gold_gain":0,"player_choice":"Success","damage_taken":33,"relics_obtained":["Peace Pipe"],"max_hp_gain":0,"max_hp_loss":0,"event_name":"Scrap Ooze","floor":11,"gold_loss":0},{"damage_healed":0,"gold_gain":0,"player_choice":"Entered Light","damage_taken":15,"max_hp_gain":0,"max_hp_loss":0,"event_name":"Shining Light","floor":12,"gold_loss":0,"cards_upgraded":["Go for the Eyes","Dualcast"]},{"damage_healed":0,"gold_gain":0,"player_choice":"1 cards matched","damage_taken":0,"max_hp_gain":0,"max_hp_loss":0,"event_name":"Match and Keep!","floor":25,"gold_loss":0,"cards_obtained":["Impatience"]}],"is_beta":false,"boss_relics":[{"not_picked":["Fusion Hammer","Runic Dome","Ectoplasm"]}],"items_purged_floors":[13],"is_endless":false,"potions_floor_spawned":[1,5,16,19,21,22],"killed_by":"Shelled Parasite and Fungi","ascension_level":0}