{"gold_per_floor":[114,128,78,78,0,25,25,25],"floor_reached":8,"playtime":477,"items_purged":[],"score":59,"play_id":"f1c6cf0e-5fe4-4c45-b0e4-a63cce9bad53","local_time":"20190128042249","is_ascension_mode":true,"campfire_choices":[],"neow_cost":"NONE","seed_source_timestamp":1523308523189331,"circlet_count":0,"master_deck":["Strike_B","Strike_B","Strike_B","Defend_B","Defend_B","Defend_B","Defend_B","Zap","Dualcast","Hologram","Darkness","Gash","Auto Shields","Sweeping Beam","Self Repair","Redo","Regret","Storm","All For One"],"relics":["Orrery","Ancient Tea Set","Pear"],"potions_floor_usage":[],"damage_taken":[{"damage":3,"enemies":"Cultist","floor":1,"turns":3},{"damage":1,"enemies":"Jaw Worm","floor":2,"turns":3},{"damage":58,"enemies":"Gremlin Nob","floor":6,"turns":5},{"damage":39,"enemies":"Lagavulin","floor":8,"turns":7}],"seed_played":"8711723363732989749","potions_obtained":[{"floor":2,"key":"Energy Potion"}],"is_trial":false,"path_per_floor":["M","M","?","?","$","E","$","E"],"character_chosen":"DEFECT","items_purchased":["Storm"],"campfire_rested":0,"item_purchase_floors":[5],"current_hp_per_floor":[72,71,71,71,71,30,30,0],"gold":25,"neow_bonus":"BOSS_RELIC","is_prod":false,"is_daily":false,"chose_seed":false,"campfire_upgraded":0,"win_rate":0,"timestamp":1548667369,"path_taken":["M","?","?","?","$","E","?","E"],"build_version":"2019-01-23","purchased_purges":0,"victory":false,"max_hp_per_floor":[75,75,75,75,75,85,85,85],"card_choices":[{"not_picked":["Chaos","Rebound"],"picked":"Hologram","floor":0},{"not_picked":["Steam Power","Double Energy"],"picked":"Darkness","floor":0},{"not_picked":["Hologram","Streamline"],"picked":"Gash","floor":0},{"not_picked":["Rebound","Turbo"],"picked":"Auto Shields","floor":0},{"not_picked":["Steam","Leap"],"picked":"Sweeping Beam","floor":0},{"not_picked":["Fission","Conserve Battery"],"picked":"Self Repair","floor":1},{"not_picked":["Go for the Eyes","Fusion"],"picked":"Redo","floor":2},{"not_picked":["Cold Snap","Aggregate"],"picked":"All For One","floor":6}],"player_experience":108352,"relics_obtained":[{"floor":6,"key":"Pear"}],"event_choices":[{"cards_removed":["Strike_B"],"damage_healed":0,"gold_gain":0,"player_choice":"Card Removal","damage_taken":0,"max_hp_gain":0,"max_hp_loss":0,"event_name":"The Cleric","floor":3,"gold_loss":50},{"damage_healed":0,"gold_gain":0,"player_choice":"Box","damage_taken":0,"relics_obtained":["Ancient Tea Set"],"max_hp_gain":0,"max_hp_loss":0,"event_name":"Big Fish","floor":4,"gold_loss":0,"cards_obtained":["Regret"]}],"is_beta":false,"boss_relics":[],"items_purged_floors":[],"is_endless":false,"potions_floor_spawned":[2],"killed_by":"Lagavulin","ascension_level":2}