{"gold_per_floor":[117,117,129,54,73,73,88,88,88,88,100,110,110,120,120,219,219,234,252,118,118,44,44,59,59,132,132,7,26,26,44,44,44],"floor_reached":33,"playtime":1898,"items_purged":["Strike_B","Strike_B","Strike_B"],"score":370,"play_id":"1281f975-a898-4d7b-9847-a0d583b54260","local_time":"20190511185353","is_ascension_mode":true,"campfire_choices":[{"floor":6,"key":"REST"},{"data":"Dualcast","floor":13,"key":"SMITH"},{"floor":15,"key":"REST"},{"floor":23,"key":"REST"},{"floor":25,"key":"REST"},{"data":"Loop","floor":27,"key":"SMITH"},{"floor":32,"key":"REST"}],"neow_cost":"NONE","seed_source_timestamp":498325677606475,"circlet_count":0,"master_deck":["AscendersBane","Strike_B","Defend_B","Defend_B","Defend_B","Defend_B","Zap+1","Dualcast+1","Seek","Capacitor","Conserve Battery","Melter","Core Surge","Capacitor","Core Surge","Barrage","FTL","Reinforced Body","Zap+1","Loop+1","Leap+1","FTL"],"relics":["Cracked Core","Mummified Hand","Cables","Darkstone Periapt","Nuclear Battery","Meat on the Bone"],"potions_floor_usage":[7],"damage_taken":[{"damage":2,"enemies":"2 Louse","floor":1,"turns":3},{"damage":1,"enemies":"Cultist","floor":3,"turns":3},{"damage":9,"enemies":"Small Slimes","floor":5,"turns":4},{"damage":0,"enemies":"Exordium Wildlife","floor":7,"turns":2},{"damage":9,"enemies":"Lots of Slimes","floor":11,"turns":4},{"damage":0,"enemies":"2 Fungi Beasts","floor":12,"turns":3},{"damage":10,"enemies":"Exordium Thugs","floor":14,"turns":4},{"damage":24,"enemies":"The Guardian","floor":16,"turns":13},{"damage":23,"enemies":"Shell Parasite","floor":18,"turns":5},{"damage":6,"enemies":"Spheric Guardian","floor":19,"turns":3},{"damage":20,"enemies":"Snake Plant","floor":24,"turns":5},{"damage":0,"enemies":"Sentry and Sphere","floor":29,"turns":4},{"damage":8,"enemies":"Snecko","floor":31,"turns":6},{"damage":83,"enemies":"Automaton","floor":33,"turns":6}],"seed_played":"1640474811452138737","potions_obtained":[{"floor":5,"key":"Explosive Potion"},{"floor":7,"key":"FearPotion"},{"floor":12,"key":"Dexterity Potion"}],"is_trial":false,"path_per_floor":["M","?","M","$","M","R","M","?","T","T","M","M","R","M","R","B",null,"M","M","$","?","$","R","M","R","T","R","$","M","$","M","R","B"],"character_chosen":"DEFECT","items_purchased":["Reinforced Body","Loop"],"campfire_rested":5,"item_purchase_floors":[20,22],"current_hp_per_floor":[66,66,65,65,56,75,75,75,75,75,66,66,66,56,75,51,69,46,40,40,40,40,62,42,64,64,64,64,64,64,56,75,0],"gold":44,"neow_bonus":"ONE_RANDOM_RARE_CARD","is_prod":false,"is_daily":false,"chose_seed":false,"campfire_upgraded":2,"win_rate":0,"timestamp":1557626033,"path_taken":["M","?","M","$","?","R","M","?","T","?","?","M","R","M","R","BOSS","M","M","$","?","$","R","M","R","T","R","?","M","$","M","R","BOSS"],"build_version":"2019-01-23","purchased_purges":3,"victory":false,"max_hp_per_floor":[75,75,75,75,75,75,75,75,75,75,75,75,75,75,75,75,75,75,75,75,75,75,75,75,75,75,75,75,75,75,75,75,75],"card_choices":[{"not_picked":["Turbo","Hologram","Compile Driver"],"picked":"SKIP","floor":1},{"not_picked":["Beam Cell","Stack","Gash"],"picked":"SKIP","floor":3},{"not_picked":["Storm","Static Discharge"],"picked":"Capacitor","floor":5},{"not_picked":["Beam Cell","Compile Driver"],"picked":"Conserve Battery","floor":7},{"not_picked":["Ball Lightning","Hologram"],"picked":"Melter","floor":11},{"not_picked":["Aggregate","Streamline"],"picked":"Core Surge","floor":12},{"not_picked":["Turbo","Compile Driver"],"picked":"Capacitor","floor":14},{"not_picked":["Biased Cognition","Amplify"],"picked":"Core Surge","floor":16},{"not_picked":["Force Field","Chill"],"picked":"Barrage","floor":18},{"not_picked":["Reinforced Body","Cold Snap"],"picked":"FTL","floor":19},{"not_picked":["Darkness+1","Compile Driver"],"picked":"Leap+1","floor":24},{"not_picked":["Coolheaded","Reprogram"],"picked":"FTL","floor":29},{"not_picked":["Barrage","Coolheaded","Hologram"],"picked":"SKIP","floor":31}],"player_experience":465858,"relics_obtained":[{"floor":9,"key":"Cables"},{"floor":10,"key":"Darkstone Periapt"},{"floor":26,"key":"Meat on the Bone"}],"event_choices":[{"damage_healed":0,"gold_gain":0,"player_choice":"Upgraded","damage_taken":0,"max_hp_gain":0,"max_hp_loss":0,"event_name":"Upgrade Shrine","floor":2,"gold_loss":0,"cards_upgraded":["Zap"]},{"damage_healed":0,"gold_gain":0,"player_choice":"Searched \u00271\u0027 times","damage_taken":0,"relics_obtained":["Mummified Hand"],"max_hp_gain":0,"max_hp_loss":0,"event_name":"Dead Adventurer","floor":8,"gold_loss":0},{"damage_healed":0,"gold_gain":0,"player_choice":"Copied","damage_taken":0,"max_hp_gain":0,"max_hp_loss":0,"event_name":"Duplicator","floor":21,"gold_loss":0,"cards_obtained":["Zap"]}],"is_beta":false,"boss_relics":[{"not_picked":["Lizard Tail","Snecko Eye"],"picked":"Nuclear Battery"}],"items_purged_floors":[4,20,28],"is_endless":false,"potions_floor_spawned":[5,7,12,14,19,31],"killed_by":"Automaton","ascension_level":11}