{"gold_per_floor":[111,186,146,14,34,65,65,65,65,65,82,101,101,114,114,188,188,199,6,6,6,22,22,22],"floor_reached":24,"playtime":768,"items_purged":["Steam Power"],"score":378,"play_id":"edefb9cb-a97d-499b-84d8-a3aa45914fb8","local_time":"20190604095933","is_ascension_mode":true,"campfire_choices":[{"data":"Zap","floor":8,"key":"SMITH"},{"data":"Reinforced Body","floor":15,"key":"SMITH"},{"floor":23,"key":"REST"}],"neow_cost":"TEN_PERCENT_HP_LOSS","seed_source_timestamp":27166739153776,"circlet_count":0,"master_deck":["AscendersBane","Strike_B","Defend_B","Defend_B","Defend_B","Defend_B","Zap+1","Dualcast","Core Surge","BootSequence","Ball Lightning","Parasite","Ball Lightning","Compile Driver","Reinforced Body+1","Biased Cognition","Coolheaded","RitualDagger","Cold Snap"],"relics":["Cracked Core","FossilizedHelix","Blue Candle","Lizard Tail","DataDisk"],"potions_floor_usage":[6,16,16],"damage_taken":[{"damage":2,"enemies":"2 Louse","floor":1,"turns":2},{"damage":0,"enemies":"Small Slimes","floor":5,"turns":2},{"damage":11,"enemies":"Gremlin Nob","floor":6,"turns":3},{"damage":0,"enemies":"Cultist","floor":11,"turns":3},{"damage":0,"enemies":"3 Louse","floor":12,"turns":3},{"damage":0,"enemies":"Large Slime","floor":14,"turns":4},{"damage":50,"enemies":"Hexaghost","floor":16,"turns":8},{"damage":31,"enemies":"3 Byrds","floor":18,"turns":4},{"damage":36,"enemies":"Shell Parasite","floor":22,"turns":6},{"damage":42,"enemies":"Slavers","floor":24,"turns":4}],"seed_played":"737857672029878585","potions_obtained":[{"floor":1,"key":"Regen Potion"},{"floor":3,"key":"Fire Potion"},{"floor":11,"key":"PowerPotion"}],"is_trial":false,"path_per_floor":["M","?","?","$","M","E","?","R","T","$","M","M","?","M","R","B",null,"M","$","?","$","M","R","E"],"character_chosen":"DEFECT","items_purchased":["Ball Lightning","DataDisk","Coolheaded"],"campfire_rested":1,"item_purchase_floors":[4,19,19],"current_hp_per_floor":[62,51,51,51,51,40,56,56,56,56,56,56,56,56,56,20,53,22,22,16,16,20,39,0],"gold":22,"neow_bonus":"TRANSFORM_TWO_CARDS","is_prod":false,"is_daily":false,"chose_seed":false,"campfire_upgraded":2,"win_rate":0,"timestamp":1559667573,"path_taken":["M","?","?","$","?","E","?","R","T","$","M","M","?","M","R","BOSS","M","$","?","$","M","R","E"],"build_version":"2019-01-23","purchased_purges":1,"victory":false,"max_hp_per_floor":[64,64,64,64,64,64,64,64,64,64,64,64,64,64,64,64,64,64,64,64,64,64,64,64],"card_choices":[{"not_picked":["Sweeping Beam","Coolheaded"],"picked":"BootSequence","floor":1},{"not_picked":["Darkness","Hologram","Coolheaded"],"picked":"SKIP","floor":5},{"not_picked":["Turbo","Heatsinks","Redo"],"picked":"SKIP","floor":6},{"not_picked":["Turbo","Heatsinks","Redo"],"picked":"SKIP","floor":6},{"not_picked":["Coolheaded","Streamline"],"picked":"Ball Lightning","floor":11},{"not_picked":["Barrage","Lockon","Compile Driver"],"picked":"SKIP","floor":12},{"not_picked":["Sunder","Cold Snap"],"picked":"Reinforced Body","floor":14},{"not_picked":["Meteor Strike","Rainbow"],"picked":"Biased Cognition","floor":16},{"not_picked":["Turbo","Go for the Eyes","Sweeping Beam"],"picked":"SKIP","floor":18},{"not_picked":["Consume","Storm"],"picked":"Cold Snap","floor":22}],"player_experience":822221,"relics_obtained":[{"floor":6,"key":"FossilizedHelix"},{"floor":9,"key":"Blue Candle"}],"event_choices":[{"damage_healed":0,"gold_gain":75,"player_choice":"Gather Gold","damage_taken":11,"max_hp_gain":0,"max_hp_loss":0,"event_name":"World of Goop","floor":2,"gold_loss":0},{"damage_healed":0,"gold_gain":0,"player_choice":"Bought 3 Potions","damage_taken":0,"max_hp_gain":0,"max_hp_loss":0,"event_name":"The Woman in Blue","floor":3,"gold_loss":0},{"damage_healed":16,"gold_gain":0,"player_choice":"Healed and dodged fight","damage_taken":0,"max_hp_gain":0,"max_hp_loss":0,"event_name":"Mushrooms","floor":7,"gold_loss":0,"cards_obtained":["Parasite"]},{"damage_healed":0,"gold_gain":0,"cards_transformed":["Strike_B"],"player_choice":"Transformed","damage_taken":0,"max_hp_gain":0,"max_hp_loss":0,"event_name":"Transmorgrifier","floor":13,"gold_loss":0,"cards_obtained":["Compile Driver"]},{"damage_healed":0,"gold_gain":0,"player_choice":"Joined the Cult","damage_taken":6,"max_hp_gain":0,"max_hp_loss":0,"event_name":"Nest","floor":20,"gold_loss":0,"cards_obtained":["RitualDagger"]}],"is_beta":false,"boss_relics":[{"not_picked":["White Beast Statue","Fusion Hammer"],"picked":"Lizard Tail"}],"items_purged_floors":[4],"is_endless":false,"potions_floor_spawned":[1,5,11,12],"killed_by":"Slavers","ascension_level":19}