{"gold_per_floor":[115,125,136,136,150,150,179,179,204,204,204,223,223,239,239,340,340,357,373,373,383,393,437,449,480,492,532,544,570,582,614,626,734,746],"floor_reached":34,"playtime":1533,"items_purged":[],"score":496,"play_id":"bb84e84c-1a2b-4fae-be34-c3d8ad2291ad","local_time":"20180728172021","daily_mods":["Draft","Heirloom","Time Dilation","Vintage"],"is_ascension_mode":false,"campfire_choices":[{"data":"White Noise","floor":6,"key":"SMITH"},{"data":"Genetic Algorithm","floor":10,"key":"SMITH"},{"data":"Double Energy","floor":13,"key":"SMITH"},{"data":"Defragment","floor":15,"key":"SMITH"},{"data":"Defragment","floor":24,"key":"SMITH"},{"data":"Defragment","floor":32,"key":"SMITH"}],"neow_cost":"","seed_source_timestamp":0,"circlet_count":0,"master_deck":["Chill+1","Genetic Algorithm+1","Sunder","Steam","Ball Lightning+1","Cold Snap","White Noise+1","Beam Cell","Double Energy+1","Defragment+1","Defragment+1","Glacier+1","Capacitor","Coolheaded","Redo","Creative AI","Conserve Battery","Go for the Eyes","Beam Cell+1","Self Repair","Defragment+1","Rip and Tear+1","Double Energy+1","Core Surge"],"relics":["Cracked Core","Nunchaku","Blood Vial","Centennial Puzzle","Boot","Lantern","Omamori","Anchor","The Courier","Bottled Flame","Bag of Preparation","Orrery","Singing Bowl","Ornamental Fan","Dead Branch","MawBank","Shuriken","Art of War","Oddly Smooth Stone","Whetstone","Bronze Scales","Bottled Lightning","Meat on the Bone","Astrolabe"],"potions_floor_usage":[7,22,22,22],"damage_taken":[{"damage":0,"enemies":"Cultist","floor":1,"turns":3},{"damage":0,"enemies":"Small Slimes","floor":2,"turns":2},{"damage":0,"enemies":"2 Louse","floor":3,"turns":3},{"damage":1,"enemies":"Blue Slaver","floor":5,"turns":3},{"damage":0,"enemies":"Gremlin Nob","floor":7,"turns":3},{"damage":0,"enemies":"Exordium Thugs","floor":12,"turns":5},{"damage":0,"enemies":"Large Slime","floor":14,"turns":5},{"damage":0,"enemies":"Slime Boss","floor":16,"turns":5},{"damage":5,"enemies":"Spheric Guardian","floor":18,"turns":4},{"damage":0,"enemies":"Chosen","floor":19,"turns":2},{"damage":0,"enemies":"Slaver and Parasite","floor":21,"turns":8},{"damage":0,"enemies":"Snake Plant","floor":22,"turns":1},{"damage":0,"enemies":"Slavers","floor":23,"turns":6},{"damage":0,"enemies":"Snecko","floor":25,"turns":6},{"damage":1,"enemies":"Book of Stabbing","floor":27,"turns":3},{"damage":0,"enemies":"Sentry and Sphere","floor":29,"turns":6},{"damage":0,"enemies":"Cultist and Chosen","floor":31,"turns":3},{"damage":23,"enemies":"Automaton","floor":33,"turns":9}],"seed_played":"-767660314628226044","potions_obtained":[{"floor":2,"key":"AttackPotion"},{"floor":3,"key":"Fire Potion"},{"floor":7,"key":"EssenceOfSteel"},{"floor":14,"key":"SkillPotion"},{"floor":22,"key":"Fire Potion"},{"floor":25,"key":"SneckoOil"},{"floor":31,"key":"SteroidPotion"}],"is_trial":true,"path_per_floor":["M","M","M","?","M","R","E","?","T","R","?","M","R","M","R","B",null,"M","M","?","M","M","E","R","M","T","E","$","M","?","M","R","B"],"character_chosen":"DEFECT","items_purchased":[],"campfire_rested":0,"item_purchase_floors":[],"current_hp_per_floor":[75,75,75,68,69,69,71,71,71,71,71,73,73,75,75,75,75,75,75,75,75,75,75,75,75,75,74,74,75,75,75,75,52,52],"gold":746,"neow_bonus":"","is_prod":false,"is_daily":false,"chose_seed":false,"campfire_upgraded":6,"win_rate":0,"timestamp":1532766021,"path_taken":["M","M","M","?","M","R","E","?","T","R","?","?","R","M","R","BOSS","M","M","?","M","M","E","R","M","T","E","$","M","?","M","R","BOSS"],"build_version":"2018-07-26","purchased_purges":0,"victory":false,"max_hp_per_floor":[75,75,75,75,75,75,75,75,75,75,75,75,75,75,75,75,75,75,75,75,75,75,75,75,75,75,75,75,75,75,75,75,75,75],"card_choices":[{"not_picked":["Steam","Self Repair"],"picked":"Chill","floor":0},{"not_picked":["Redo","Barrage"],"picked":"Genetic Algorithm","floor":0},{"not_picked":["Skim","Beam Cell"],"picked":"Sunder","floor":0},{"not_picked":["Gash","Barrage"],"picked":"Steam","floor":0},{"not_picked":["Chaos","Gash"],"picked":"Ball Lightning","floor":0},{"not_picked":["Sweeping Beam","Genetic Algorithm"],"picked":"Cold Snap","floor":0},{"not_picked":["Static Discharge","Compile Driver"],"picked":"White Noise","floor":0},{"not_picked":["Cold Snap","Tempest"],"picked":"Beam Cell","floor":0},{"not_picked":["Redo","Stack"],"picked":"Double Energy","floor":0},{"not_picked":["Redo","Compile Driver"],"picked":"Defragment","floor":0},{"not_picked":["Scrape","Steam"],"picked":"Melter","floor":0},{"not_picked":["Compile Driver","Turbo"],"picked":"Defragment","floor":0},{"not_picked":["Rebound","Ball Lightning"],"picked":"Glacier","floor":0},{"not_picked":["Undo","Redo"],"picked":"Capacitor","floor":0},{"not_picked":["Rebound","Steam"],"picked":"Coolheaded","floor":0},{"not_picked":["Genetic Algorithm","Go for the Eyes"],"picked":"Redo","floor":7},{"not_picked":["All For One","Electrodynamics"],"picked":"Creative AI","floor":16},{"not_picked":["Sunder","Barrage"],"picked":"Conserve Battery","floor":17},{"not_picked":["Undo","Sweeping Beam"],"picked":"Go for the Eyes","floor":17},{"not_picked":["Capacitor","Leap"],"picked":"Beam Cell","floor":17},{"not_picked":["Cold Snap","Capacitor"],"picked":"Self Repair","floor":17},{"not_picked":["Barrage","Steam"],"picked":"Defragment","floor":17},{"not_picked":["Fission","Gash+1"],"picked":"Rip and Tear+1","floor":23},{"not_picked":["Coolheaded","Darkness"],"picked":"Double Energy+1","floor":27},{"not_picked":["Meteor Strike","Multi-Cast"],"picked":"Core Surge","floor":33}],"player_experience":245080,"relics_obtained":[{"floor":1,"key":"Blood Vial"},{"floor":2,"key":"Centennial Puzzle"},{"floor":3,"key":"Boot"},{"floor":5,"key":"Lantern"},{"floor":7,"key":"Omamori"},{"floor":9,"key":"Anchor"},{"floor":12,"key":"The Courier"},{"floor":14,"key":"Bottled Flame"},{"floor":16,"key":"Bag of Preparation"},{"floor":18,"key":"Singing Bowl"},{"floor":19,"key":"Ornamental Fan"},{"floor":21,"key":"Dead Branch"},{"floor":22,"key":"MawBank"},{"floor":23,"key":"Shuriken"},{"floor":25,"key":"Art of War"},{"floor":26,"key":"Oddly Smooth Stone"},{"floor":27,"key":"Whetstone"},{"floor":29,"key":"Bronze Scales"},{"floor":31,"key":"Bottled Lightning"},{"floor":33,"key":"Meat on the Bone"}],"event_choices":[{"event_name":"Golden Wing","player_choice":"Card Removal","floor":4,"damage_taken":0},{"event_name":"Upgrade Shrine","player_choice":"Upgraded","floor":8,"damage_taken":0},{"event_name":"Living Wall","player_choice":"Grow","floor":11,"damage_taken":0},{"event_name":"Drug Dealer","player_choice":"Ignored","floor":20,"damage_taken":0},{"event_name":"Ghosts","player_choice":"Ignored","floor":30,"damage_taken":0}],"is_beta":false,"boss_relics":[{"not_picked":["Runic Dome","Cursed Key"],"picked":"Orrery"},{"not_picked":["Black Star","Runic Pyramid"],"picked":"Astrolabe"}],"items_purged_floors":[],"is_endless":true,"potions_floor_spawned":[2,3,7,14,19,21,22,25,31,33],"ascension_level":0}