{"gold_per_floor":[122,134,146,182,205,243,255,298,360,404,427,514,546,620,632,747,759,696,708,582,582,148,148,164,164,164,199,199,233,243,253,253,348,348,360,378,378,59,74,74,103,103,103,103,120,120,146,164,164,164,164,164,37,64,64],"floor_reached":56,"playtime":3333,"items_purged":["Strike_G","Strike_G","Strike_G","Strike_G"],"score":1286,"play_id":"c5f41fa9-d2fa-4199-a8bb-a18cf3901c4f","local_time":"20190508174652","is_ascension_mode":true,"campfire_choices":[{"data":"Footwork","floor":7.0,"key":"SMITH"},{"data":"Neutralize","floor":15.0,"key":"SMITH"},{"data":"Secret Technique","floor":23,"key":"SMITH"},{"floor":25,"key":"RECALL"},{"floor":32,"key":"REST"},{"data":"Apotheosis","floor":40,"key":"SMITH"},{"data":"Deadly Poison","floor":44,"key":"SMITH"},{"data":"Defend_G","floor":46,"key":"SMITH"},{"data":"Escape Plan","floor":49,"key":"SMITH"},{"data":"Footwork","floor":52,"key":"SMITH"}],"neow_cost":"NONE","seed_source_timestamp":67649358208411,"circlet_count":0,"master_deck":["Defend_G","Defend_G","Defend_G","Defend_G+1","Survivor","Neutralize+1","Footwork+1","Dagger Spray","Leg Sweep","Riddle With Holes","Acrobatics","Wraith Form v2","Blur","Blur","Well Laid Plans","Deadly Poison+1","Backflip","Secret Technique+1","Blur","Dodge and Roll+1","Footwork","After Image","Backflip+1","Apotheosis+1","Footwork+1","Dagger Spray+1","Escape Plan+1","Well Laid Plans","Acrobatics+1"],"special_seed":0,"relics":["Ring of the Snake","MawBank","Orichalcum","Smiling Mask","Boot","Ancient Tea Set","Bottled Tornado","Tiny Chest","Philosopher\u0027s Stone","Nilry\u0027s Codex","Vajra","Regal Pillow","Pantograph","Bronze Scales","Coffee Dripper","Bottled Lightning","Ninja Scroll","Oddly Smooth Stone","Bag of Preparation"],"potions_floor_usage":[16,33,33,41,48,50,55],"damage_taken":[{"damage":0.0,"enemies":"2 Louse","floor":1.0,"turns":3.0},{"damage":0.0,"enemies":"Jaw Worm","floor":5.0,"turns":4.0},{"damage":15.0,"enemies":"Gremlin Nob","floor":6.0,"turns":6.0},{"damage":5.0,"enemies":"3 Sentries","floor":8.0,"turns":11.0},{"damage":9.0,"enemies":"Lagavulin","floor":10.0,"turns":12.0},{"damage":0.0,"enemies":"Cultist","floor":11.0,"turns":3.0},{"damage":1.0,"enemies":"2 Fungi Beasts","floor":13.0,"turns":3.0},{"damage":12.0,"enemies":"Gremlin Nob","floor":14.0,"turns":5.0},{"damage":2,"enemies":"The Guardian","floor":16,"turns":9},{"damage":0,"enemies":"2 Thieves","floor":18,"turns":5},{"damage":8,"enemies":"Spheric Guardian","floor":24,"turns":6},{"damage":0,"enemies":"Book of Stabbing","floor":27,"turns":8},{"damage":24,"enemies":"Gremlin Leader","floor":29,"turns":12},{"damage":0,"enemies":"Snake Plant","floor":30,"turns":4},{"damage":0,"enemies":"Snecko","floor":31,"turns":7},{"damage":16,"enemies":"Automaton","floor":33,"turns":15},{"damage":11,"enemies":"3 Shapes","floor":35,"turns":7},{"damage":0,"enemies":"3 Darklings","floor":36,"turns":8},{"damage":6,"enemies":"Sphere and 2 Shapes","floor":39,"turns":6},{"damage":9,"enemies":"Reptomancer","floor":41,"turns":10},{"damage":0,"enemies":"4 Shapes","floor":45,"turns":3},{"damage":0,"enemies":"Maw","floor":48,"turns":9},{"damage":18,"enemies":"Awakened One","floor":50,"turns":18},{"damage":1,"enemies":"Shield and Spear","floor":54,"turns":9},{"damage":37,"enemies":"The Heart","floor":55,"turns":18}],"seed_played":"1748357202265476901","potions_obtained":[{"floor":5.0,"key":"AttackPotion"},{"floor":6.0,"key":"Strength Potion"},{"floor":10.0,"key":"Ancient Potion"},{"floor":13.0,"key":"SmokeBomb"},{"floor":14.0,"key":"PowerPotion"},{"floor":24,"key":"Weak Potion"},{"floor":30,"key":"EssenceOfSteel"},{"floor":35,"key":"SteroidPotion"},{"floor":39,"key":"Explosive Potion"},{"floor":41,"key":"Regen Potion"}],"is_trial":false,"path_per_floor":["M","?","?","T","M","E","R","E","T","E","M","?","M","E","R","B",null,"M","?","$","?","$","R","M","R","T","E","T","E","M","M","R","B",null,"M","M","?","$","M","R","E","?","T","R","M","R","T","M","R","B",null,"R","$","E","B",null],"character_chosen":"THE_SILENT","items_purchased":["Well Laid Plans","Deadly Poison","Vajra","Backflip","Secret Technique","Apotheosis","Footwork","Well Laid Plans"],"campfire_rested":1,"item_purchase_floors":[20,20,22,22,22,38,38,53],"current_hp_per_floor":[70,63,68,68,68,53,53,48,48,39,39,28,27,15,15,13,75,75,75,75,59,59,59,51,51,51,51,51,27,27,27,64,59,75,64,64,64,64,58,58,49,49,49,49,49,49,49,64,64,57,75,75,75,74,38],"gold":64,"neow_bonus":"RANDOM_COMMON_RELIC","is_prod":false,"is_daily":false,"chose_seed":false,"campfire_upgraded":8,"win_rate":0,"timestamp":1557312412,"path_taken":["M","?","?","?","?","E","R","E","T","E","M","?","M","E","R","BOSS","M","?","$","?","$","R","M","R","T","E","?","E","M","M","R","BOSS","M","M","?","$","M","R","E","?","T","R","M","R","?","?","R","BOSS","R","$","E","BOSS"],"build_version":"2019-01-23","purchased_purges":4,"victory":true,"max_hp_per_floor":[70,70,75,75,75,75,75,75,75,75,75,75,75,75,75,75,75,75,75,75,75,75,75,75,75,75,75,75,75,75,75,75,75,75,75,75,75,75,75,75,75,75,75,75,75,75,75,75,75,75,75,75,75,75,75],"card_choices":[{"not_picked":["Flying Knee","Flechettes","Blade Dance"],"picked":"SKIP","floor":1.0},{"not_picked":["Slice","Poisoned Stab"],"picked":"Footwork","floor":5.0},{"not_picked":["Eviscerate","Quick Slash"],"picked":"Dagger Spray","floor":6.0},{"not_picked":["Outmaneuver","Deadly Poison"],"picked":"Leg Sweep","floor":8.0},{"not_picked":["Acrobatics","Finisher"],"picked":"Riddle With Holes","floor":10.0},{"not_picked":["Flying Knee","Acrobatics","Accuracy"],"picked":"SKIP","floor":11.0},{"not_picked":["Flying Knee","Accuracy"],"picked":"Acrobatics","floor":11.0},{"not_picked":["Bane","Acrobatics","Slice"],"picked":"SKIP","floor":13.0},{"not_picked":["Setup","Catalyst","Tactician"],"picked":"SKIP","floor":14.0},{"not_picked":["Corpse Explosion","A Thousand Cuts"],"picked":"Wraith Form v2","floor":16},{"not_picked":["Sucker Punch","Distraction"],"picked":"Blur","floor":18},{"not_picked":["Outmaneuver","Quick Slash+1"],"picked":"Blur","floor":24},{"not_picked":["PiercingWail+1","Slice+1","Prepared"],"picked":"SKIP","floor":27},{"not_picked":["Accuracy","Bane"],"picked":"Dodge and Roll+1","floor":29},{"not_picked":["Deadly Poison+1","Dagger Spray"],"picked":"Footwork","floor":30},{"not_picked":["Endless Agony+1","Calculated Gamble","Catalyst"],"picked":"SKIP","floor":31},{"not_picked":["Tools of the Trade","Unload"],"picked":"After Image","floor":33},{"not_picked":["Choke","Dodge and Roll+1"],"picked":"Backflip+1","floor":35},{"not_picked":["Infinite Blades","Acrobatics+1","Deflect"],"picked":"SKIP","floor":36},{"not_picked":["Flechettes","Quick Slash+1","Blade Dance"],"picked":"SKIP","floor":39},{"not_picked":["Underhanded Strike+1","Calculated Gamble"],"picked":"Dagger Spray+1","floor":41},{"not_picked":["Flying Knee","Blade Dance+1","Dagger Spray"],"picked":"SKIP","floor":45},{"not_picked":["Backflip","Tools of the Trade"],"picked":"Escape Plan","floor":48},{"not_picked":["PiercingWail+1","Dodge and Roll+1"],"picked":"Acrobatics+1","floor":54}],"player_experience":473238,"relics_obtained":[{"floor":4.0,"key":"Orichalcum"},{"floor":6.0,"key":"Smiling Mask"},{"floor":8.0,"key":"Boot"},{"floor":9.0,"key":"Ancient Tea Set"},{"floor":10.0,"key":"Bottled Tornado"},{"floor":14.0,"key":"Tiny Chest"},{"floor":21,"key":"Nilry\u0027s Codex"},{"floor":27,"key":"Regal Pillow"},{"floor":28,"key":"Pantograph"},{"floor":29,"key":"Bronze Scales"},{"floor":41,"key":"Bottled Lightning"},{"floor":43,"key":"Ninja Scroll"},{"floor":47,"key":"Oddly Smooth Stone"},{"floor":54,"key":"Bag of Preparation"}],"event_choices":[{"cards_removed":["Strike_G"],"damage_healed":0.0,"max_hp_gain":0.0,"max_hp_loss":0.0,"gold_gain":0.0,"event_name":"Golden Wing","player_choice":"Card Removal","floor":2.0,"gold_loss":0.0,"damage_taken":7.0},{"damage_healed":0.0,"max_hp_gain":5.0,"max_hp_loss":0.0,"gold_gain":0.0,"event_name":"Big Fish","player_choice":"Donut","floor":3.0,"gold_loss":0.0,"damage_taken":0.0},{"damage_healed":0.0,"max_hp_gain":0.0,"max_hp_loss":0.0,"gold_gain":75.0,"event_name":"World of Goop","player_choice":"Gather Gold","floor":12.0,"gold_loss":0.0,"damage_taken":11.0},{"damage_healed":0,"gold_gain":0,"player_choice":"Read","damage_taken":0,"max_hp_gain":0,"max_hp_loss":0,"event_name":"The Library","floor":19,"gold_loss":0,"cards_obtained":["Blur"]},{"damage_healed":0,"gold_gain":0,"player_choice":"Obtained Book","damage_taken":16,"max_hp_gain":0,"max_hp_loss":0,"event_name":"Cursed Tome","floor":21,"gold_loss":0},{"damage_healed":0,"gold_gain":0,"player_choice":"Ignored","damage_taken":0,"max_hp_gain":0,"max_hp_loss":0,"event_name":"Mysterious Sphere","floor":37,"gold_loss":0},{"cards_removed":["Defend_G"],"damage_healed":0,"gold_gain":0,"player_choice":"Removed Skill","damage_taken":0,"max_hp_gain":0,"max_hp_loss":0,"event_name":"Falling","floor":42,"gold_loss":0}],"is_beta":false,"boss_relics":[{"not_picked":["Pandora\u0027s Box","Ectoplasm"],"picked":"Philosopher\u0027s Stone"},{"not_picked":["Eternal Feather","Snecko Eye"],"picked":"Coffee Dripper"}],"items_purged_floors":[20,22,38,53],"is_endless":false,"potions_floor_spawned":[5,6,10,13,14,24,27,30,35,39,41],"ascension_level":1}