{"gold_per_floor":[12,12,12,26,41,41,66,66,89,164,178,178,33,48,48,48],"floor_reached":16,"playtime":442,"items_purged":["Defend_G"],"score":100,"play_id":"2805953f-84c0-481c-aab2-e89810af119b","local_time":"20190323181745","is_ascension_mode":false,"campfire_choices":[{"data":"Bouncing Flask","floor":6,"key":"SMITH"},{"data":"Neutralize","floor":8,"key":"SMITH"},{"data":"Slice","floor":12,"key":"SMITH"},{"data":"Backflip","floor":15,"key":"SMITH"}],"neow_cost":"NO_GOLD","seed_source_timestamp":162314493111472,"circlet_count":0,"master_deck":["Defend_G","Defend_G","Defend_G","Defend_G","Strike_G","Strike_G","Strike_G","Survivor","Neutralize+1","Backstab","Bouncing Flask+1","Slice+1","Backstab","Footwork","Backflip+1"],"relics":["Ring of the Snake","Orichalcum","Happy Flower"],"potions_floor_usage":[7],"damage_taken":[{"damage":0,"enemies":"2 Louse","floor":1,"turns":3},{"damage":5,"enemies":"Cultist","floor":4,"turns":6},{"damage":3,"enemies":"Jaw Worm","floor":5,"turns":3},{"damage":3,"enemies":"Gremlin Nob","floor":7,"turns":4},{"damage":1,"enemies":"2 Fungi Beasts","floor":11,"turns":2},{"damage":0,"enemies":"3 Louse","floor":14,"turns":2},{"damage":52,"enemies":"Slime Boss","floor":16,"turns":11}],"seed_played":"-3464756782121655848","potions_obtained":[{"floor":2,"key":"Energy Potion"},{"floor":2,"key":"SpeedPotion"},{"floor":2,"key":"SteroidPotion"},{"floor":7,"key":"SpeedPotion"}],"is_trial":false,"path_per_floor":["M","?","$","M","M","R","E","R","T","?","M","R","$","M","R","B"],"character_chosen":"THE_SILENT","items_purchased":["Footwork"],"campfire_rested":0,"item_purchase_floors":[13],"current_hp_per_floor":[70,70,70,65,62,62,59,59,59,48,47,47,47,47,47,0],"gold":48,"neow_bonus":"REMOVE_TWO","is_prod":false,"is_daily":false,"chose_seed":false,"campfire_upgraded":4,"win_rate":0,"timestamp":1553332665,"path_taken":["M","?","?","M","M","R","E","R","T","?","M","R","?","M","R","BOSS"],"build_version":"2019-01-23","purchased_purges":1,"victory":false,"max_hp_per_floor":[70,70,70,70,70,70,70,70,70,70,70,70,70,70,70,70],"card_choices":[{"not_picked":["Flying Knee","PiercingWail"],"picked":"Backstab","floor":1},{"not_picked":["Dodge and Roll","Masterful Stab"],"picked":"Bouncing Flask","floor":4},{"not_picked":["Sucker Punch","Dagger Throw"],"picked":"Slice","floor":5},{"not_picked":["Setup","Infinite Blades"],"picked":"Backstab","floor":7},{"not_picked":["Cloak And Dagger","Flechettes","Dagger Throw"],"picked":"SKIP","floor":11},{"not_picked":["Skewer","PiercingWail"],"picked":"Backflip","floor":14}],"player_experience":364554,"relics_obtained":[{"floor":7,"key":"Orichalcum"},{"floor":9,"key":"Happy Flower"}],"event_choices":[{"damage_healed":0,"gold_gain":0,"player_choice":"Got Potions","damage_taken":0,"max_hp_gain":0,"max_hp_loss":0,"event_name":"Lab","floor":2,"gold_loss":0},{"damage_healed":0,"gold_gain":75,"player_choice":"Gather Gold","damage_taken":11,"max_hp_gain":0,"max_hp_loss":0,"event_name":"World of Goop","floor":10,"gold_loss":0}],"is_beta":false,"boss_relics":[],"items_purged_floors":[13],"is_endless":false,"potions_floor_spawned":[7,14],"killed_by":"Slime Boss","ascension_level":0}