{"gold_per_floor":[117,117,117,129,144,176,176,205,205,225,225,81,97,115,115,219,219,231,32,42,55,55,55],"floor_reached":23,"playtime":831,"items_purged":["Strike_R"],"score":203,"play_id":"4aa9371f-f9ad-4976-bd2d-ecdff8de2c65","local_time":"20190127142831","is_ascension_mode":false,"campfire_choices":[{"floor":7,"key":"DIG"},{"floor":11,"key":"REST"},{"floor":15,"key":"REST"}],"neow_cost":"NONE","seed_source_timestamp":183446219840949,"circlet_count":0,"master_deck":["Strike_R","Strike_R","Strike_R","Strike_R","Defend_R","Defend_R","Defend_R","Defend_R","Bash","Shrug It Off","Hemokinesis","Rupture","Flex","Shrug It Off","Metallicize","Clothesline","Armaments","Demon Form","Spot Weakness+1","Dropkick+1","PanicButton","Inflame"],"relics":["Burning Blood","NeowsBlessing","Centennial Puzzle","Shovel","Ancient Tea Set","Potion Belt","Shuriken","Philosopher\u0027s Stone","Lee\u0027s Waffle"],"potions_floor_usage":[8,8,8,8,16,18,18,23],"damage_taken":[{"damage":0,"enemies":"Cultist","floor":1,"turns":1},{"damage":0,"enemies":"Small Slimes","floor":4,"turns":1},{"damage":0,"enemies":"2 Louse","floor":5,"turns":1},{"damage":37,"enemies":"Lagavulin","floor":6,"turns":6},{"damage":35,"enemies":"3 Sentries","floor":8,"turns":10},{"damage":11,"enemies":"Red Slaver","floor":10,"turns":5},{"damage":7,"enemies":"Blue Slaver","floor":13,"turns":4},{"damage":10,"enemies":"2 Fungi Beasts","floor":14,"turns":4},{"damage":27,"enemies":"Slime Boss","floor":16,"turns":8},{"damage":37,"enemies":"3 Byrds","floor":18,"turns":7},{"damage":11,"enemies":"Shell Parasite","floor":20,"turns":4},{"damage":31,"enemies":"Sentry and Sphere","floor":21,"turns":7},{"damage":73,"enemies":"Gremlin Leader","floor":23,"turns":4}],"seed_played":"2673573516131715404","potions_obtained":[{"floor":3,"key":"PowerPotion"},{"floor":3,"key":"SteroidPotion"},{"floor":3,"key":"SneckoOil"},{"floor":5,"key":"EntropicBrew"},{"floor":8,"key":"Strength Potion"},{"floor":13,"key":"Explosive Potion"},{"floor":14,"key":"SteroidPotion"},{"floor":21,"key":"Strength Potion"}],"is_trial":false,"path_per_floor":["M","?","?","M","M","E","R","E","T","M","R","$","M","M","R","B",null,"M","$","M","M","?","E"],"character_chosen":"IRONCLAD","items_purchased":["Metallicize","Lee\u0027s Waffle"],"campfire_rested":2,"item_purchase_floors":[12,19],"current_hp_per_floor":[80,62,62,68,74,43,43,14,14,9,33,33,32,28,52,31,80,49,87,82,57,57,0],"gold":55,"neow_bonus":"THREE_ENEMY_KILL","is_prod":false,"is_daily":false,"chose_seed":false,"campfire_upgraded":0,"win_rate":0,"timestamp":1548595711,"path_taken":["M","?","?","?","M","E","R","E","T","M","R","$","?","M","R","BOSS","M","?","?","?","?","E"],"build_version":"2019-01-23","purchased_purges":1,"victory":false,"max_hp_per_floor":[80,80,80,80,80,80,80,80,80,80,80,80,80,80,80,80,80,80,87,87,87,87,87],"card_choices":[{"not_picked":["Sentinel","Headbutt"],"picked":"Shrug It Off","floor":1},{"not_picked":["Blood for Blood","Havoc"],"picked":"Hemokinesis","floor":4},{"not_picked":["Blood for Blood","Twin Strike"],"picked":"Rupture","floor":5},{"not_picked":["Sword Boomerang","Warcry"],"picked":"Flex","floor":6},{"not_picked":["Sword Boomerang","Intimidate"],"picked":"Shrug It Off","floor":8},{"not_picked":["Body Slam","Searing Blow","Perfected Strike"],"picked":"SKIP","floor":10},{"not_picked":["Anger","Searing Blow"],"picked":"Clothesline","floor":13},{"not_picked":["Iron Wave","True Grit"],"picked":"Armaments","floor":14},{"not_picked":["Impervious","Double Tap"],"picked":"Demon Form","floor":16},{"not_picked":["Sever Soul","Havoc+1","Wild Strike"],"picked":"SKIP","floor":18},{"not_picked":["Iron Wave","Thunderclap"],"picked":"Spot Weakness+1","floor":20},{"not_picked":["Flex","Ghostly Armor"],"picked":"Dropkick+1","floor":21}],"player_experience":201993,"relics_obtained":[{"floor":6,"key":"Shovel"},{"floor":7,"key":"Ancient Tea Set"},{"floor":8,"key":"Potion Belt"},{"floor":9,"key":"Shuriken"}],"event_choices":[{"damage_healed":0,"gold_gain":0,"player_choice":"Success","damage_taken":18,"relics_obtained":["Centennial Puzzle"],"max_hp_gain":0,"max_hp_loss":0,"event_name":"Scrap Ooze","floor":2,"gold_loss":0},{"damage_healed":0,"gold_gain":0,"player_choice":"Got Potions","damage_taken":0,"max_hp_gain":0,"max_hp_loss":0,"event_name":"Lab","floor":3,"gold_loss":0},{"damage_healed":0,"gold_gain":0,"player_choice":"2 cards matched","damage_taken":0,"max_hp_gain":0,"max_hp_loss":0,"event_name":"Match and Keep!","floor":22,"gold_loss":0,"cards_obtained":["PanicButton","Inflame"]}],"is_beta":false,"boss_relics":[{"not_picked":["Runic Cube","Fusion Hammer"],"picked":"Philosopher\u0027s Stone"}],"items_purged_floors":[12],"is_endless":false,"potions_floor_spawned":[5,8,13,14,21],"killed_by":"Gremlin Leader","ascension_level":0}