{"gold_per_floor":[110,34,34,34,45,45,79,79,79,92,119,119,139,139],"floor_reached":14,"playtime":394,"items_purged":[],"score":221,"play_id":"c00f7d98-17a9-404e-a899-36fe363eeb5e","local_time":"20190523113306","is_ascension_mode":true,"campfire_choices":[{"data":"Doom and Gloom","floor":6,"key":"SMITH"},{"data":"Reinforced Body","floor":8,"key":"SMITH"}],"neow_cost":"NONE","seed_source_timestamp":114756418933518,"circlet_count":0,"master_deck":["AscendersBane","Strike_B","Strike_B","Strike_B","Defend_B","Defend_B","Defend_B+1","Defend_B","Zap+1","Dualcast","Glacier+1","Doom and Gloom+1","Reinforced Body+1","Steam","Loop"],"relics":["Cracked Core","NeowsBlessing","Orichalcum","Darkstone Periapt","Nunchaku"],"potions_floor_usage":[],"damage_taken":[{"damage":0,"enemies":"Small Slimes","floor":1,"turns":1},{"damage":0,"enemies":"Cultist","floor":5,"turns":1},{"damage":0,"enemies":"Lagavulin","floor":7,"turns":1},{"damage":0,"enemies":"2 Louse","floor":10,"turns":1},{"damage":13,"enemies":"Gremlin Nob","floor":11,"turns":6},{"damage":1,"enemies":"Looter","floor":13,"turns":3},{"damage":31,"enemies":"Gremlin Gang","floor":14,"turns":3}],"seed_played":"6028214129313238000","potions_obtained":[{"floor":1,"key":"Ancient Potion"}],"is_trial":false,"path_per_floor":["M","$","?","?","M","R","E","R","T","M","E","?","M","M"],"character_chosen":"DEFECT","items_purchased":["Glacier"],"campfire_rested":0,"item_purchase_floors":[2],"current_hp_per_floor":[64,64,43,43,43,43,43,43,43,43,30,30,29,0],"gold":139,"neow_bonus":"THREE_ENEMY_KILL","is_prod":false,"is_daily":false,"chose_seed":false,"campfire_upgraded":2,"win_rate":0,"timestamp":1558636386,"path_taken":["M","$","?","?","?","R","E","R","T","?","E","?","M","M"],"build_version":"2019-01-23","purchased_purges":0,"victory":false,"max_hp_per_floor":[71,71,71,71,71,71,71,71,71,71,71,71,71,71],"card_choices":[{"not_picked":["Storm","Hologram","Stack"],"picked":"SKIP","floor":1},{"not_picked":["Coolheaded","Conserve Battery"],"picked":"Doom and Gloom","floor":5},{"not_picked":["Rebound","Consume"],"picked":"Reinforced Body","floor":7},{"not_picked":["Sweeping Beam","Barrage"],"picked":"Steam","floor":10},{"not_picked":["Reinforced Body","Go for the Eyes","Scrape"],"picked":"SKIP","floor":11},{"not_picked":["Heatsinks","Streamline","Hologram"],"picked":"SKIP","floor":13}],"player_experience":713078,"relics_obtained":[{"floor":7,"key":"Orichalcum"},{"floor":9,"key":"Darkstone Periapt"},{"floor":11,"key":"Nunchaku"}],"event_choices":[{"damage_healed":0,"gold_gain":0,"player_choice":"Entered Light","damage_taken":21,"max_hp_gain":0,"max_hp_loss":0,"event_name":"Shining Light","floor":3,"gold_loss":0,"cards_upgraded":["Defend_B","Zap"]},{"damage_healed":0,"gold_gain":0,"player_choice":"Upgraded","damage_taken":0,"max_hp_gain":0,"max_hp_loss":0,"event_name":"Upgrade Shrine","floor":4,"gold_loss":0,"cards_upgraded":["Glacier"]},{"damage_healed":0,"gold_gain":0,"cards_transformed":["Strike_B"],"player_choice":"Change","damage_taken":0,"max_hp_gain":0,"max_hp_loss":0,"event_name":"Living Wall","floor":12,"gold_loss":0,"cards_obtained":["Loop"]}],"is_beta":false,"boss_relics":[],"items_purged_floors":[],"is_endless":false,"potions_floor_spawned":[1],"killed_by":"Gremlin Gang","ascension_level":16}