{"gold_per_floor":[119,134,153,153,153,186,186,219,219,20,20,46,64,96,96,192,192,205,224,96,21,36,36],"floor_reached":23,"playtime":2672,"items_purged":["Strike_R"],"score":293,"play_id":"52dedd38-6f81-45e2-8085-6fa7e55ddd3b","local_time":"20190521231318","is_ascension_mode":true,"campfire_choices":[{"floor":11.0,"key":"RECALL"},{"data":"Armaments","floor":15.0,"key":"SMITH"}],"neow_cost":"NONE","seed_source_timestamp":0,"circlet_count":0,"master_deck":["Strike_R","Strike_R+1","Strike_R+1","Defend_R","Defend_R","Defend_R","Defend_R","Bash","Cleave","Armaments+1","Headbutt","Bludgeon","Impervious","Headbutt","Shrug It Off","Armaments+1","Clothesline","Double Tap","Barricade","Ghostly Armor","Inflame","True Grit","Shrug It Off"],"special_seed":0,"relics":["Burning Blood","Bronze Scales","Red Skull","Question Card","Thread and Needle","Orichalcum","Pantograph","Lizard Tail"],"potions_floor_usage":[23],"damage_taken":[{"damage":10.0,"enemies":"Small Slimes","floor":1.0,"turns":3.0},{"damage":3.0,"enemies":"Jaw Worm","floor":2.0,"turns":4.0},{"damage":3.0,"enemies":"2 Louse","floor":3.0,"turns":3.0},{"damage":26.0,"enemies":"Gremlin Nob","floor":6.0,"turns":4.0},{"damage":5.0,"enemies":"3 Sentries","floor":8.0,"turns":6.0},{"damage":0.0,"enemies":"Gremlin Nob","floor":12.0,"turns":2.0},{"damage":2.0,"enemies":"Looter","floor":13.0,"turns":2.0},{"damage":1.0,"enemies":"3 Sentries","floor":14.0,"turns":6.0},{"damage":7.0,"enemies":"The Guardian","floor":16.0,"turns":12.0},{"damage":0.0,"enemies":"Chosen","floor":18.0,"turns":8.0},{"damage":8.0,"enemies":"Shell Parasite","floor":19.0,"turns":7.0},{"damage":24.0,"enemies":"Snecko","floor":22.0,"turns":5.0},{"damage":122,"enemies":"Gremlin Leader","floor":23,"turns":13}],"seed_played":"-6890161868078912763","potions_obtained":[{"floor":1.0,"key":"Ancient Potion"},{"floor":6.0,"key":"SkillPotion"},{"floor":8.0,"key":"Swift Potion"},{"floor":16.0,"key":"PowerPotion"},{"floor":19.0,"key":"SpeedPotion"}],"is_trial":false,"path_per_floor":["M","M","M","?","?","E","?","E","T","$","R","E","M","E","R","B",null,"M","M","$","?","M","E"],"character_chosen":"IRONCLAD","items_purchased":["Headbutt","Shrug It Off","Energy Potion","Inflame","True Grit"],"campfire_rested":0,"item_purchase_floors":[10,10,10,20,20],"current_hp_per_floor":[76,79,80,68,52,32,32,33,33,33,33,39,43,48,48,72,80,80,78,78,78,60,0],"gold":36,"neow_bonus":"RANDOM_COMMON_RELIC","is_prod":false,"is_daily":false,"chose_seed":false,"campfire_upgraded":1,"win_rate":0,"timestamp":1558473198,"path_taken":["M","M","M","?","?","E","?","E","T","$","R","E","M","E","R","BOSS","M","M","$","?","M","E"],"build_version":"2019-01-23","purchased_purges":1,"victory":false,"max_hp_per_floor":[80,80,80,80,80,80,80,80,80,80,80,80,80,80,80,80,80,80,80,80,80,80,80],"card_choices":[{"not_picked":["Blood for Blood","Sever Soul"],"picked":"Cleave","floor":1.0},{"not_picked":["Headbutt","Feel No Pain"],"picked":"Armaments","floor":2.0},{"not_picked":["Flex","Warcry"],"picked":"Headbutt","floor":3.0},{"not_picked":["Dropkick","Rage"],"picked":"Bludgeon","floor":6.0},{"not_picked":["Twin Strike","Headbutt","Thunderclap"],"picked":"Impervious","floor":8.0},{"not_picked":["Sword Boomerang","Carnage","Body Slam"],"picked":"Armaments","floor":12.0},{"not_picked":["True Grit","Havoc","Cleave"],"picked":"Clothesline","floor":13.0},{"not_picked":["Iron Wave","Havoc","Headbutt"],"picked":"Double Tap","floor":14.0},{"not_picked":["Limit Break","Feed","Reaper"],"picked":"Barricade","floor":16.0},{"not_picked":["Burning Pact","Thunderclap","Heavy Blade+1","Reckless Charge"],"picked":"SKIP","floor":18.0},{"not_picked":["Power Through","Shrug It Off","Thunderclap"],"picked":"Ghostly Armor","floor":19.0},{"not_picked":["Headbutt+1","Rupture","Entrench+1"],"picked":"Shrug It Off","floor":22.0}],"player_experience":332343,"relics_obtained":[{"floor":6.0,"key":"Question Card"},{"floor":8.0,"key":"Thread and Needle"},{"floor":12.0,"key":"Orichalcum"},{"floor":14.0,"key":"Pantograph"}],"event_choices":[{"damage_healed":0.0,"max_hp_gain":0.0,"max_hp_loss":0.0,"gold_gain":0.0,"event_name":"Scrap Ooze","player_choice":"Success","floor":4.0,"gold_loss":0.0,"damage_taken":12.0,"relics_obtained":["Red Skull"]},{"damage_healed":0.0,"max_hp_gain":0.0,"max_hp_loss":0.0,"gold_gain":0.0,"event_name":"Shining Light","player_choice":"Entered Light","floor":5.0,"gold_loss":0.0,"damage_taken":16.0,"cards_upgraded":["Strike_R","Strike_R"]},{"damage_healed":0.0,"max_hp_gain":0.0,"max_hp_loss":0.0,"gold_gain":0.0,"event_name":"Living Wall","player_choice":"Grow","floor":7.0,"gold_loss":0.0,"damage_taken":0.0,"cards_upgraded":["Armaments"]},{"cards_removed":["Strike_R"],"damage_healed":0.0,"max_hp_gain":0.0,"max_hp_loss":0.0,"gold_gain":0.0,"event_name":"Beggar","player_choice":"Gave Gold","floor":21.0,"gold_loss":75.0,"damage_taken":0.0}],"is_beta":false,"boss_relics":[{"not_picked":["Philosopher\u0027s Stone","Orrery"],"picked":"Lizard Tail"}],"items_purged_floors":[10],"is_endless":false,"potions_floor_spawned":[1,6,8,16,19],"killed_by":"Gremlin Leader","ascension_level":4}