{"gold_per_floor":[117,192,26,37,47,47,100,100,173,192,203,203,203,11,11,111,111,131,141,40,40,140,140,151,151,151,167,167,7,7,23,23,23],"floor_reached":33,"playtime":2949,"items_purged":["Strike_G"],"score":260,"play_id":"0b0049f8-aa41-46f2-90b6-c4cae69ba7a4","local_time":"20190106050838","is_ascension_mode":false,"campfire_choices":[{"data":"Noxious Fumes","floor":6,"key":"SMITH"},{"data":"Dash","floor":8,"key":"SMITH"},{"floor":15,"key":"REST"},{"floor":23,"key":"REST"},{"data":"Envenom","floor":28,"key":"SMITH"},{"floor":32,"key":"REST"}],"neow_cost":"NONE","seed_source_timestamp":1458250243878871,"circlet_count":0,"master_deck":["Defend_G","Defend_G","Defend_G","Defend_G","Defend_G","Survivor","Neutralize","Well Laid Plans","Dagger Spray","Well Laid Plans","Noxious Fumes+1","Dash+1","Dagger Spray","Infinite Blades","Parasite","Envenom+1","Flying Knee","Bane","Bane","Slice","Writhe","Acrobatics","PiercingWail","Bite","Bite","Bite","Bite","Bite","Dagger Throw+1","Night Terror","Necronomicurse","Dagger Throw+1"],"relics":["Ring of the Snake","Pen Nib","Shuriken","Bag of Preparation","Toolbox","Busted Crown","Pear","The Specimen","Kunai","Juzu Bracelet","Necronomicon"],"potions_floor_usage":[16,22,22,22],"damage_taken":[{"damage":0,"enemies":"2 Louse","floor":1,"turns":4},{"damage":0,"enemies":"Small Slimes","floor":4,"turns":2},{"damage":0,"enemies":"Jaw Worm","floor":5,"turns":5},{"damage":13,"enemies":"3 Louse","floor":10,"turns":3},{"damage":0,"enemies":"Large Slime","floor":11,"turns":4},{"damage":21,"enemies":"The Guardian","floor":16,"turns":10},{"damage":12,"enemies":"Shell Parasite","floor":18,"turns":5},{"damage":12,"enemies":"2 Thieves","floor":19,"turns":4},{"damage":12,"enemies":"Colosseum Slavers","floor":22,"turns":4},{"damage":12,"enemies":"Colosseum Nobs","floor":22,"turns":4},{"damage":25,"enemies":"Shelled Parasite and Fungi","floor":24,"turns":5},{"damage":13,"enemies":"Centurion and Healer","floor":27,"turns":5},{"damage":0,"enemies":"Cultist and Chosen","floor":31,"turns":5},{"damage":51,"enemies":"Automaton","floor":33,"turns":6}],"seed_played":"4381837862039555810","potions_obtained":[{"floor":1,"key":"Swift Potion"},{"floor":5,"key":"GamblersBrew"},{"floor":10,"key":"Block Potion"},{"floor":11,"key":"Explosive Potion"},{"floor":19,"key":"LiquidBronze"},{"floor":31,"key":"Strength Potion"}],"is_trial":false,"path_per_floor":["M","?","$","M","M","R","?","R","T","M","M","?","?","$","R","B",null,"M","M","$","?","?","R","M","?","T","M","R","$","?","M","R","B"],"character_chosen":"THE_SILENT","items_purchased":["Dagger Spray","Well Laid Plans","Toolbox","Bane","Slice","Night Terror"],"campfire_rested":3,"item_purchase_floors":[3,3,14,20,20,29],"current_hp_per_floor":[70,59,59,59,59,59,59,59,59,46,46,28,45,45,66,45,70,58,46,46,56,32,56,31,31,31,30,30,30,14,20,36,0],"gold":23,"neow_bonus":"RANDOM_COMMON_RELIC","is_prod":false,"is_daily":false,"chose_seed":false,"campfire_upgraded":3,"win_rate":0.0,"timestamp":1546769318,"path_taken":["M","?","$","M","M","R","?","R","T","M","M","?","?","$","R","BOSS","M","M","$","?","?","R","M","?","T","M","R","$","?","M","R","BOSS"],"build_version":"2019-01-03v4","purchased_purges":1,"victory":false,"max_hp_per_floor":[70,70,70,70,70,70,70,70,70,70,70,70,70,70,70,70,70,70,70,70,80,80,80,80,56,56,56,56,56,56,56,56,56],"card_choices":[{"not_picked":["Footwork","Flechettes"],"picked":"Well Laid Plans","floor":1},{"not_picked":["Dagger Throw","Backflip"],"picked":"Noxious Fumes","floor":4},{"not_picked":["Sucker Punch","Expertise"],"picked":"Dash","floor":5},{"not_picked":["Acrobatics","Deflect"],"picked":"Dagger Spray","floor":10},{"not_picked":["Dagger Spray","Finisher"],"picked":"Infinite Blades","floor":11},{"not_picked":["Doppelganger","Adrenaline"],"picked":"Envenom","floor":16},{"not_picked":[],"picked":"Flying Knee","floor":18},{"not_picked":[],"picked":"Bane","floor":19},{"not_picked":[],"picked":"Acrobatics","floor":22},{"not_picked":[],"picked":"PiercingWail","floor":24},{"not_picked":[],"picked":"Dagger Throw+1","floor":27},{"not_picked":[],"picked":"Dagger Throw+1","floor":31}],"player_experience":16847,"relics_obtained":[{"floor":9,"key":"Shuriken"},{"floor":22,"key":"The Specimen"},{"floor":22,"key":"Kunai"},{"floor":26,"key":"Juzu Bracelet"},{"floor":30,"key":"Necronomicon"}],"event_choices":[{"damage_healed":0,"gold_gain":75,"player_choice":"Gather Gold","damage_taken":11,"max_hp_gain":0,"max_hp_loss":0,"event_name":"World of Goop","floor":2,"gold_loss":0},{"damage_healed":0,"gold_gain":53,"player_choice":"Gained Gold","damage_taken":0,"max_hp_gain":0,"max_hp_loss":0,"event_name":"Golden Wing","floor":7,"gold_loss":0},{"damage_healed":0,"gold_gain":0,"player_choice":"Success","damage_taken":18,"relics_obtained":["Bag of Preparation"],"max_hp_gain":0,"max_hp_loss":0,"event_name":"Scrap Ooze","floor":12,"gold_loss":0},{"damage_healed":17,"gold_gain":0,"player_choice":"Healed and dodged fight","damage_taken":0,"max_hp_gain":0,"max_hp_loss":0,"event_name":"Mushrooms","floor":13,"gold_loss":0,"cards_obtained":["Parasite"]},{"damage_healed":0,"gold_gain":0,"player_choice":"Opened","damage_taken":0,"relics_obtained":["Pear"],"max_hp_gain":0,"max_hp_loss":0,"event_name":"The Mausoleum","floor":21,"gold_loss":0,"cards_obtained":["Writhe"]},{"damage_healed":0,"gold_gain":0,"player_choice":"Fight","damage_taken":0,"max_hp_gain":0,"max_hp_loss":0,"event_name":"Colosseum","floor":22,"gold_loss":0},{"damage_healed":0,"gold_gain":0,"player_choice":"Fought Nobs","damage_taken":0,"max_hp_gain":0,"max_hp_loss":0,"event_name":"Colosseum","floor":22,"gold_loss":0},{"damage_healed":0,"gold_gain":0,"player_choice":"Became a vampire","damage_taken":0,"max_hp_gain":0,"max_hp_loss":24,"event_name":"Vampires","floor":25,"gold_loss":0,"cards_obtained":["Bite","Bite","Bite","Bite","Bite"]},{"damage_healed":0,"gold_gain":0,"player_choice":"Obtained Book","damage_taken":16,"max_hp_gain":0,"max_hp_loss":0,"event_name":"Cursed Tome","floor":30,"gold_loss":0}],"is_beta":false,"boss_relics":[{"not_picked":["Tiny House","Ring of the Serpent"],"picked":"Busted Crown"}],"items_purged_floors":[3],"is_endless":false,"potions_floor_spawned":[1,5,10,11,19,22,31],"killed_by":"Automaton","ascension_level":0}