{"gold_per_floor":[119,9,19,19,19,19,19,19,19,30,30,30,43,57,57,131,131,121,220,220,36,36,36,49,49,49,49,64,77,94,114,114,114],"floor_reached":33,"playtime":2652,"items_purged":["Strike_B","Strike_B"],"score":428,"play_id":"c4a2499e-35ff-4ad1-a4b2-d08765b083c0","local_time":"20190520235754","is_ascension_mode":true,"campfire_choices":[{"data":"Sunder","floor":6,"key":"SMITH"},{"data":"Genetic Algorithm","floor":8,"key":"SMITH"},{"data":"Coolheaded","floor":15,"key":"SMITH"},{"data":"Forethought","floor":23,"key":"SMITH"},{"data":"Fission","floor":27,"key":"SMITH"},{"data":"Glacier","floor":32,"key":"SMITH"}],"neow_cost":"PERCENT_DAMAGE","seed_source_timestamp":52552799976404,"circlet_count":0,"master_deck":["AscendersBane","Strike_B+1","Strike_B+1","Defend_B","Defend_B","Zap","Dualcast","Sunder+1","Genetic Algorithm+1","Go for the Eyes+1","Blizzard","Coolheaded+1","Fission+1","Rebound","Ghostly","Ghostly","Ghostly","Ghostly","Ghostly","Forethought+1","Coolheaded+1","Streamline","Hello World","Coolheaded","Auto Shields+1","Glacier+1"],"relics":["Cracked Core","Whetstone","Busted Crown","Omamori"],"potions_floor_usage":[16,16,30,33,33],"damage_taken":[{"damage":7,"enemies":"Jaw Worm","floor":1,"turns":3},{"damage":6,"enemies":"Cultist","floor":3,"turns":4},{"damage":1,"enemies":"Small Slimes","floor":10,"turns":2},{"damage":0,"enemies":"Exordium Thugs","floor":13,"turns":2},{"damage":0,"enemies":"2 Fungi Beasts","floor":14,"turns":2},{"damage":71,"enemies":"Hexaghost","floor":16,"turns":14},{"damage":8,"enemies":"2 Thieves","floor":18,"turns":4},{"damage":4,"enemies":"Chosen","floor":24,"turns":6},{"damage":7,"enemies":"Centurion and Healer","floor":28,"turns":7},{"damage":7,"enemies":"Snake Plant","floor":29,"turns":5},{"damage":3,"enemies":"Shelled Parasite and Fungi","floor":30,"turns":6},{"damage":0,"enemies":"3 Cultists","floor":31,"turns":8},{"damage":22,"enemies":"Collector","floor":33,"turns":14}],"seed_played":"-5188499025174137780","potions_obtained":[{"floor":1,"key":"Energy Potion"},{"floor":3,"key":"GamblersBrew"},{"floor":14,"key":"SkillPotion"},{"floor":28,"key":"FocusPotion"},{"floor":29,"key":"FearPotion"},{"floor":30,"key":"Energy Potion"}],"is_trial":false,"path_per_floor":["M","$","M","?","?","R","$","R","T","M","?","$","M","M","R","B",null,"M","?","?","$","?","R","M","?","T","R","M","M","M","M","R","B"],"character_chosen":"DEFECT","items_purchased":["Genetic Algorithm","Forethought"],"campfire_rested":0,"item_purchase_floors":[2,21],"current_hp_per_floor":[53,53,47,47,75,75,75,75,75,74,74,74,74,74,74,3,65,57,57,42,42,42,42,38,38,38,38,31,24,21,21,21,0],"gold":114,"neow_bonus":"TWENTY_PERCENT_HP_BONUS","is_prod":false,"is_daily":false,"chose_seed":false,"campfire_upgraded":6,"win_rate":0,"timestamp":1558421874,"path_taken":["M","$","M","?","?","R","?","R","T","?","?","?","M","M","R","BOSS","M","?","?","$","?","R","M","?","T","R","M","M","M","M","R","BOSS"],"build_version":"2019-01-23","purchased_purges":2,"victory":false,"max_hp_per_floor":[85,85,85,85,85,85,85,85,85,85,85,85,85,85,85,85,85,85,85,42,42,42,42,42,42,42,42,42,42,42,42,42,42],"card_choices":[{"not_picked":["Aggregate","Turbo"],"picked":"Sunder","floor":1},{"not_picked":["Hello World","Skim"],"picked":"Go for the Eyes","floor":3},{"not_picked":["Sweeping Beam","Hologram"],"picked":"Blizzard","floor":10},{"not_picked":["Force Field","White Noise","Hologram"],"picked":"SKIP","floor":13},{"not_picked":["Rebound","Hologram"],"picked":"Coolheaded","floor":14},{"not_picked":["Biased Cognition","Core Surge"],"picked":"Fission","floor":16},{"not_picked":[],"picked":"Rebound","floor":18},{"not_picked":[],"picked":"Coolheaded+1","floor":24},{"not_picked":[],"picked":"Coolheaded","floor":28},{"not_picked":["Turbo"],"picked":"SKIP","floor":29},{"not_picked":[],"picked":"Auto Shields+1","floor":30},{"not_picked":[],"picked":"Glacier","floor":31}],"player_experience":654722,"relics_obtained":[{"floor":9,"key":"Whetstone"},{"floor":26,"key":"Omamori"}],"event_choices":[{"damage_healed":0,"gold_gain":0,"player_choice":"Ignored","damage_taken":0,"max_hp_gain":0,"max_hp_loss":0,"event_name":"Shining Light","floor":4,"gold_loss":0},{"damage_healed":28,"gold_gain":0,"player_choice":"Banana","damage_taken":0,"max_hp_gain":0,"max_hp_loss":0,"event_name":"Big Fish","floor":5,"gold_loss":0},{"damage_healed":0,"gold_gain":0,"player_choice":"Upgraded","damage_taken":0,"max_hp_gain":0,"max_hp_loss":0,"event_name":"Upgrade Shrine","floor":11,"gold_loss":0,"cards_upgraded":["Go for the Eyes"]},{"damage_healed":0,"gold_gain":99,"player_choice":"Stole From Cult","damage_taken":0,"max_hp_gain":0,"max_hp_loss":0,"event_name":"Nest","floor":19,"gold_loss":0},{"damage_healed":0,"gold_gain":0,"player_choice":"Became a Ghost","damage_taken":0,"max_hp_gain":0,"max_hp_loss":43,"event_name":"Ghosts","floor":20,"gold_loss":0,"cards_obtained":["Ghostly","Ghostly","Ghostly","Ghostly","Ghostly"]},{"damage_healed":0,"gold_gain":0,"player_choice":"Ignored","damage_taken":0,"max_hp_gain":0,"max_hp_loss":0,"event_name":"Beggar","floor":22,"gold_loss":0},{"damage_healed":0,"gold_gain":0,"cards_transformed":["Defend_B","Defend_B"],"player_choice":"Became Test Subject","damage_taken":0,"max_hp_gain":0,"max_hp_loss":0,"event_name":"Drug Dealer","floor":25,"gold_loss":0,"cards_obtained":["Streamline","Hello World"]}],"is_beta":false,"boss_relics":[{"not_picked":["White Beast Statue","Calling Bell"],"picked":"Busted Crown"}],"items_purged_floors":[2,21],"is_endless":false,"potions_floor_spawned":[1,3,14,28,29,30],"killed_by":"Collector","ascension_level":14}