{"gold_per_floor":[112,122,122,122,136,136,61,61,88,122,122,139,153,172,172,274,274,284,284,284,47,66,66,81,81,81,81,180,193,212,229,229,325,325,342,342,342,8,23,23,42,58,84,96,96,107,107,123,123,123],"floor_reached":51,"playtime":5015,"items_purged":["Strike_B","Strike_B","Darkness"],"score":899,"play_id":"8428bc47-6cfc-435e-9eba-ce772f346944","local_time":"20190508120255","is_ascension_mode":true,"campfire_choices":[{"floor":6,"key":"REST"},{"data":"Sweeping Beam","floor":8,"key":"SMITH"},{"floor":15,"key":"REST"},{"floor":23,"key":"REST"},{"floor":25,"key":"REST"},{"floor":32,"key":"REST"},{"data":"Buffer","floor":40,"key":"SMITH"},{"data":"Madness","floor":47,"key":"SMITH"},{"floor":49,"key":"REST"}],"neow_cost":"NONE","seed_source_timestamp":302604103184839,"circlet_count":0,"master_deck":["Defend_B","Defend_B","Defend_B","Defend_B","Zap","Dualcast","Madness","Conserve Battery","Sweeping Beam+1","Leap","Glacier","Coolheaded","Chaos","Coolheaded","Seek","Blizzard","Apotheosis","BootSequence","Chill","Chill","Buffer+1","Leap+1","Madness+1","Madness","Stack","Meteor Strike","Go for the Eyes","Sweeping Beam+1","Redo+1"],"relics":["Cracked Core","DataDisk","Omamori","Blood Vial","Runic Pyramid","Smiling Mask","Sundial","Sozu","Gremlin Horn","Regal Pillow"],"potions_floor_usage":[16,19,31,31,31,33],"damage_taken":[{"damage":1,"enemies":"2 Louse","floor":1,"turns":3},{"damage":7,"enemies":"Small Slimes","floor":2,"turns":3},{"damage":0,"enemies":"Jaw Worm","floor":5,"turns":3},{"damage":24,"enemies":"3 Sentries","floor":10,"turns":6},{"damage":0,"enemies":"Blue Slaver","floor":12,"turns":4},{"damage":13,"enemies":"3 Louse","floor":13,"turns":3},{"damage":0,"enemies":"2 Fungi Beasts","floor":14,"turns":3},{"damage":16,"enemies":"Slime Boss","floor":16,"turns":13},{"damage":19,"enemies":"3 Byrds","floor":18,"turns":5},{"damage":17,"enemies":"Colosseum Slavers","floor":19,"turns":6},{"damage":2,"enemies":"Shell Parasite","floor":22,"turns":9},{"damage":20,"enemies":"Snecko","floor":24,"turns":12},{"damage":0,"enemies":"Shelled Parasite and Fungi","floor":29,"turns":9},{"damage":0,"enemies":"3 Cultists","floor":30,"turns":4},{"damage":51,"enemies":"Cultist and Chosen","floor":31,"turns":9},{"damage":30,"enemies":"Champ","floor":33,"turns":15},{"damage":0,"enemies":"3 Shapes","floor":35,"turns":4},{"damage":0,"enemies":"Orb Walker","floor":39,"turns":8},{"damage":0,"enemies":"Maw","floor":41,"turns":10},{"damage":18,"enemies":"Jaw Worm Horde","floor":42,"turns":4},{"damage":0,"enemies":"3 Darklings","floor":44,"turns":5},{"damage":0,"enemies":"Spire Growth","floor":46,"turns":8},{"damage":7,"enemies":"Transient","floor":48,"turns":5},{"damage":37,"enemies":"Time Eater","floor":50,"turns":16}],"seed_played":"2353882469230859368","potions_obtained":[{"floor":1,"key":"Block Potion"},{"floor":2,"key":"FearPotion"},{"floor":12,"key":"Swift Potion"},{"floor":16,"key":"Fire Potion"},{"floor":22,"key":"Poison Potion"},{"floor":24,"key":"Block Potion"},{"floor":31,"key":"Swift Potion"}],"is_trial":false,"path_per_floor":["M","M","?","?","M","R","$","R","T","E","?","M","M","M","R","B",null,"M","?","?","$","M","R","M","R","T","?","?","M","M","M","R","B",null,"M","?","?","$","M","R","M","M","T","M","?","M","R","M","R","B",null],"character_chosen":"DEFECT","items_purchased":["Apotheosis","Gremlin Horn","Stack"],"campfire_rested":6,"item_purchase_floors":[21,38,38],"current_hp_per_floor":[67,60,65,47,47,71,71,71,71,47,47,49,38,40,64,50,73,56,41,41,41,41,65,47,71,71,71,71,73,75,26,50,22,66,68,58,90,90,90,90,90,72,72,74,74,76,76,71,90,53],"gold":123,"neow_bonus":"RANDOM_COLORLESS","is_prod":false,"is_daily":false,"chose_seed":false,"campfire_upgraded":3,"win_rate":0,"timestamp":1557342175,"path_taken":["M","M","?","?","M","R","$","R","T","E","?","M","?","M","R","BOSS","M","?","?","$","M","R","M","R","T","?","?","?","M","M","R","BOSS","M","?","?","$","?","R","M","M","T","M","?","?","R","M","R","BOSS"],"build_version":"2019-01-23","purchased_purges":3,"victory":true,"max_hp_per_floor":[75,75,80,80,80,80,80,80,80,80,80,80,80,80,80,80,80,80,80,80,80,80,80,80,80,80,80,80,80,80,80,80,80,80,80,80,90,90,90,90,90,90,90,90,90,90,90,90,90,90],"card_choices":[{"not_picked":["Coolheaded","Melter"],"picked":"Conserve Battery","floor":1},{"not_picked":["Streamline","Beam Cell"],"picked":"Sweeping Beam","floor":2},{"not_picked":["Turbo","Doom and Gloom"],"picked":"Leap","floor":5},{"not_picked":["Steam Power","Barrage"],"picked":"Glacier","floor":10},{"not_picked":["Go for the Eyes","Sweeping Beam"],"picked":"Coolheaded","floor":12},{"not_picked":["Barrage","Heatsinks"],"picked":"Chaos","floor":13},{"not_picked":["Turbo","Biased Cognition"],"picked":"Coolheaded","floor":14},{"not_picked":["Multi-Cast","Creative AI"],"picked":"Seek","floor":16},{"not_picked":["Undo","Genetic Algorithm"],"picked":"Blizzard","floor":18},{"not_picked":["Force Field","Hologram+1"],"picked":"BootSequence","floor":22},{"not_picked":["Ball Lightning","Streamline"],"picked":"Chill","floor":24},{"not_picked":["Lockon+1","Beam Cell+1"],"picked":"Chill","floor":29},{"not_picked":["Barrage","Sweeping Beam","FTL"],"picked":"SKIP","floor":30},{"not_picked":["Storm","Gash","Scrape"],"picked":"SKIP","floor":31},{"not_picked":["Multi-Cast","Fission"],"picked":"Buffer","floor":33},{"not_picked":["Redo","Genetic Algorithm+1"],"picked":"Leap+1","floor":35},{"not_picked":["Redo+1","BootSequence"],"picked":"Meteor Strike","floor":39},{"not_picked":["Streamline+1","Fusion"],"picked":"Go for the Eyes","floor":41},{"not_picked":["Hologram","Turbo","Beam Cell"],"picked":"SKIP","floor":42},{"not_picked":["Hyperbeam","Stack"],"picked":"Sweeping Beam+1","floor":44},{"not_picked":["Gash","Recycle+1"],"picked":"Redo+1","floor":46},{"not_picked":["Storm+1","Steam","Consume+1"],"picked":"SKIP","floor":48}],"player_experience":317602,"relics_obtained":[{"floor":9,"key":"Omamori"},{"floor":10,"key":"Blood Vial"},{"floor":26,"key":"Sundial"},{"floor":43,"key":"Regal Pillow"}],"event_choices":[{"damage_healed":0,"gold_gain":0,"player_choice":"Donut","damage_taken":0,"max_hp_gain":5,"max_hp_loss":0,"event_name":"Big Fish","floor":3,"gold_loss":0},{"damage_healed":0,"gold_gain":0,"player_choice":"Success","damage_taken":18,"relics_obtained":["DataDisk"],"max_hp_gain":0,"max_hp_loss":0,"event_name":"Scrap Ooze","floor":4,"gold_loss":0},{"damage_healed":0,"gold_gain":0,"player_choice":"Ignored","damage_taken":0,"max_hp_gain":0,"max_hp_loss":0,"event_name":"Golden Idol","floor":11,"gold_loss":0},{"damage_healed":0,"gold_gain":0,"player_choice":"Fight","damage_taken":0,"max_hp_gain":0,"max_hp_loss":0,"event_name":"Colosseum","floor":19,"gold_loss":0},{"damage_healed":0,"gold_gain":0,"player_choice":"Fled From Nobs","damage_taken":0,"max_hp_gain":0,"max_hp_loss":0,"event_name":"Colosseum","floor":19,"gold_loss":0},{"damage_healed":0,"gold_gain":0,"player_choice":"Opened","damage_taken":0,"relics_obtained":["Smiling Mask"],"max_hp_gain":0,"max_hp_loss":0,"event_name":"The Mausoleum","floor":20,"gold_loss":0},{"damage_healed":0,"gold_gain":0,"cards_transformed":["Strike_B","Strike_B"],"player_choice":"Became Test Subject","damage_taken":0,"max_hp_gain":0,"max_hp_loss":0,"event_name":"Drug Dealer","floor":27,"gold_loss":0,"cards_obtained":["Darkness","Creative AI"]},{"damage_healed":0,"gold_gain":99,"player_choice":"Stole From Cult","damage_taken":0,"max_hp_gain":0,"max_hp_loss":0,"event_name":"Nest","floor":28,"gold_loss":0},{"damage_healed":0,"gold_gain":0,"player_choice":"Embrace Madness","damage_taken":10,"max_hp_gain":0,"max_hp_loss":0,"event_name":"Winding Halls","floor":36,"gold_loss":0,"cards_obtained":["Madness","Madness"]},{"cards_removed":["Creative AI"],"damage_healed":22,"gold_gain":0,"player_choice":"Offered Rare","damage_taken":0,"max_hp_gain":10,"max_hp_loss":0,"event_name":"Bonfire Elementals","floor":37,"gold_loss":0},{"damage_healed":0,"gold_gain":0,"player_choice":"Leave","damage_taken":0,"max_hp_gain":0,"max_hp_loss":0,"event_name":"FaceTrader","floor":45,"gold_loss":0}],"is_beta":false,"boss_relics":[{"not_picked":["Coffee Dripper","FrozenCore"],"picked":"Runic Pyramid"},{"not_picked":["Black Star","White Beast Statue"],"picked":"Sozu"}],"items_purged_floors":[7,21,38],"is_endless":false,"potions_floor_spawned":[1,2,12,16,22,24,31,39,42,44,48],"ascension_level":9}