{"gold_per_floor":[110,36,111,130,130,130,161,161,161,176,51,65,93,119,119,223,223,239,154,166,196,222,234,277,289,328,350,362,386,411,441,453,570,582,604,616,249,249,93,93,104,120,177,202,214,214,214,248,248,248],"floor_reached":51,"playtime":1933,"items_purged":["Strike_B"],"score":893,"play_id":"aeb90cb8-e441-485c-9567-e7226645152b","local_time":"20180805171817","is_ascension_mode":true,"campfire_choices":[{"data":"Zap","floor":6,"key":"SMITH"},{"data":"Dualcast","floor":8,"key":"SMITH"},{"floor":15,"key":"REST"},{"data":"Genetic Algorithm","floor":23,"key":"SMITH"},{"floor":28,"key":"REST"},{"floor":32,"key":"REST"},{"data":"FTL","floor":40,"key":"SMITH"},{"data":"Master of Strategy","floor":46,"key":"SMITH"},{"floor":49,"key":"REST"}],"neow_cost":"","seed_source_timestamp":62690872050773,"circlet_count":0,"master_deck":["Strike_B+1","Strike_B+1","Strike_B+1","Defend_B+1","Defend_B+1","Defend_B+1","Zap+1","Dualcast+1","Beam Cell+1","Glacier+1","Turbo+1","Blizzard+1","Steam+1","Go for the Eyes+1","Streamline+1","Genetic Algorithm+1","Ball Lightning+1","Electrodynamics+1","Consume+1","Ball Lightning+1","Coolheaded+1","Redo+1","Coolheaded+1","Machine Learning+1","Melter+1","Conserve Battery+1","Seek+1","Chill+1","Defragment+1","Cold Snap+1","Echo Form+1","BootSequence+1","FTL+1","Madness+1","Master of Strategy+1","Go for the Eyes+1","Turbo+1","Writhe"],"relics":["Cracked Core","Orichalcum","Potion Belt","Prayer Wheel","Odd Mushroom","Inserter","MawBank","Bottled Lightning","Happy Flower","White Beast Statue","Mark of the Bloom","Pen Nib","Tiny Chest","Juzu Bracelet","Frozen Egg 2"],"potions_floor_usage":[14,14,14,16,18,24,24,24,33,45,48,50,50,50,50,50],"damage_taken":[{"damage":0,"enemies":"Cultist","floor":1,"turns":4},{"damage":0,"enemies":"Jaw Worm","floor":4,"turns":3},{"damage":23,"enemies":"3 Sentries","floor":7,"turns":9},{"damage":0,"enemies":"2 Louse","floor":10,"turns":2},{"damage":0,"enemies":"Looter","floor":12,"turns":3},{"damage":10,"enemies":"Lagavulin","floor":13,"turns":7},{"damage":22,"floor":14,"turns":3},{"damage":0,"enemies":"Slime Boss","floor":16,"turns":8},{"damage":38,"enemies":"2 Thieves","floor":18,"turns":5},{"damage":4,"enemies":"3 Byrds","floor":21,"turns":2},{"damage":8,"enemies":"Snecko","floor":22,"turns":5},{"damage":15,"enemies":"Slavers","floor":24,"turns":2},{"damage":2,"enemies":"Chosen and Byrds","floor":27,"turns":7},{"damage":5,"enemies":"3 Cultists","floor":29,"turns":5},{"damage":11,"enemies":"Snake Plant","floor":30,"turns":5},{"damage":9,"enemies":"Snecko","floor":31,"turns":5},{"damage":0,"enemies":"Champ","floor":33,"turns":13},{"damage":0,"enemies":"Orb Walker","floor":35,"turns":4},{"damage":9,"enemies":"Flame Bruiser 1 Orb","floor":41,"turns":4},{"damage":0,"enemies":"Spire Growth","floor":42,"turns":4},{"damage":14,"enemies":"Maw","floor":45,"turns":7},{"damage":18,"enemies":"2 Orb Walkers","floor":48,"turns":5},{"damage":12,"enemies":"Time Eater","floor":50,"turns":11}],"seed_played":"-3252870319399639381","potions_obtained":[{"floor":1,"key":"LiquidBronze"},{"floor":7,"key":"Strength Potion"},{"floor":13,"key":"EntropicBrew"},{"floor":16,"key":"Explosive Potion"},{"floor":21,"key":"GamblersBrew"},{"floor":29,"key":"Energy Potion"},{"floor":31,"key":"PowerPotion"},{"floor":35,"key":"Energy Potion"},{"floor":41,"key":"SpeedPotion"},{"floor":42,"key":"Strength Potion"},{"floor":45,"key":"PowerPotion"},{"floor":48,"key":"FocusPotion"}],"is_trial":false,"path_per_floor":["M","$","?","M","?","R","E","R","T","M","$","M","E","?","R","B",null,"M","?","?","M","M","R","E","$","T","M","R","M","M","M","R","B",null,"M","?","$","?","$","R","M","M","T","T","M","R","?","E","R","B"],"character_chosen":"DEFECT","items_purchased":["Glacier","Go for the Eyes","FTL","Madness","Master of Strategy","Pen Nib"],"campfire_rested":4,"item_purchase_floors":[2,11,37,37,37,39],"current_hp_per_floor":[75,75,64,64,57,57,34,34,34,34,34,34,24,2,24,24,75,37,37,37,33,25,25,10,10,10,8,30,25,14,5,27,27,75,75,75,75,75,75,75,66,66,66,66,52,52,52,34,34,22],"gold":248,"neow_bonus":"","is_prod":false,"is_daily":false,"chose_seed":false,"campfire_upgraded":5,"win_rate":0,"timestamp":1533457097,"path_taken":["M","?","?","M","?","R","E","R","T","M","$","M","E","?","R","BOSS","M","?","?","M","M","R","E","?","T","M","R","M","M","M","R","BOSS","M","?","$","?","$","R","M","M","T","?","M","R","?","E","R","BOSS"],"build_version":"2018-08-02","purchased_purges":1,"victory":true,"max_hp_per_floor":[75,75,75,75,75,75,75,75,75,75,75,75,75,75,75,75,75,75,75,75,75,75,75,75,75,75,75,75,75,75,75,75,75,75,75,75,75,75,75,75,75,75,75,75,75,75,75,75,75,75],"card_choices":[{"not_picked":["Heatsinks","Skim"],"picked":"Beam Cell","floor":1},{"not_picked":["Reprogram","Heatsinks"],"picked":"Turbo","floor":4},{"not_picked":["Hello World","Hologram"],"picked":"Blizzard","floor":7},{"not_picked":["Ball Lightning","Defragment"],"picked":"Steam","floor":10},{"not_picked":["Loop","Barrage"],"picked":"Streamline","floor":12},{"not_picked":["Stack","Aggregate"],"picked":"Genetic Algorithm","floor":13},{"not_picked":["Reprogram","Reinforced Body"],"picked":"Ball Lightning","floor":14},{"not_picked":["Seek","Biased Cognition"],"picked":"Electrodynamics","floor":16},{"not_picked":["Compile Driver","Barrage"],"picked":"Consume","floor":18},{"not_picked":["Rip and Tear","Doom and Gloom"],"picked":"Ball Lightning","floor":18},{"not_picked":["Force Field","Beam Cell"],"picked":"Coolheaded","floor":21},{"not_picked":["Turbo","Hologram"],"picked":"Redo+1","floor":21},{"not_picked":["Capacitor+1","Static Discharge"],"picked":"Coolheaded+1","floor":22},{"not_picked":["Reprogram+1","Gash"],"picked":"Machine Learning","floor":22},{"not_picked":["Recycle+1","Turbo"],"picked":"Melter","floor":24},{"not_picked":["Steam","Compile Driver"],"picked":"Conserve Battery","floor":27},{"not_picked":["Coolheaded","Skim","Hello World+1"],"picked":"SKIP","floor":27},{"not_picked":["Hologram","Compile Driver"],"picked":"Seek","floor":29},{"not_picked":["Sweeping Beam","Streamline","Conserve Battery"],"picked":"SKIP","floor":29},{"not_picked":["Go for the Eyes","Hologram"],"picked":"Chill","floor":30},{"not_picked":["Steam+1","Reprogram+1","Hyperbeam"],"picked":"SKIP","floor":30},{"not_picked":["Streamline","Hyperbeam"],"picked":"Defragment","floor":31},{"not_picked":["Sweeping Beam","Static Discharge"],"picked":"Cold Snap","floor":31},{"not_picked":["All For One","Buffer"],"picked":"Echo Form","floor":33},{"not_picked":["Blizzard","Leap+1"],"picked":"BootSequence+1","floor":35},{"not_picked":["Sweeping Beam","Redo","Recycle"],"picked":"SKIP","floor":35},{"not_picked":["Ball Lightning","Compile Driver"],"picked":"Go for the Eyes+1","floor":41},{"not_picked":["Turbo","Hologram","Hello World+1"],"picked":"SKIP","floor":41},{"not_picked":["Sunder+1","Streamline"],"picked":"Turbo+1","floor":42},{"not_picked":["Compile Driver","Aggregate","Go for the Eyes"],"picked":"SKIP","floor":42},{"not_picked":["Hologram","Sweeping Beam+1","Cold Snap+1"],"picked":"SKIP","floor":45},{"not_picked":["Ball Lightning","Compile Driver+1","Machine Learning"],"picked":"SKIP","floor":45},{"not_picked":["Auto Shields","Reprogram","Hologram+1"],"picked":"SKIP","floor":48}],"player_experience":255136,"relics_obtained":[{"floor":7,"key":"Orichalcum"},{"floor":9,"key":"Potion Belt"},{"floor":13,"key":"Prayer Wheel"},{"floor":14,"key":"Odd Mushroom"},{"floor":24,"key":"Bottled Lightning"},{"floor":26,"key":"Happy Flower"},{"floor":43,"key":"Tiny Chest"},{"floor":44,"key":"Juzu Bracelet"},{"floor":48,"key":"Frozen Egg 2"}],"event_choices":[{"event_name":"World of Goop","player_choice":"Gather Gold","floor":3,"damage_taken":0},{"event_name":"Golden Wing","player_choice":"Card Removal","floor":5,"damage_taken":0},{"event_name":"Mushrooms","player_choice":"Fought Mushrooms","floor":14,"damage_taken":0},{"event_name":"Addict","player_choice":"Obtained Relic","floor":19,"damage_taken":0},{"event_name":"Drug Dealer","player_choice":"Ignored","floor":20,"damage_taken":0},{"event_name":"MindBloom","player_choice":"Upgrade","floor":36,"damage_taken":0},{"event_name":"Upgrade Shrine","player_choice":"Upgraded","floor":38,"damage_taken":0},{"event_name":"Winding Halls","player_choice":"Writhe","floor":47,"damage_taken":0}],"is_beta":false,"boss_relics":[{"not_picked":["Snecko Eye","Pandora\u0027s Box"],"picked":"Inserter"},{"not_picked":["Calling Bell","Fusion Hammer"],"picked":"White Beast Statue"}],"items_purged_floors":[11],"is_endless":false,"potions_floor_spawned":[1,7,13,14,16,21,22,29,31,35,41,42,45,48],"ascension_level":1}