{"gold_per_floor":[116,126,141,153,172,197,197,229,264,276,322,334,376,401,413,502,514,539,567,579,516,543,555,592,604,616,628,172,185,215,228,228,228],"floor_reached":33,"playtime":7631,"items_purged":[],"score":618,"play_id":"695019ba-c6a5-41c0-b41b-83f1fca088ab","local_time":"20190524223059","is_ascension_mode":true,"campfire_choices":[{"floor":7.0,"key":"REST"},{"floor":10.0,"key":"REST"},{"floor":12.0,"key":"REST"},{"data":"Zap","floor":15.0,"key":"SMITH"},{"data":"Seek","floor":23.0,"key":"SMITH"},{"data":"Sunder","floor":25,"key":"SMITH"},{"data":"Sunder","floor":27,"key":"SMITH"},{"data":"Apotheosis","floor":32,"key":"SMITH"}],"neow_cost":"NONE","seed_source_timestamp":0,"circlet_count":0,"master_deck":["AscendersBane","Strike_B","Strike_B","Strike_B","Strike_B","Defend_B","Defend_B+1","Defend_B","Defend_B+1","Zap+1","Dualcast","Sunder+1","Ball Lightning","Auto Shields","Conserve Battery","Reboot","Self Repair","Coolheaded","Conserve Battery","Cold Snap","Sunder+1","Seek+1","Glacier","Apotheosis+1","Defragment"],"special_seed":0,"relics":["Black Star","DataDisk","Gambling Chip","MawBank","Oddly Smooth Stone","Boot","Meat on the Bone","War Paint","Ornamental Fan","Ancient Tea Set","Nuclear Battery","Gremlin Horn","Omamori","Molten Egg 2","Regal Pillow","Lantern","Strawberry","Bronze Scales"],"potions_floor_usage":[30],"damage_taken":[{"damage":2.0,"enemies":"Cultist","floor":1.0,"turns":4.0},{"damage":0.0,"enemies":"2 Louse","floor":2.0,"turns":2.0},{"damage":2.0,"enemies":"Jaw Worm","floor":3.0,"turns":3.0},{"damage":16.0,"enemies":"Blue Slaver","floor":4.0,"turns":5.0},{"damage":3.0,"enemies":"Exordium Wildlife","floor":5.0,"turns":3.0},{"damage":12.0,"enemies":"Gremlin Nob","floor":6.0,"turns":4.0},{"damage":37.0,"enemies":"3 Sentries","floor":8.0,"turns":9.0},{"damage":14.0,"enemies":"Lagavulin","floor":11.0,"turns":7.0},{"damage":17.0,"enemies":"3 Sentries","floor":13.0,"turns":10.0},{"damage":0.0,"enemies":"2 Fungi Beasts","floor":14.0,"turns":4.0},{"damage":15.0,"enemies":"Slime Boss","floor":16.0,"turns":11.0},{"damage":10.0,"enemies":"Shell Parasite","floor":18.0,"turns":9.0},{"damage":0.0,"enemies":"Chosen","floor":19.0,"turns":4.0},{"damage":14.0,"enemies":"Snecko","floor":22.0,"turns":6.0},{"damage":5,"enemies":"Slavers","floor":24,"turns":7},{"damage":9,"enemies":"Centurion and Healer","floor":29,"turns":3},{"damage":11,"enemies":"Gremlin Leader","floor":30,"turns":8},{"damage":0,"enemies":"Shelled Parasite and Fungi","floor":31,"turns":5},{"damage":126,"enemies":"Automaton","floor":33,"turns":12}],"seed_played":"5437361391830052223","potions_obtained":[{"floor":2.0,"key":"Block Potion"},{"floor":4.0,"key":"SpeedPotion"},{"floor":5.0,"key":"Weak Potion"},{"floor":8.0,"key":"Poison Potion"},{"floor":11.0,"key":"SpeedPotion"},{"floor":19.0,"key":"AttackPotion"},{"floor":29,"key":"Ancient Potion"}],"is_trial":false,"path_per_floor":["M","M","M","M","M","E","R","E","T","R","E","R","E","M","R","B",null,"M","M","?","?","M","R","E","R","T","R","$","M","E","M","R","B"],"character_chosen":"DEFECT","items_purchased":["Lantern","Apotheosis","Defragment"],"campfire_rested":3,"item_purchase_floors":[28,28,28],"current_hp_per_floor":[62,62,60,44,41,29,50,20,20,41,34,55,45,52,52,44,64,61,68,68,68,61,61,63,63,63,63,63,64,70,78,78,0],"gold":228,"neow_bonus":"BOSS_RELIC","is_prod":false,"is_daily":false,"chose_seed":false,"campfire_upgraded":5,"win_rate":0,"timestamp":1558751459,"path_taken":["M","M","M","M","?","E","R","E","T","R","E","R","E","M","R","BOSS","M","M","?","?","M","R","E","R","T","R","?","M","E","M","R","BOSS"],"build_version":"2019-01-23","purchased_purges":0,"victory":false,"max_hp_per_floor":[71,71,71,71,71,71,71,71,71,71,71,71,71,71,71,71,71,71,71,71,71,71,71,71,71,71,71,71,71,78,78,78,78],"card_choices":[{"not_picked":["Cold Snap","Leap"],"picked":"Sunder","floor":1.0},{"not_picked":["Compile Driver","Hologram"],"picked":"Ball Lightning","floor":2.0},{"not_picked":["Beam Cell","Darkness"],"picked":"Auto Shields","floor":3.0},{"not_picked":["Capacitor","Coolheaded"],"picked":"Conserve Battery","floor":4.0},{"not_picked":["Barrage","Loop"],"picked":"Reboot","floor":5.0},{"not_picked":["Barrage","Turbo"],"picked":"Self Repair","floor":6.0},{"not_picked":["Streamline","Compile Driver"],"picked":"Coolheaded","floor":8.0},{"not_picked":["Auto Shields","Fusion"],"picked":"Conserve Battery","floor":11.0},{"not_picked":["Coolheaded","Beam Cell"],"picked":"Cold Snap","floor":13.0},{"not_picked":["Meteor Strike","Gash"],"picked":"Sunder","floor":14.0},{"not_picked":["Thunder Strike","Machine Learning"],"picked":"Seek","floor":16.0},{"not_picked":["Leap","Redo","Darkness"],"picked":"SKIP","floor":18.0},{"not_picked":["Leap","Capacitor","Static Discharge+1"],"picked":"SKIP","floor":19.0},{"not_picked":["Ball Lightning","Lockon","Streamline"],"picked":"SKIP","floor":22.0},{"not_picked":["Stack+1","Reinforced Body"],"picked":"Glacier","floor":24},{"not_picked":["Scrape+1","Streamline+1","Sweeping Beam+1"],"picked":"SKIP","floor":29},{"not_picked":["Redo","Tempest","Streamline+1"],"picked":"SKIP","floor":30},{"not_picked":["FTL+1","Gash+1","Turbo"],"picked":"SKIP","floor":31}],"player_experience":764019,"relics_obtained":[{"floor":6.0,"key":"DataDisk"},{"floor":6.0,"key":"Gambling Chip"},{"floor":8.0,"key":"MawBank"},{"floor":8.0,"key":"Oddly Smooth Stone"},{"floor":9.0,"key":"Boot"},{"floor":11.0,"key":"Meat on the Bone"},{"floor":11.0,"key":"War Paint"},{"floor":13.0,"key":"Ornamental Fan"},{"floor":13.0,"key":"Ancient Tea Set"},{"floor":24,"key":"Omamori"},{"floor":24,"key":"Molten Egg 2"},{"floor":26,"key":"Regal Pillow"},{"floor":30,"key":"Strawberry"},{"floor":30,"key":"Bronze Scales"}],"event_choices":[{"damage_healed":0.0,"max_hp_gain":0.0,"max_hp_loss":0.0,"gold_gain":0.0,"event_name":"The Mausoleum","player_choice":"Opened","floor":20.0,"gold_loss":0.0,"damage_taken":0.0,"relics_obtained":["Gremlin Horn"],"cards_obtained":["Writhe"]},{"cards_removed":["Writhe"],"damage_healed":0.0,"max_hp_gain":0.0,"max_hp_loss":0.0,"gold_gain":0.0,"event_name":"Beggar","player_choice":"Gave Gold","floor":21.0,"gold_loss":75.0,"damage_taken":0.0}],"is_beta":false,"boss_relics":[{"not_picked":["Astrolabe","Orrery"],"picked":"Nuclear Battery"}],"items_purged_floors":[],"is_endless":false,"potions_floor_spawned":[2,4,5,8,11,19,29],"killed_by":"Automaton","ascension_level":19}