{"gold_per_floor":[115,19,33,108,126,153,153,171,171,2,177,239,256,23,23,128,128,128,37,37,37,51,51,51],"floor_reached":24,"playtime":710,"items_purged":["Defend_R","Doubt"],"score":194,"play_id":"7b8aef8f-39c0-4494-80ca-975ce9daed86","local_time":"20181124211209","is_ascension_mode":false,"campfire_choices":[{"floor":15,"key":"REST"},{"data":"Limit Break","floor":23,"key":"SMITH"}],"neow_cost":"TEN_PERCENT_HP_LOSS","seed_source_timestamp":97459497960949,"circlet_count":0,"master_deck":["Strike_R+1","Strike_R+1","Strike_R+1","Strike_R+1","Strike_R+1","Defend_R+1","Defend_R+1","Bash","Disarm","Inflame","Shrug It Off","Perfected Strike","Shrug It Off","Thunderclap","Twin Strike","Swift Strike","Thunderclap","Inflame","Armaments","Limit Break+1","Madness","Burning Pact"],"relics":["Burning Blood","Champion Belt","Regal Pillow","Juzu Bracelet","Gremlin Horn","Black Star"],"potions_floor_usage":[12,18,22,22,24],"damage_taken":[{"damage":0,"enemies":"2 Louse","floor":1,"turns":3},{"damage":2,"enemies":"Cultist","floor":3,"turns":5},{"damage":3,"enemies":"Small Slimes","floor":5,"turns":4},{"damage":21,"enemies":"3 Sentries","floor":6,"turns":9},{"damage":23,"enemies":"Exordium Thugs","floor":8,"turns":7},{"damage":23,"enemies":"3 Sentries","floor":12,"turns":6},{"damage":6,"enemies":"Red Slaver","floor":13,"turns":3},{"damage":27,"enemies":"Slime Boss","floor":16,"turns":9},{"damage":0,"enemies":"2 Thieves","floor":18,"turns":1},{"damage":18,"enemies":"Spheric Guardian","floor":22,"turns":4},{"damage":69,"enemies":"Slavers","floor":24,"turns":8}],"seed_played":"1867391980441118133","potions_obtained":[{"floor":1,"key":"SmokeBomb"},{"floor":6,"key":"Explosive Potion"},{"floor":16,"key":"Dexterity Potion"},{"floor":21,"key":"Regen Potion"},{"floor":21,"key":"Energy Potion"}],"is_trial":false,"path_per_floor":["M","$","M","?","M","E","?","M","T","$","?","?","M","$","R","B",null,"M","$","?","?","M","R","E"],"character_chosen":"IRONCLAD","items_purchased":["Inflame","Shrug It Off","Swift Strike","Inflame","Armaments","Madness"],"campfire_rested":1,"item_purchase_floors":[2,2,10,14,14,19],"current_hp_per_floor":[72,72,72,65,68,53,53,36,36,36,36,19,19,19,55,34,72,72,72,72,72,65,65,0],"gold":51,"neow_bonus":"ONE_RARE_RELIC","is_prod":false,"is_daily":false,"chose_seed":false,"campfire_upgraded":1,"win_rate":0,"timestamp":1543090329,"path_taken":["M","$","M","?","?","E","?","M","T","?","?","?","M","$","R","BOSS","M","$","?","?","M","R","E"],"build_version":"2018-11-15","purchased_purges":2,"victory":false,"max_hp_per_floor":[72,72,72,72,72,72,72,72,72,72,72,72,72,72,72,72,72,72,72,72,72,72,72,72],"card_choices":[{"not_picked":["Second Wind","Burning Pact"],"picked":"Disarm","floor":1},{"not_picked":["Body Slam","Twin Strike"],"picked":"Perfected Strike","floor":3},{"not_picked":["Reckless Charge","Flex"],"picked":"Shrug It Off","floor":5},{"not_picked":["Ghostly Armor","Whirlwind"],"picked":"Thunderclap","floor":6},{"not_picked":["Infernal Blade","Wild Strike"],"picked":"Twin Strike","floor":8},{"not_picked":["Disarm","Havoc"],"picked":"Thunderclap","floor":12},{"not_picked":["Anger","Havoc","Clothesline"],"picked":"SKIP","floor":13},{"not_picked":["Juggernaut","Reaper"],"picked":"Limit Break","floor":16},{"not_picked":["Fire Breathing","Anger"],"picked":"Burning Pact","floor":22}],"player_experience":135848,"relics_obtained":[{"floor":6,"key":"Regal Pillow"},{"floor":9,"key":"Juzu Bracelet"},{"floor":12,"key":"Gremlin Horn"}],"event_choices":[{"damage_healed":0,"gold_gain":75,"player_choice":"Touch","damage_taken":7,"max_hp_gain":0,"max_hp_loss":0,"event_name":"FaceTrader","floor":4,"gold_loss":0},{"cards_removed":["Defend_R"],"damage_healed":0,"gold_gain":0,"player_choice":"Purged","damage_taken":0,"max_hp_gain":0,"max_hp_loss":0,"event_name":"Purifier","floor":7,"gold_loss":0},{"damage_healed":0,"gold_gain":175,"player_choice":"AGREE","damage_taken":0,"max_hp_gain":0,"max_hp_loss":0,"event_name":"Liars Game","floor":11,"gold_loss":0,"cards_obtained":["Doubt"]},{"damage_healed":0,"gold_gain":0,"player_choice":"Searched \u00272\u0027 times","damage_taken":0,"max_hp_gain":0,"max_hp_loss":0,"event_name":"Dead Adventurer","floor":12,"gold_loss":0},{"damage_healed":0,"gold_gain":0,"player_choice":"Simplicity","damage_taken":0,"max_hp_gain":0,"max_hp_loss":0,"event_name":"Back to Basics","floor":20,"gold_loss":0,"cards_upgraded":["Strike_R","Strike_R","Strike_R","Strike_R","Strike_R","Defend_R","Defend_R"]},{"damage_healed":0,"gold_gain":0,"player_choice":"Got Potions","damage_taken":0,"max_hp_gain":0,"max_hp_loss":0,"event_name":"Lab","floor":21,"gold_loss":0}],"is_beta":false,"boss_relics":[{"not_picked":["Pandora\u0027s Box","Runic Dome"],"picked":"Black Star"}],"items_purged_floors":[10,14],"is_endless":false,"potions_floor_spawned":[1,6,16],"killed_by":"Slavers","ascension_level":0}