{"gold_per_floor":[111,123,48,48,10,10,28,28,77,42,105,118,138,138],"floor_reached":14,"playtime":596,"items_purged":["Strike_B"],"score":139,"play_id":"414382fb-a92c-4f82-83d1-9e53e9d29ca7","local_time":"20190520225905","is_ascension_mode":true,"campfire_choices":[{"floor":6,"key":"REST"}],"neow_cost":"NONE","seed_source_timestamp":51248217825507,"circlet_count":0,"master_deck":["AscendersBane","Strike_B","Strike_B","Strike_B","Defend_B","Defend_B","Defend_B","Defend_B","Zap","Dualcast","BootSequence","Blizzard","Coolheaded"],"relics":["Philosopher\u0027s Stone","Golden Idol","SsserpentHead","Regal Pillow"],"potions_floor_usage":[11,13],"damage_taken":[{"damage":8,"enemies":"Cultist","floor":1,"turns":4},{"damage":12,"enemies":"2 Louse","floor":2,"turns":2},{"damage":3,"enemies":"Small Slimes","floor":7,"turns":5},{"damage":19,"enemies":"Exordium Wildlife","floor":11,"turns":6},{"damage":8,"enemies":"Blue Slaver","floor":12,"turns":4},{"damage":46,"enemies":"Exordium Thugs","floor":13,"turns":7},{"damage":9,"enemies":"Large Slime","floor":14,"turns":5}],"seed_played":"-7420043924500227827","potions_obtained":[{"floor":2,"key":"Regen Potion"},{"floor":7,"key":"Poison Potion"}],"is_trial":false,"path_per_floor":["M","M","$","?","?","R","M","?","T","$","M","M","M","M"],"character_chosen":"DEFECT","items_purchased":["Blizzard"],"campfire_rested":1,"item_purchase_floors":[10],"current_hp_per_floor":[56,44,44,44,44,63,60,60,60,60,55,47,1,0],"gold":138,"neow_bonus":"BOSS_RELIC","is_prod":false,"is_daily":false,"chose_seed":false,"campfire_upgraded":0,"win_rate":0,"timestamp":1558418345,"path_taken":["M","?","$","?","?","R","M","?","T","$","?","M","M","M"],"build_version":"2019-01-23","purchased_purges":1,"victory":false,"max_hp_per_floor":[71,71,71,66,66,66,66,66,66,66,66,66,66,66],"card_choices":[{"not_picked":["Barrage","Streamline","Tempest"],"picked":"SKIP","floor":1},{"not_picked":["Hologram","Turbo"],"picked":"BootSequence","floor":2},{"not_picked":["Rip and Tear","Redo","Leap"],"picked":"SKIP","floor":7},{"not_picked":["Steam","Doom and Gloom","Turbo"],"picked":"SKIP","floor":11},{"not_picked":["Chaos","Leap"],"picked":"Coolheaded","floor":12},{"not_picked":["Fusion","Chaos","Lockon"],"picked":"SKIP","floor":13}],"player_experience":653474,"relics_obtained":[{"floor":9,"key":"Regal Pillow"}],"event_choices":[{"damage_healed":0,"gold_gain":0,"player_choice":"Lose Max HP","damage_taken":0,"relics_obtained":["Golden Idol"],"max_hp_gain":0,"max_hp_loss":5,"event_name":"Golden Idol","floor":4,"gold_loss":0},{"damage_healed":0,"gold_gain":0,"player_choice":"Left Gold","damage_taken":0,"max_hp_gain":0,"max_hp_loss":0,"event_name":"World of Goop","floor":5,"gold_loss":38},{"damage_healed":0,"gold_gain":0,"player_choice":"Trade","damage_taken":0,"relics_obtained":["SsserpentHead"],"max_hp_gain":0,"max_hp_loss":0,"event_name":"FaceTrader","floor":8,"gold_loss":0}],"is_beta":false,"boss_relics":[],"items_purged_floors":[3],"is_endless":false,"potions_floor_spawned":[2,7],"killed_by":"Large Slime","ascension_level":14}