{"gold_per_floor":[114,125,6,6,6,41,66,109,158,158,158,158,174,199,199,297,297,312,312,336,34,34,34,67,67,67,100,100,115,149,149,149,220,220,231,231,251,267,291,291,326,326,326,326,361,361,381,0,0,0,0],"floor_reached":52,"playtime":1954,"items_purged":["Strike_R","Strike_R"],"score":2023,"play_id":"faae12f0-700c-45b2-9d20-d89f6803d60b","local_time":"20190426231236","is_ascension_mode":true,"campfire_choices":[{"data":"Bash","floor":10.0,"key":"SMITH"},{"data":"True Grit","floor":12.0,"key":"SMITH"},{"data":"Battle Trance","floor":15.0,"key":"SMITH"},{"data":"Uppercut","floor":23.0,"key":"SMITH"},{"floor":25.0,"key":"REST"},{"data":"Limit Break","floor":28.0,"key":"SMITH"},{"floor":32.0,"key":"REST"},{"data":"Double Tap","floor":40.0,"key":"SMITH"},{"floor":42.0,"key":"REST"},{"floor":44.0,"key":"REST"},{"floor":49,"key":"REST"}],"neow_cost":"NONE","seed_source_timestamp":202937230048422,"circlet_count":0,"master_deck":["AscendersBane","Strike_R+1","Strike_R+1","Defend_R","Defend_R","Defend_R","Bash+1","Thunderclap","True Grit+1","Dropkick","Fiend Fire","Battle Trance+1","Feed","Headbutt","Spot Weakness+1","Offering","Sword Boomerang","Feel No Pain+1","Metallicize+1","Shrug It Off","Uppercut+1","Limit Break+1","Battle Trance+1","Double Tap+1","Heavy Blade","Pommel Strike+1"],"special_seed":0,"relics":["Burning Blood","NeowsBlessing","Bloody Idol","Frozen Egg 2","Potion Belt","Art of War","Pen Nib","Sozu","Ancient Tea Set","Whetstone","Bottled Flame","Meat on the Bone","Mummified Hand","Mark of Pain","Orichalcum","Calipers","Bottled Lightning","Vajra","Red Mask"],"potions_floor_usage":[],"damage_taken":[{"damage":0.0,"enemies":"Small Slimes","floor":1.0,"turns":1.0},{"damage":0.0,"enemies":"2 Louse","floor":2.0,"turns":1.0},{"damage":0.0,"enemies":"Lagavulin","floor":6.0,"turns":1.0},{"damage":7.0,"enemies":"Jaw Worm","floor":7.0,"turns":3.0},{"damage":31.0,"enemies":"3 Sentries","floor":8.0,"turns":7.0},{"damage":9.0,"enemies":"Exordium Thugs","floor":13.0,"turns":3.0},{"damage":0.0,"enemies":"Lots of Slimes","floor":14.0,"turns":4.0},{"damage":28.0,"enemies":"The Guardian","floor":16.0,"turns":6.0},{"damage":7.0,"enemies":"3 Byrds","floor":18.0,"turns":4.0},{"damage":6.0,"enemies":"Spheric Guardian","floor":20.0,"turns":1.0},{"damage":38.0,"enemies":"Slavers","floor":24.0,"turns":5.0},{"damage":17.0,"enemies":"Book of Stabbing","floor":27.0,"turns":4.0},{"damage":8.0,"enemies":"Snake Plant","floor":29.0,"turns":3.0},{"damage":37.0,"enemies":"Slavers","floor":30.0,"turns":5.0},{"damage":33.0,"enemies":"Champ","floor":33.0,"turns":12.0},{"damage":23.0,"enemies":"3 Shapes","floor":35.0,"turns":15.0},{"damage":29.0,"enemies":"Orb Walker","floor":37.0,"turns":4.0},{"damage":32.0,"enemies":"4 Shapes","floor":38.0,"turns":6.0},{"damage":62.0,"enemies":"Nemesis","floor":41.0,"turns":7.0},{"damage":37.0,"enemies":"Giant Head","floor":45.0,"turns":6.0},{"damage":18,"enemies":"Maw","floor":47,"turns":7},{"damage":40,"enemies":"Donu and Deca","floor":50,"turns":6},{"damage":33,"enemies":"Time Eater","floor":51,"turns":6}],"seed_played":"-679482520369460755","potions_obtained":[{"floor":1.0,"key":"Strength Potion"},{"floor":7.0,"key":"Energy Potion"},{"floor":14.0,"key":"AttackPotion"}],"is_trial":false,"path_per_floor":["M","M","$","?","?","E","M","E","T","R","?","R","M","M","R","B",null,"M","?","M","$","T","R","E","R","T","E","R","M","E","?","R","B",null,"M","?","M","M","T","R","E","R","T","R","E","?","M","?","R","B","B",null],"character_chosen":"IRONCLAD","items_purchased":["Dropkick","Metallicize+1","Shrug It Off","Uppercut"],"campfire_rested":5,"item_purchase_floors":[3,21,21,21],"current_hp_per_floor":[74,75,75,75,49,55,54,29,29,29,18,18,18,27,27,8,65,67,67,67,67,67,67,35,61,61,50,50,63,47,47,74,64,86,77,77,71,65,70,70,31,60,60,89,63,63,68,68,97,63,48],"gold":0,"neow_bonus":"THREE_ENEMY_KILL","is_prod":false,"is_daily":false,"chose_seed":false,"campfire_upgraded":6,"win_rate":0,"timestamp":1556295156,"path_taken":["M","M","$","?","?","E","M","E","T","R","?","R","M","M","R","BOSS","M","?","M","$","?","R","E","R","T","E","R","?","E","?","R","BOSS","M","?","M","?","?","R","E","R","T","R","E","?","?","?","R","BOSS","BOSS"],"build_version":"2019-01-23","purchased_purges":2,"victory":true,"max_hp_per_floor":[75,75,75,75,75,75,75,75,75,75,75,75,78,81,81,84,84,87,87,87,87,87,87,87,87,87,87,87,90,93,93,93,93,93,96,96,96,99,99,99,99,99,99,99,99,99,99,99,99,99,99],"card_choices":[{"not_picked":["Dual Wield","Searing Blow"],"picked":"Thunderclap","floor":1.0},{"not_picked":["Perfected Strike","Iron Wave"],"picked":"True Grit","floor":2.0},{"not_picked":["True Grit","Sentinel"],"picked":"Fiend Fire","floor":6.0},{"not_picked":["Flex","Flame Barrier"],"picked":"Battle Trance","floor":7.0},{"not_picked":["Cleave","Heavy Blade"],"picked":"Feed","floor":8.0},{"not_picked":["Hemokinesis","Iron Wave"],"picked":"Headbutt","floor":13.0},{"not_picked":["Thunderclap","Hemokinesis"],"picked":"Spot Weakness","floor":14.0},{"not_picked":["Barricade+1","Exhume"],"picked":"Offering","floor":16.0},{"not_picked":["Cleave","Armaments"],"picked":"Sword Boomerang","floor":18.0},{"not_picked":["Power Through","Wild Strike"],"picked":"Feel No Pain+1","floor":20.0},{"not_picked":["Ghostly Armor","True Grit"],"picked":"Limit Break","floor":24.0},{"not_picked":["Armaments","Perfected Strike","Thunderclap"],"picked":"SKIP","floor":27.0},{"not_picked":["Combust+1","Flex","Bloodletting"],"picked":"SKIP","floor":29.0},{"not_picked":["Rage","Cleave"],"picked":"Battle Trance+1","floor":30.0},{"not_picked":["Demon Form+1","Brutality+1"],"picked":"Double Tap","floor":33.0},{"not_picked":["Flex","Wild Strike","Dual Wield+1"],"picked":"SKIP","floor":35.0},{"not_picked":["Sever Soul","Intimidate"],"picked":"Heavy Blade","floor":37.0},{"not_picked":["Intimidate","Body Slam","Headbutt+1"],"picked":"SKIP","floor":38.0},{"not_picked":["Sword Boomerang","Brutality+1","Twin Strike"],"picked":"SKIP","floor":41.0},{"not_picked":["Iron Wave","Dual Wield","Headbutt"],"picked":"SKIP","floor":45.0},{"not_picked":["Wild Strike","Body Slam+1"],"picked":"Pommel Strike+1","floor":47}],"player_experience":444965,"relics_obtained":[{"floor":6.0,"key":"Frozen Egg 2"},{"floor":8.0,"key":"Potion Belt"},{"floor":9.0,"key":"Art of War"},{"floor":22.0,"key":"Ancient Tea Set"},{"floor":24.0,"key":"Whetstone"},{"floor":26.0,"key":"Bottled Flame"},{"floor":27.0,"key":"Meat on the Bone"},{"floor":30.0,"key":"Mummified Hand"},{"floor":39.0,"key":"Orichalcum"},{"floor":41.0,"key":"Calipers"},{"floor":43.0,"key":"Bottled Lightning"},{"floor":45.0,"key":"Vajra"}],"event_choices":[{"damage_healed":0.0,"max_hp_gain":0.0,"max_hp_loss":0.0,"gold_gain":0.0,"event_name":"The Cleric","player_choice":"Leave","floor":4.0,"gold_loss":0.0,"damage_taken":0.0},{"damage_healed":0.0,"max_hp_gain":0.0,"max_hp_loss":0.0,"gold_gain":0.0,"event_name":"Golden Idol","player_choice":"Take Damage","floor":5.0,"gold_loss":0.0,"damage_taken":26.0,"relics_obtained":["Golden Idol"]},{"damage_healed":0.0,"max_hp_gain":0.0,"max_hp_loss":0.0,"gold_gain":0.0,"event_name":"Scrap Ooze","player_choice":"Success","floor":11.0,"gold_loss":0.0,"damage_taken":11.0,"relics_obtained":["Pen Nib"]},{"damage_healed":0.0,"max_hp_gain":0.0,"max_hp_loss":0.0,"gold_gain":0.0,"event_name":"Accursed Blacksmith","player_choice":"Forge","floor":19.0,"gold_loss":0.0,"damage_taken":0.0,"cards_upgraded":["Spot Weakness"]},{"damage_healed":0.0,"max_hp_gain":0.0,"max_hp_loss":0.0,"gold_gain":0.0,"event_name":"Forgotten Altar","player_choice":"Gave Idol","floor":31.0,"relics_lost":["Golden Idol"],"gold_loss":0.0,"damage_taken":0.0,"relics_obtained":["Bloody Idol"]},{"cards_removed":["Strike_R"],"damage_healed":0.0,"max_hp_gain":0.0,"max_hp_loss":0.0,"gold_gain":0.0,"event_name":"Purifier","player_choice":"Purged","floor":36.0,"gold_loss":0.0,"damage_taken":0.0},{"cards_removed":["Defend_R"],"damage_healed":0.0,"max_hp_gain":0.0,"max_hp_loss":0.0,"gold_gain":0.0,"event_name":"Purifier","player_choice":"Purged","floor":46.0,"gold_loss":0.0,"damage_taken":0.0},{"damage_healed":0,"gold_gain":0,"player_choice":"Paid","damage_taken":0,"relics_obtained":["Red Mask"],"max_hp_gain":0,"max_hp_loss":0,"event_name":"Tomb of Lord Red Mask","floor":48,"gold_loss":381}],"is_beta":false,"boss_relics":[{"not_picked":["Philosopher\u0027s Stone","Orrery"],"picked":"Sozu"},{"not_picked":["White Beast Statue","Snecko Eye"],"picked":"Mark of Pain"}],"items_purged_floors":[3,21],"is_endless":false,"potions_floor_spawned":[1,7,14,24,27,29,30,41,45],"ascension_level":20}