{"gold_per_floor":[112,32,32,49,124,124,152,152,178,178,353,385,53,66,66,167,167,183,195,195,224,251,291,303,346,358,401,512,535,561,593,605,722,734,756,868,900,912,15,15,35,62,116,147,158,184,35,0,0,0],"floor_reached":51,"playtime":2758,"items_purged":["Doubt","Writhe"],"score":1094,"play_id":"602e6c93-da2f-4345-836c-b595c922409d","local_time":"20190506101552","is_ascension_mode":true,"campfire_choices":[{"data":"Defragment","floor":6,"key":"SMITH"},{"data":"Chill","floor":8,"key":"SMITH"},{"data":"Zap","floor":10,"key":"SMITH"},{"data":"Dualcast","floor":15,"key":"SMITH"},{"floor":24,"key":"REST"},{"floor":32,"key":"REST"},{"data":"Master of Strategy","floor":40,"key":"SMITH"},{"floor":49,"key":"REST"}],"neow_cost":"NONE","seed_source_timestamp":159002934673300,"circlet_count":0,"master_deck":["Strike_B","Strike_B+1","Strike_B","Strike_B+1","Defend_B","Defend_B+1","Defend_B+1","Zap+1","Dualcast+1","Defragment+1","Chill+1","Ball Lightning","Echo Form","Genetic Algorithm","Electrodynamics+1","Conserve Battery","Hello World+1","Echo Form+1","Creative AI+1","Capacitor+1","Master of Strategy+1","Defragment+1","Bandage Up","Seek"],"relics":["FrozenCore","NeowsBlessing","Oddly Smooth Stone","Centennial Puzzle","Sundial","Frozen Egg 2","MawBank","Whetstone","Smiling Mask","War Paint","Anchor","Inserter","Torii","Vajra","Sling","Bronze Scales","Pen Nib","Bag of Marbles","Shovel","DataDisk","Regal Pillow","Red Mask"],"potions_floor_usage":[25,25,25,42,45,50,50],"damage_taken":[{"damage":0,"enemies":"Jaw Worm","floor":1,"turns":1},{"damage":0,"enemies":"Cultist","floor":4,"turns":1},{"damage":0,"enemies":"3 Sentries","floor":7,"turns":1},{"damage":0,"enemies":"Lagavulin","floor":12,"turns":7},{"damage":0,"enemies":"Small Slimes","floor":14,"turns":3},{"damage":16,"enemies":"The Guardian","floor":16,"turns":8},{"damage":0,"enemies":"3 Byrds","floor":18,"turns":3},{"damage":4,"enemies":"Chosen","floor":19,"turns":4},{"damage":0,"enemies":"3 Cultists","floor":21,"turns":3},{"damage":10,"enemies":"Snecko","floor":22,"turns":4},{"damage":38,"enemies":"Slavers","floor":23,"turns":4},{"damage":17,"enemies":"Book of Stabbing","floor":25,"turns":5},{"damage":21,"enemies":"Slavers","floor":27,"turns":4},{"damage":5,"enemies":"Centurion and Healer","floor":29,"turns":5},{"damage":0,"enemies":"Cultist and Chosen","floor":30,"turns":5},{"damage":6,"enemies":"Snake Plant","floor":31,"turns":6},{"damage":20,"enemies":"Collector","floor":33,"turns":8},{"damage":0,"enemies":"Orb Walker","floor":35,"turns":4},{"damage":0,"enemies":"Mind Bloom Boss Battle","floor":36,"turns":7},{"damage":8,"enemies":"3 Shapes","floor":37,"turns":4},{"damage":9,"enemies":"Jaw Worm Horde","floor":41,"turns":4},{"damage":7,"enemies":"Nemesis","floor":42,"turns":7},{"damage":6,"enemies":"Giant Head","floor":44,"turns":8},{"damage":11,"enemies":"Transient","floor":45,"turns":5},{"damage":20,"enemies":"Reptomancer","floor":46,"turns":7},{"damage":61,"enemies":"Donu and Deca","floor":50,"turns":7}],"seed_played":"5871320892537298848","potions_obtained":[{"floor":4,"key":"Fire Potion"},{"floor":12,"key":"Regen Potion"},{"floor":16,"key":"Fire Potion"},{"floor":22,"key":"Regen Potion"},{"floor":23,"key":"FearPotion"},{"floor":27,"key":"AttackPotion"},{"floor":31,"key":"PowerPotion"},{"floor":33,"key":"Dexterity Potion"},{"floor":45,"key":"SteroidPotion"},{"floor":46,"key":"Poison Potion"}],"is_trial":false,"path_per_floor":["M","$","?","M","?","R","E","R","T","R","?","E","$","M","R","B",null,"M","M","?","M","M","E","R","E","T","E","?","M","M","M","R","B",null,"M","?","M","?","$","R","M","E","T","E","M","E","$","?","R","B",null],"character_chosen":"DEFECT","items_purchased":["Chill","Frozen Egg 2","Master of Strategy","Vajra","Defragment+1","Sling","Bronze Scales","Bandage Up","Regal Pillow"],"campfire_rested":3,"item_purchase_floors":[2,13,39,39,39,39,39,39,47],"current_hp_per_floor":[68,68,68,68,57,57,57,57,57,57,57,57,57,57,57,41,67,67,63,63,63,53,15,37,54,54,33,33,28,28,22,44,24,62,62,62,54,54,54,54,49,50,50,48,41,25,25,25,62,5],"gold":0,"neow_bonus":"THREE_ENEMY_KILL","is_prod":false,"is_daily":false,"chose_seed":false,"campfire_upgraded":5,"win_rate":0,"timestamp":1557152152,"path_taken":["M","$","?","?","?","R","E","R","T","R","?","E","$","M","R","BOSS","M","M","?","M","M","E","R","E","T","E","?","M","?","M","R","BOSS","M","?","M","?","$","R","M","E","T","E","M","E","$","?","R","BOSS"],"build_version":"2019-01-23","purchased_purges":2,"victory":true,"max_hp_per_floor":[75,75,75,75,75,75,75,75,75,75,75,75,75,75,75,75,75,75,75,75,75,75,75,75,75,75,75,75,75,75,75,75,75,75,75,75,75,75,75,75,75,75,75,75,75,75,75,75,75,75],"card_choices":[{"not_picked":["Redo","Glacier"],"picked":"Defragment","floor":1},{"not_picked":["Compile Driver","Barrage"],"picked":"Ball Lightning","floor":4},{"not_picked":["Reinforced Body","Storm"],"picked":"Echo Form","floor":7},{"not_picked":["Hologram","Sweeping Beam","Turbo"],"picked":"SKIP","floor":12},{"not_picked":["Turbo","Double Energy"],"picked":"Genetic Algorithm","floor":14},{"not_picked":["Hyperbeam","All For One"],"picked":"Electrodynamics+1","floor":16},{"not_picked":["Lockon","Doom and Gloom"],"picked":"Conserve Battery","floor":18},{"not_picked":["Storm+1","Conserve Battery","Barrage"],"picked":"SKIP","floor":19},{"not_picked":["Fusion+1","Ball Lightning"],"picked":"Hello World+1","floor":21},{"not_picked":["Barrage","Go for the Eyes","Gash"],"picked":"SKIP","floor":22},{"not_picked":["Go for the Eyes","Melter","Gash"],"picked":"SKIP","floor":23},{"not_picked":["Streamline+1","Gash","Steam"],"picked":"SKIP","floor":25},{"not_picked":["Turbo","Compile Driver"],"picked":"Echo Form+1","floor":27},{"not_picked":["Undo","Turbo"],"picked":"FTL+1","floor":29},{"not_picked":["Reprogram+1","Hologram","Steam Power"],"picked":"SKIP","floor":30},{"not_picked":["Cold Snap","All For One","Reinforced Body"],"picked":"SKIP","floor":31},{"not_picked":["Buffer+1","Biased Cognition+1"],"picked":"Creative AI+1","floor":33},{"not_picked":["Turbo","Steam+1","Heatsinks+1"],"picked":"SKIP","floor":35},{"not_picked":["Turbo","Coolheaded+1"],"picked":"Capacitor+1","floor":37},{"not_picked":["Conserve Battery+1","Reinforced Body+1","Leap"],"picked":"SKIP","floor":41},{"not_picked":["Redo+1","Sweeping Beam","Leap+1"],"picked":"SKIP","floor":42},{"not_picked":["Coolheaded","Thunder Strike","Gash"],"picked":"SKIP","floor":44},{"not_picked":["Hologram","Streamline","Steam+1"],"picked":"SKIP","floor":45},{"not_picked":["Hologram+1","Turbo+1"],"picked":"Seek","floor":46}],"player_experience":739937,"relics_obtained":[{"floor":7,"key":"Oddly Smooth Stone"},{"floor":9,"key":"Centennial Puzzle"},{"floor":12,"key":"Sundial"},{"floor":23,"key":"Whetstone"},{"floor":25,"key":"Smiling Mask"},{"floor":26,"key":"War Paint"},{"floor":27,"key":"Anchor"},{"floor":36,"key":"Torii"},{"floor":42,"key":"Pen Nib"},{"floor":43,"key":"Bag of Marbles"},{"floor":44,"key":"Shovel"},{"floor":46,"key":"DataDisk"}],"event_choices":[{"cards_removed":["Defend_B"],"damage_healed":0,"gold_gain":0,"player_choice":"Purged","damage_taken":0,"max_hp_gain":0,"max_hp_loss":0,"event_name":"Purifier","floor":3,"gold_loss":0},{"damage_healed":0,"gold_gain":75,"player_choice":"Gather Gold","damage_taken":11,"max_hp_gain":0,"max_hp_loss":0,"event_name":"World of Goop","floor":5,"gold_loss":0},{"damage_healed":0,"gold_gain":175,"player_choice":"AGREE","damage_taken":0,"max_hp_gain":0,"max_hp_loss":0,"event_name":"Liars Game","floor":11,"gold_loss":0,"cards_obtained":["Doubt"]},{"damage_healed":0,"gold_gain":0,"player_choice":"Opened","damage_taken":0,"relics_obtained":["MawBank"],"max_hp_gain":0,"max_hp_loss":0,"event_name":"The Mausoleum","floor":20,"gold_loss":0,"cards_obtained":["Writhe"]},{"damage_healed":0,"gold_gain":99,"player_choice":"Stole From Cult","damage_taken":0,"max_hp_gain":0,"max_hp_loss":0,"event_name":"Nest","floor":28,"gold_loss":0},{"damage_healed":0,"gold_gain":0,"player_choice":"Fight","damage_taken":0,"max_hp_gain":0,"max_hp_loss":0,"event_name":"MindBloom","floor":36,"gold_loss":0},{"cards_removed":["FTL"],"damage_healed":0,"gold_gain":0,"player_choice":"Removed Attack","damage_taken":0,"max_hp_gain":0,"max_hp_loss":0,"event_name":"Falling","floor":38,"gold_loss":0},{"damage_healed":0,"gold_gain":0,"player_choice":"Paid","damage_taken":0,"relics_obtained":["Red Mask"],"max_hp_gain":0,"max_hp_loss":0,"event_name":"Tomb of Lord Red Mask","floor":48,"gold_loss":35}],"is_beta":false,"boss_relics":[{"not_picked":["Fusion Hammer","Lizard Tail"],"picked":"FrozenCore"},{"not_picked":["Coffee Dripper","Empty Cage"],"picked":"Inserter"}],"items_purged_floors":[13,39],"is_endless":false,"potions_floor_spawned":[4,12,16,22,23,27,31,33,36,37,45,46],"ascension_level":6}