{"gold_per_floor":[114,114,15,34,50,50,88,102,102,102,115,138,138],"floor_reached":13,"playtime":289,"items_purged":["Defend_R"],"score":87,"play_id":"2e314839-d145-4d21-a559-cf4480442d54","local_time":"20190317155550","is_ascension_mode":false,"campfire_choices":[],"neow_cost":"NONE","seed_source_timestamp":326502358591420,"circlet_count":0,"master_deck":["Strike_R","Strike_R","Strike_R","Strike_R","Strike_R+1","Defend_R","Defend_R","Defend_R","Bash+1","Pummel","Thunderclap","Clash","Searing Blow","Inflame","Twin Strike","Spot Weakness"],"relics":["Burning Blood","NeowsBlessing","Blood Vial","Golden Idol","Singing Bowl","Omamori"],"potions_floor_usage":[13],"damage_taken":[{"damage":0,"enemies":"Jaw Worm","floor":1,"turns":1},{"damage":0,"enemies":"Cultist","floor":4,"turns":1},{"damage":0,"enemies":"2 Louse","floor":5,"turns":1},{"damage":13,"enemies":"Gremlin Nob","floor":7,"turns":4},{"damage":5,"enemies":"2 Fungi Beasts","floor":8,"turns":3},{"damage":15,"enemies":"3 Louse","floor":11,"turns":3},{"damage":30,"enemies":"Exordium Thugs","floor":12,"turns":4},{"damage":31,"enemies":"Lagavulin","floor":13,"turns":3}],"seed_played":"-6394389069079624317","potions_obtained":[{"floor":1,"key":"AttackPotion"},{"floor":7,"key":"Regen Potion"},{"floor":11,"key":"Fire Potion"}],"is_trial":false,"path_per_floor":["M","?","$","M","M","?","E","M","T","?","M","M","E"],"character_chosen":"IRONCLAD","items_purchased":["Thunderclap"],"campfire_rested":0,"item_purchase_floors":[3],"current_hp_per_floor":[80,80,80,80,80,60,57,60,60,44,37,15,0],"gold":138,"neow_bonus":"THREE_ENEMY_KILL","is_prod":false,"is_daily":false,"chose_seed":false,"campfire_upgraded":0,"win_rate":0,"timestamp":1552805750,"path_taken":["M","?","$","?","M","?","E","M","T","?","M","M","E"],"build_version":"2019-01-23","purchased_purges":1,"victory":false,"max_hp_per_floor":[80,80,80,80,80,80,82,82,82,82,82,82,82],"card_choices":[{"not_picked":["Rage","Reckless Charge"],"picked":"Pummel","floor":1},{"not_picked":["Rupture","Pommel Strike"],"picked":"Clash","floor":4},{"not_picked":["Sword Boomerang","Cleave"],"picked":"Searing Blow","floor":5},{"not_picked":["Pommel Strike","Disarm","Searing Blow"],"picked":"Singing Bowl","floor":7},{"not_picked":["Sword Boomerang","Cleave"],"picked":"Inflame","floor":8},{"not_picked":["Sword Boomerang","Infernal Blade"],"picked":"Twin Strike","floor":11},{"not_picked":["Anger","Berserk"],"picked":"Spot Weakness","floor":12}],"player_experience":295414,"relics_obtained":[{"floor":7,"key":"Singing Bowl"},{"floor":9,"key":"Omamori"}],"event_choices":[{"damage_healed":0,"gold_gain":0,"player_choice":"Gave Potion","damage_taken":0,"relics_obtained":["Blood Vial"],"max_hp_gain":0,"max_hp_loss":0,"event_name":"WeMeetAgain","floor":2,"gold_loss":0},{"damage_healed":0,"gold_gain":0,"player_choice":"Take Damage","damage_taken":20,"relics_obtained":["Golden Idol"],"max_hp_gain":0,"max_hp_loss":0,"event_name":"Golden Idol","floor":6,"gold_loss":0},{"damage_healed":0,"gold_gain":0,"player_choice":"Entered Light","damage_taken":16,"max_hp_gain":0,"max_hp_loss":0,"event_name":"Shining Light","floor":10,"gold_loss":0,"cards_upgraded":["Bash","Strike_R"]}],"is_beta":false,"boss_relics":[],"items_purged_floors":[3],"is_endless":false,"potions_floor_spawned":[1,7,11],"killed_by":"Lagavulin","ascension_level":0}