{"gold_per_floor":[114,124,140,140,315,315,346,45,45,63,63,138,168,188,188,292,292,306,325,339,31,31],"floor_reached":22,"playtime":1499,"items_purged":["Doubt"],"score":184,"play_id":"c6028c75-caf8-444f-aa13-5b9f9fe0c93a","local_time":"20180623100630","is_ascension_mode":false,"campfire_choices":[{"data":"Ball Lightning","floor":6,"key":"SMITH"},{"floor":11,"key":"REST"},{"floor":15,"key":"REST"}],"neow_cost":"","seed_source_timestamp":0,"circlet_count":0,"master_deck":["Strike_B","Defend_B","Defend_B","Defend_B","Zap","Dualcast","Steam","Sweeping Beam","Ball Lightning+1","Reinforced Body","Rainbow","Defragment","Conserve Battery","Chaos","Creative AI","Creative AI+1","All For One+1","Double Energy+1","White Noise+1","Genetic Algorithm","Fusion"],"special_seed":0,"relics":["Cracked Core","Kunai","Juzu Bracelet","Question Card","Matryoshka","Odd Mushroom","Astrolabe","Incense Burner"],"potions_floor_usage":[16],"damage_taken":[{"damage":2,"enemies":"2 Louse","floor":1,"turns":3},{"damage":2,"enemies":"Small Slimes","floor":2,"turns":3},{"damage":6,"enemies":"Jaw Worm","floor":3,"turns":3},{"damage":22,"enemies":"Gremlin Nob","floor":7,"turns":4},{"damage":3,"enemies":"Looter","floor":10,"turns":2},{"damage":6,"floor":14,"turns":5},{"damage":65,"enemies":"Hexaghost","floor":16,"turns":13},{"damage":30,"enemies":"2 Thieves","floor":18,"turns":4},{"damage":24,"enemies":"Shell Parasite","floor":19,"turns":9},{"damage":19,"enemies":"Snecko","floor":20,"turns":6},{"damage":10,"enemies":"Centurion and Healer","floor":22,"turns":4}],"seed_played":"-885055233124476504","potions_obtained":[{"floor":3,"key":"SpeedPotion"},{"floor":10,"key":"GamblersBrew"},{"floor":20,"key":"GamblersBrew"}],"is_trial":false,"path_per_floor":["M","M","M","?","?","R","E","$","T","M","R","?","?","?","R","B",null,"M","M","M","$"],"character_chosen":"DEFECT","items_purchased":["Defragment","Juzu Bracelet","Incense Burner"],"campfire_rested":2,"item_purchase_floors":[8,8,21],"current_hp_per_floor":[73,71,65,65,65,65,43,43,43,40,62,51,51,45,67,2,75,45,21,9,9,0],"gold":31,"neow_bonus":"","is_prod":false,"is_daily":false,"chose_seed":false,"campfire_upgraded":1,"win_rate":0.0,"timestamp":1529741190,"path_taken":["M","M","M","?","?","R","E","$","T","M","R","?","?","?","R","BOSS","M","M","M","?","M"],"build_version":"2018-06-21v2","purchased_purges":1,"victory":false,"max_hp_per_floor":[75,75,75,75,75,75,75,75,75,75,75,75,75,75,75,75,75,75,75,75,75,75],"card_choices":[{"not_picked":["Beam Cell","Barrage"],"picked":"Steam","floor":1},{"not_picked":["Stack","Barrage"],"picked":"Sweeping Beam","floor":2},{"not_picked":["Sweeping Beam","Beam Cell"],"picked":"Ball Lightning","floor":3},{"not_picked":["Doom and Gloom","Leap"],"picked":"Rainbow","floor":7},{"not_picked":["Gash","Leap","Blizzard"],"picked":"Conserve Battery","floor":10},{"not_picked":["Streamline","Hologram","Beam Cell"],"picked":"Chaos","floor":14},{"not_picked":["Thunder Strike","Amplify","Buffer"],"picked":"Creative AI","floor":16},{"not_picked":["Beam Cell","Barrage","Steam"],"picked":"White Noise+1","floor":18},{"not_picked":["Barrage","Cold Snap","Stack"],"picked":"Genetic Algorithm","floor":19},{"not_picked":["Steam","Chill+1","FTL"],"picked":"Fusion","floor":20}],"player_experience":14188,"relics_obtained":[{"floor":7,"key":"Kunai"},{"floor":9,"key":"Question Card"},{"floor":14,"key":"Odd Mushroom"}],"event_choices":[{"event_name":"Living Wall","player_choice":"Change","floor":4,"damage_taken":0},{"event_name":"Liars Game","player_choice":"agreed","floor":5,"damage_taken":0},{"event_name":"World of Goop","player_choice":"Gather Gold","floor":12,"damage_taken":0},{"event_name":"Dead Adventurer","player_choice":"Searched \u00272\u0027 times","floor":13,"damage_taken":0},{"event_name":"Mushrooms","player_choice":"Fought Mushrooms","floor":14,"damage_taken":0}],"boss_relics":[{"not_picked":["Runic Pyramid","Black Star"],"picked":"Astrolabe"}],"items_purged_floors":[8],"is_endless":false,"potions_floor_spawned":[3,10,20],"killed_by":"Centurion and Healer","ascension_level":0}