{"gold_per_floor":[113,127,227,242,242,242,261,261,261,1,80,93,93,113,113,215,215,229,240,240,2,20,39,55,79,79,79,89,89,188,218,218,218],"floor_reached":33,"playtime":2444,"items_purged":[],"score":284,"play_id":"608c9e69-beff-4bbd-8faf-9e94521ffeab","local_time":"20190115195713","is_ascension_mode":false,"campfire_choices":[{"data":"Armaments","floor":6,"key":"SMITH"},{"data":"Feed","floor":8,"key":"SMITH"},{"floor":15,"key":"REST"},{"data":"Spot Weakness","floor":27,"key":"SMITH"},{"data":"Limit Break","floor":29,"key":"SMITH"},{"floor":32,"key":"REST"}],"neow_cost":"NONE","seed_source_timestamp":454205761126171,"circlet_count":0,"master_deck":["Strike_R","Strike_R","Strike_R","Strike_R","Strike_R","Defend_R","Defend_R","Defend_R","Defend_R","Bash","Feed+1","Armaments+1","Whirlwind+1","Fire Breathing","Sword Boomerang+1","Sword Boomerang","Limit Break+1","Thunderclap+1","Metallicize+1","Spot Weakness+1","Limit Break","Shrug It Off","Combust","Heavy Blade+1","Heavy Blade","Iron Wave+1"],"relics":["Burning Blood","Self Forming Clay","Mercury Hourglass","Sundial","Velvet Choker","Pen Nib","Paper Frog","Molten Egg 2"],"potions_floor_usage":[14,16,24,33],"damage_taken":[{"damage":13,"enemies":"Jaw Worm","floor":1,"turns":6},{"damage":5,"enemies":"Cultist","floor":2,"turns":4},{"damage":2,"enemies":"Small Slimes","floor":4,"turns":4},{"damage":25,"enemies":"Exordium Thugs","floor":7,"turns":7},{"damage":5,"enemies":"Looter","floor":12,"turns":4},{"damage":0,"enemies":"2 Fungi Beasts","floor":14,"turns":2},{"damage":82,"enemies":"Hexaghost","floor":16,"turns":12},{"damage":17,"enemies":"Spheric Guardian","floor":18,"turns":5},{"damage":10,"enemies":"Shell Parasite","floor":19,"turns":4},{"damage":1,"enemies":"Cultist and Chosen","floor":22,"turns":4},{"damage":16,"enemies":"Centurion and Healer","floor":23,"turns":6},{"damage":26,"enemies":"Snecko","floor":24,"turns":7},{"damage":10,"enemies":"Cultist and Chosen","floor":28,"turns":6},{"damage":12,"enemies":"Book of Stabbing","floor":31,"turns":3},{"damage":91,"enemies":"Collector","floor":33,"turns":11}],"seed_played":"3474010923835938788","potions_obtained":[{"floor":2,"key":"Energy Potion"},{"floor":12,"key":"AttackPotion"},{"floor":16,"key":"SmokeBomb"},{"floor":19,"key":"PowerPotion"},{"floor":22,"key":"GamblersBrew"},{"floor":31,"key":"Block Potion"}],"is_trial":false,"path_per_floor":["M","M","?","M","?","R","M","R","T","$","T","M","?","M","R","B",null,"M","M","?","$","M","M","M","T","T","R","M","R","?","E","R","B"],"character_chosen":"IRONCLAD","items_purchased":["Mercury Hourglass","Spot Weakness","Limit Break"],"campfire_rested":2,"item_purchase_floors":[10,21,21],"current_hp_per_floor":[76,80,80,88,90,90,75,75,75,75,75,80,60,66,95,19,98,87,83,83,83,92,82,62,62,62,62,58,58,58,52,82,0],"gold":218,"neow_bonus":"ONE_RANDOM_RARE_CARD","is_prod":false,"is_daily":false,"chose_seed":false,"campfire_upgraded":4,"win_rate":0.0,"timestamp":1547600233,"path_taken":["M","M","?","?","?","R","M","R","T","$","?","M","?","M","R","BOSS","M","M","?","$","M","M","M","?","T","R","M","R","?","E","R","BOSS"],"build_version":"2019-01-10","purchased_purges":0,"victory":false,"max_hp_per_floor":[83,86,86,90,90,90,94,94,94,94,94,98,98,98,98,98,98,98,98,98,98,102,102,102,102,102,102,102,102,102,102,102,102],"card_choices":[{"not_picked":["Iron Wave","Body Slam"],"picked":"Armaments","floor":1},{"not_picked":["Dropkick","Cleave"],"picked":"Whirlwind","floor":2},{"not_picked":["Warcry","Thunderclap"],"picked":"Fire Breathing","floor":4},{"not_picked":["Bludgeon","Headbutt"],"picked":"Fire Breathing","floor":7},{"not_picked":["Thunderclap","Twin Strike"],"picked":"Sword Boomerang","floor":12},{"not_picked":["Clothesline","Clash"],"picked":"Sword Boomerang","floor":14},{"not_picked":["Offering","Brutality"],"picked":"Limit Break","floor":16},{"not_picked":["Metallicize","Flex"],"picked":"Thunderclap+1","floor":18},{"not_picked":["Heavy Blade","Body Slam+1"],"picked":"Metallicize+1","floor":19},{"not_picked":["Pommel Strike","Hemokinesis+1"],"picked":"Shrug It Off","floor":22},{"not_picked":["True Grit","Feel No Pain"],"picked":"Combust","floor":23},{"not_picked":["Perfected Strike+1","Offering"],"picked":"Heavy Blade+1","floor":24},{"not_picked":["Clothesline","Body Slam"],"picked":"Heavy Blade","floor":28},{"not_picked":["Warcry","Flex"],"picked":"Iron Wave","floor":31}],"player_experience":43359,"relics_obtained":[{"floor":9,"key":"Self Forming Clay"},{"floor":11,"key":"Sundial"},{"floor":25,"key":"Pen Nib"},{"floor":26,"key":"Paper Frog"},{"floor":31,"key":"Molten Egg 2"}],"event_choices":[{"damage_healed":0,"gold_gain":100,"player_choice":"Pray","damage_taken":0,"max_hp_gain":0,"max_hp_loss":0,"event_name":"Golden Shrine","floor":3,"gold_loss":0},{"cards_removed":["Fire Breathing"],"damage_healed":2,"gold_gain":0,"player_choice":"Offered Uncommon","damage_taken":0,"max_hp_gain":0,"max_hp_loss":0,"event_name":"Bonfire Elementals","floor":5,"gold_loss":0},{"damage_healed":0,"gold_gain":0,"player_choice":"Entered Light","damage_taken":20,"max_hp_gain":0,"max_hp_loss":0,"event_name":"Shining Light","floor":13,"gold_loss":0,"cards_upgraded":["Sword Boomerang","Whirlwind"]},{"damage_healed":0,"gold_gain":0,"player_choice":"Ignored","damage_taken":0,"max_hp_gain":0,"max_hp_loss":0,"event_name":"Ghosts","floor":20,"gold_loss":0},{"damage_healed":0,"gold_gain":99,"player_choice":"Stole From Cult","damage_taken":0,"max_hp_gain":0,"max_hp_loss":0,"event_name":"Nest","floor":30,"gold_loss":0}],"is_beta":false,"boss_relics":[{"not_picked":["Mark of Pain","Lizard Tail"],"picked":"Velvet Choker"}],"items_purged_floors":[],"is_endless":false,"potions_floor_spawned":[2,12,16,19,22,31],"killed_by":"Collector","ascension_level":0}