{"gold_per_floor":[13,13,13,13,0,35,35,48,48,60,60,71,71,91,91,91],"floor_reached":16,"playtime":687,"items_purged":[],"score":170,"play_id":"21047611-f7f0-4b6a-98f7-f9987b5d1a8b","local_time":"20190518161447","is_ascension_mode":true,"campfire_choices":[{"floor":7,"key":"REST"},{"floor":15,"key":"REST"}],"neow_cost":"NO_GOLD","seed_source_timestamp":25532035685160,"circlet_count":0,"master_deck":["AscendersBane","Strike_B","Defend_B","Defend_B","Defend_B","Defend_B","Zap","Dualcast","Static Discharge","Conserve Battery","BootSequence","Go for the Eyes"],"relics":["Cracked Core","Potion Belt","Mummified Hand","Ornamental Fan"],"potions_floor_usage":[6,16],"damage_taken":[{"damage":0,"enemies":"Small Slimes","floor":1,"turns":3},{"damage":52,"enemies":"Gremlin Nob","floor":6,"turns":6},{"damage":7,"enemies":"2 Louse","floor":8,"turns":3},{"damage":7,"enemies":"Jaw Worm","floor":10,"turns":3},{"damage":1,"enemies":"Looter","floor":12,"turns":4},{"damage":6,"enemies":"Large Slime","floor":14,"turns":8},{"damage":32,"enemies":"The Guardian","floor":16,"turns":7}],"seed_played":"3716666461541445761","potions_obtained":[{"floor":1,"key":"Block Potion"},{"floor":10,"key":"Weak Potion"},{"floor":12,"key":"SteroidPotion"}],"is_trial":false,"path_per_floor":["M","?","?","?","?","E","R","M","T","M","$","M","$","M","R","B"],"character_chosen":"DEFECT","items_purchased":[],"campfire_rested":2,"item_purchase_floors":[],"current_hp_per_floor":[64,69,57,57,57,5,27,20,20,13,13,12,12,6,28,0],"gold":91,"neow_bonus":"REMOVE_TWO","is_prod":false,"is_daily":false,"chose_seed":false,"campfire_upgraded":0,"win_rate":0,"timestamp":1558221287,"path_taken":["M","?","?","?","?","E","R","?","T","M","$","M","$","M","R","BOSS"],"build_version":"2019-01-23","purchased_purges":0,"victory":false,"max_hp_per_floor":[71,76,76,76,76,76,76,76,76,76,76,76,76,76,76,76],"card_choices":[{"not_picked":["Barrage","Tempest","Coolheaded"],"picked":"SKIP","floor":1},{"not_picked":["Compile Driver","Barrage","Cold Snap"],"picked":"SKIP","floor":6},{"not_picked":["Skim","Steam"],"picked":"Conserve Battery","floor":8},{"not_picked":["Steam","Genetic Algorithm","Turbo"],"picked":"SKIP","floor":10},{"not_picked":["Glacier","Recycle"],"picked":"BootSequence","floor":12},{"not_picked":["Sunder","Hologram"],"picked":"Go for the Eyes","floor":14}],"player_experience":629486,"relics_obtained":[{"floor":6,"key":"Mummified Hand"},{"floor":9,"key":"Ornamental Fan"}],"event_choices":[{"damage_healed":0,"gold_gain":0,"player_choice":"Donut","damage_taken":0,"max_hp_gain":5,"max_hp_loss":0,"event_name":"Big Fish","floor":2,"gold_loss":0},{"damage_healed":0,"gold_gain":0,"player_choice":"Success","damage_taken":12,"relics_obtained":["Potion Belt"],"max_hp_gain":0,"max_hp_loss":0,"event_name":"Scrap Ooze","floor":3,"gold_loss":0},{"damage_healed":0,"gold_gain":0,"cards_transformed":["Strike_B"],"player_choice":"Change","damage_taken":0,"max_hp_gain":0,"max_hp_loss":0,"event_name":"Living Wall","floor":4,"gold_loss":0,"cards_obtained":["Static Discharge"]},{"damage_healed":0,"gold_gain":0,"player_choice":"Left Gold","damage_taken":0,"max_hp_gain":0,"max_hp_loss":0,"event_name":"World of Goop","floor":5,"gold_loss":13}],"is_beta":false,"boss_relics":[],"items_purged_floors":[],"is_endless":false,"potions_floor_spawned":[1,10,12],"killed_by":"The Guardian","ascension_level":14}