{"gold_per_floor":[114,114,39,39,39,39,39,52,77,77,110,110,110,130,130,259,259,278,278,255,255,99,99,99,99,152,152,55,68,68,109,109,230,230,243,309,642,642,137,137,137,137,191,191,226,31,31,31,31,130,130,146,46,56,56,56,56,91,11,11,25,25,25,25,50,50,149,149,161,125,125,136,136,136,136,136,167,167,194,212,212,137,137,233,233],"floor_reached":85,"playtime":3810,"items_purged":["Sucker Punch","Deflect"],"score":2109,"play_id":"4876f31c-efa2-4029-95aa-2f69b4beccf6","local_time":"20190322213117","daily_mods":["Draft","Heirloom","Flight","Elite Swarm"],"is_ascension_mode":false,"campfire_choices":[{"data":"Deadly Poison","floor":6.0,"key":"SMITH"},{"floor":13.0,"key":"DIG"},{"floor":15.0,"key":"DIG"},{"data":"Tactician","floor":23.0,"key":"SMITH"},{"data":"Adrenaline","floor":24.0,"key":"SMITH"},{"data":"Tools of the Trade","floor":25.0,"key":"SMITH"},{"floor":27.0,"key":"DIG"},{"floor":30.0,"key":"DIG"},{"data":"Venomology","floor":32.0,"key":"SMITH"},{"floor":40.0,"key":"DIG"},{"floor":41.0,"key":"DIG"},{"floor":42.0,"key":"DIG"},{"data":"Footwork","floor":44.0,"key":"SMITH"},{"data":"Concentrate","floor":47,"key":"SMITH"},{"floor":49,"key":"DIG"},{"floor":57,"key":"DIG"},{"floor":62,"key":"DIG"},{"floor":63,"key":"DIG"},{"floor":66,"key":"DIG"},{"data":"Iron Wave","floor":74,"key":"PURGE"},{"floor":75,"key":"DIG"},{"floor":76,"key":"DIG"},{"floor":78,"key":"DIG"},{"floor":83,"key":"DIG"}],"neow_cost":"","seed_source_timestamp":82503546465667,"circlet_count":0,"master_deck":["Acrobatics","Expertise","Deadly Poison+1","Escape Plan","Backflip","Tactician+1","Caltrops+1","Crippling Poison+1","Tools of the Trade+1","Adrenaline+1","Deflect","Good Instincts","Venomology+1","After Image","Venomology+1","Malaise+1","Night Terror+1","Tactician+1","Footwork+1","Concentrate+1","Adrenaline+1","Calculated Gamble+1","Expertise+1","Escape Plan+1","Tactician+1","Adrenaline+1","Burst+1","Caltrops","Tactician+1","Calculated Gamble+1","Footwork"],"special_seed":0,"relics":["Ring of the Serpent","FossilizedHelix","Shuriken","Centennial Puzzle","Odd Mushroom","Shovel","Pantograph","Vajra","Empty Cage","The Specimen","Snake Skull","Strawberry","Tingsha","Peace Pipe","Oddly Smooth Stone","Astrolabe","Prayer Wheel","Mummified Hand","Bronze Scales","Darkstone Periapt","Art of War","Omamori","Boot","Toxic Egg 2","Chemical X","CultistMask","Blood Vial","Dead Branch","Pen Nib","Ornamental Fan","Letter Opener","Torii","Unceasing Top","HoveringKite","Whetstone","Matryoshka","Regal Pillow","Gremlin Horn","Eternal Feather"],"potions_floor_usage":[50,50,50,50,54,58,65,65,67,69,69,72,77,77,79,79,79,80,84,84],"damage_taken":[{"damage":0.0,"enemies":"Small Slimes","floor":1.0,"turns":3.0},{"damage":0.0,"enemies":"Jaw Worm","floor":8.0,"turns":4.0},{"damage":7.0,"enemies":"The Mushroom Lair","floor":11.0,"turns":3.0},{"damage":0.0,"enemies":"2 Louse","floor":14.0,"turns":2.0},{"damage":5.0,"enemies":"The Guardian","floor":16.0,"turns":7.0},{"damage":6.0,"enemies":"Chosen","floor":18.0,"turns":4.0},{"damage":0.0,"enemies":"Shell Parasite","floor":29.0,"turns":2.0},{"damage":0.0,"enemies":"Slavers","floor":31.0,"turns":4.0},{"damage":0.0,"enemies":"Champ","floor":33.0,"turns":10.0},{"damage":0.0,"enemies":"3 Shapes","floor":35.0,"turns":4.0},{"damage":7.0,"enemies":"2 Orb Walkers","floor":36.0,"turns":4.0},{"damage":0.0,"enemies":"Giant Head","floor":45.0,"turns":7.0},{"damage":10,"enemies":"Awakened One","floor":50,"turns":13},{"damage":0,"enemies":"Jaw Worm","floor":52,"turns":3},{"damage":0,"enemies":"2 Louse","floor":54,"turns":1},{"damage":0,"enemies":"Gremlin Nob","floor":58,"turns":1},{"damage":0,"enemies":"Cultist","floor":61,"turns":2},{"damage":0,"enemies":"Lagavulin","floor":65,"turns":2},{"damage":0,"enemies":"Hexaghost","floor":67,"turns":3},{"damage":15,"enemies":"2 Thieves","floor":69,"turns":2},{"damage":0,"enemies":"Shell Parasite","floor":72,"turns":2},{"damage":0,"enemies":"Gremlin Leader","floor":77,"turns":2},{"damage":0,"enemies":"Slavers","floor":79,"turns":2},{"damage":0,"enemies":"Centurion and Healer","floor":80,"turns":1},{"damage":0,"enemies":"Champ","floor":84,"turns":4}],"seed_played":"-2856531468603802469","potions_obtained":[{"floor":8.0,"key":"SpeedPotion"},{"floor":11.0,"key":"Strength Potion"},{"floor":16.0,"key":"Strength Potion"},{"floor":29.0,"key":"AttackPotion"},{"floor":35.0,"key":"SmokeBomb"},{"floor":45.0,"key":"Explosive Potion"},{"floor":67,"key":"Dexterity Potion"},{"floor":71,"key":"PowerPotion"}],"is_trial":true,"path_per_floor":["M","?","$","?","?","R","$","M","T","?","?","?","R","M","R","B",null,"M","?","$","?","$","R","R","R","T","R","$","M","R","E","R","B",null,"M","?","?","?","$","R","R","R","T","R","E","$","R","?","R","B",null,"M","$","M","?","?","R","E","$","T","M","R","R","?","E","R","B",null,"M","$","?","M","?","R","R","R","E","R","E","M","?","?","R","B",null],"character_chosen":"THE_SILENT","items_purchased":["Deflect","Snake Skull","Good Instincts","Mummified Hand","Footwork","Bronze Scales","Concentrate","Chemical X","Tactician+1","Tactician+1"],"campfire_rested":0,"item_purchase_floors":[20,22,28,39,39,39,39,46,59,70],"current_hp_per_floor":[70,53,53,50,55,55,55,55,55,40,33,33,33,33,33,53,75,69,69,69,69,69,69,69,69,76,76,76,76,76,76,76,82,82,82,75,75,75,75,75,75,75,75,75,75,75,75,75,75,72,82,82,82,82,79,72,72,74,74,74,76,76,76,76,78,78,82,82,67,67,67,69,69,69,69,69,71,71,73,75,75,75,75,82,82],"gold":233,"neow_bonus":"","is_prod":false,"is_daily":false,"chose_seed":false,"campfire_upgraded":7,"win_rate":0,"timestamp":1553257877,"path_taken":["M","?","?","?","?","R","?","?","T","?","?","?","R","M","R","BOSS","M","?","$","?","$","R","R","R","T","R","?","?","R","E","R","BOSS","M","?","?","?","?","R","R","R","T","R","E","?","R","?","R","BOSS","M","$","M","?","?","R","E","?","T","?","R","R","?","E","R","BOSS","M","?","?","?","?","R","R","R","E","R","E","?","?","?","R","BOSS"],"build_version":"2019-01-23","purchased_purges":2,"victory":false,"max_hp_per_floor":[70,70,70,70,75,75,75,75,75,75,75,75,75,75,75,75,75,75,75,75,75,75,75,75,75,82,82,82,82,82,82,82,82,82,82,82,82,82,82,82,82,82,82,82,82,82,82,82,82,82,82,82,82,82,82,82,82,82,82,82,82,82,82,82,82,82,82,82,82,82,82,82,82,82,82,82,82,82,82,82,82,82,82,82,82],"card_choices":[{"not_picked":["Dagger Throw","Eviscerate"],"picked":"Backflip","floor":0.0},{"not_picked":["Underhanded Strike","PiercingWail"],"picked":"Dodge and Roll","floor":0.0},{"not_picked":["Outmaneuver","Riddle With Holes"],"picked":"Dagger Throw","floor":0.0},{"not_picked":["Slice","Quick Slash"],"picked":"Acrobatics","floor":0.0},{"not_picked":["Riddle With Holes","Outmaneuver"],"picked":"Expertise","floor":0.0},{"not_picked":["Quick Slash","Flechettes"],"picked":"Dagger Spray","floor":0.0},{"not_picked":["Riddle With Holes","Skewer"],"picked":"Deflect","floor":0.0},{"not_picked":["Dagger Spray","Slice"],"picked":"Deadly Poison","floor":0.0},{"not_picked":["All Out Attack","Prepared"],"picked":"Dagger Spray","floor":0.0},{"not_picked":["Bane","Concentrate"],"picked":"Escape Plan","floor":0.0},{"not_picked":["Cloak And Dagger","Masterful Stab"],"picked":"Sucker Punch","floor":0.0},{"not_picked":["Blade Dance","Sucker Punch"],"picked":"Backflip","floor":0.0},{"not_picked":["Backflip","Prepared"],"picked":"Tactician","floor":0.0},{"not_picked":["Blade Dance","Deflect"],"picked":"Caltrops","floor":0.0},{"not_picked":["Blade Dance","Quick Slash"],"picked":"Prepared","floor":0.0},{"not_picked":["PiercingWail","Poisoned Stab","Dagger Throw"],"picked":"SKIP","floor":1.0},{"not_picked":["Bouncing Flask","PiercingWail"],"picked":"Bane","floor":8.0},{"not_picked":["PiercingWail","Dodge and Roll"],"picked":"Crippling Poison","floor":11.0},{"not_picked":["Dodge and Roll","Dagger Throw"],"picked":"Tools of the Trade","floor":14.0},{"not_picked":["Corpse Explosion","Unload"],"picked":"Adrenaline","floor":16.0},{"not_picked":["Endless Agony+1","Flechettes+1","Heel Hook"],"picked":"SKIP","floor":18.0},{"not_picked":["Dagger Throw","Heel Hook"],"picked":"Poisoned Stab","floor":29.0},{"not_picked":["Glass Knife","Unload"],"picked":"Venomology","floor":31.0},{"not_picked":["Malaise","Grand Finale"],"picked":"After Image","floor":33.0},{"not_picked":["Underhanded Strike+1","Expertise+1","Bane+1"],"picked":"SKIP","floor":35.0},{"not_picked":["Blade Dance","Quick Slash"],"picked":"Tactician+1","floor":36.0},{"not_picked":["Unload","After Image"],"picked":"Adrenaline","floor":45.0},{"not_picked":["Envenom","Storm of Steel+1"],"picked":"Night Terror+1","floor":50},{"not_picked":["Dodge and Roll+1","Deflect+1"],"picked":"Calculated Gamble+1","floor":52},{"not_picked":["Flying Knee","Blade Dance+1"],"picked":"Expertise+1","floor":52},{"not_picked":["Outmaneuver+1","Infinite Blades"],"picked":"Escape Plan+1","floor":54},{"not_picked":["Masterful Stab","Caltrops","Deflect+1"],"picked":"SKIP","floor":54},{"not_picked":["Phantasmal Killer+1","Die Die Die","Bullet Time+1"],"picked":"SKIP","floor":58},{"not_picked":["Dagger Spray","Cloak And Dagger+1","Infinite Blades"],"picked":"SKIP","floor":61},{"not_picked":["Dash","Blade Dance+1","Endless Agony"],"picked":"SKIP","floor":61},{"not_picked":["Unload","After Image"],"picked":"Adrenaline+1","floor":65},{"not_picked":["Grand Finale","Die Die Die"],"picked":"Burst+1","floor":67},{"not_picked":["Quick Slash","Slice"],"picked":"Caltrops","floor":69},{"not_picked":["Dagger Spray+1","Bane+1","Cloak And Dagger+1"],"picked":"SKIP","floor":69},{"not_picked":["Acrobatics+1","Choke"],"picked":"Calculated Gamble+1","floor":72},{"not_picked":["Setup+1","Cloak And Dagger+1","Deflect+1"],"picked":"SKIP","floor":72},{"not_picked":["Burst+1","Malaise+1","Night Terror+1"],"picked":"SKIP","floor":77},{"not_picked":["Malaise+1","After Image","Burst+1"],"picked":"SKIP","floor":79},{"not_picked":["Deadly Poison+1","Backflip+1"],"picked":"Footwork","floor":80},{"not_picked":["Bane","Predator","Quick Slash"],"picked":"SKIP","floor":80}],"player_experience":356354,"relics_obtained":[{"floor":9.0,"key":"Centennial Puzzle"},{"floor":11.0,"key":"Odd Mushroom"},{"floor":13.0,"key":"Pantograph"},{"floor":15.0,"key":"Vajra"},{"floor":26.0,"key":"Strawberry"},{"floor":27.0,"key":"Tingsha"},{"floor":30.0,"key":"Peace Pipe"},{"floor":31.0,"key":"Oddly Smooth Stone"},{"floor":36.0,"key":"Prayer Wheel"},{"floor":40.0,"key":"Darkstone Periapt"},{"floor":41.0,"key":"Art of War"},{"floor":42.0,"key":"Omamori"},{"floor":43.0,"key":"Boot"},{"floor":45.0,"key":"Toxic Egg 2"},{"floor":49,"key":"Blood Vial"},{"floor":57,"key":"Pen Nib"},{"floor":60,"key":"Ornamental Fan"},{"floor":62,"key":"Letter Opener"},{"floor":63,"key":"Torii"},{"floor":66,"key":"Unceasing Top"},{"floor":75,"key":"Whetstone"},{"floor":76,"key":"Matryoshka"},{"floor":78,"key":"Regal Pillow"}],"event_choices":[{"damage_healed":0.0,"max_hp_gain":0.0,"max_hp_loss":0.0,"gold_gain":0.0,"event_name":"Golden Idol","player_choice":"Take Damage","floor":2.0,"gold_loss":0.0,"damage_taken":17.0,"relics_obtained":["Golden Idol"]},{"damage_healed":0.0,"max_hp_gain":0.0,"max_hp_loss":0.0,"gold_gain":0.0,"event_name":"Scrap Ooze","player_choice":"Success","floor":4.0,"gold_loss":0.0,"damage_taken":3.0,"relics_obtained":["Shuriken"]},{"damage_healed":0.0,"max_hp_gain":5.0,"max_hp_loss":0.0,"gold_gain":0.0,"event_name":"Big Fish","player_choice":"Donut","floor":5.0,"gold_loss":0.0,"damage_taken":0.0},{"damage_healed":0.0,"max_hp_gain":0.0,"max_hp_loss":0.0,"gold_gain":0.0,"event_name":"Shining Light","player_choice":"Entered Light","floor":10.0,"gold_loss":0.0,"damage_taken":15.0,"cards_upgraded":["Caltrops","Dagger Throw"]},{"damage_healed":0.0,"max_hp_gain":0.0,"max_hp_loss":0.0,"gold_gain":0.0,"event_name":"Mushrooms","player_choice":"Fought Mushrooms","floor":11.0,"gold_loss":0.0,"damage_taken":0.0},{"damage_healed":0.0,"max_hp_gain":0.0,"max_hp_loss":0.0,"gold_gain":0.0,"event_name":"Dead Adventurer","player_choice":"Searched \u00271\u0027 times","floor":12.0,"gold_loss":0.0,"damage_taken":0.0,"relics_obtained":["Shovel"]},{"cards_removed":["Dodge and Roll"],"damage_healed":0.0,"max_hp_gain":0.0,"max_hp_loss":0.0,"gold_gain":0.0,"event_name":"Back to Basics","player_choice":"Elegance","floor":19.0,"gold_loss":0.0,"damage_taken":0.0},{"damage_healed":0.0,"max_hp_gain":0.0,"max_hp_loss":0.0,"gold_gain":0.0,"event_name":"The Mausoleum","player_choice":"Opened","floor":21.0,"gold_loss":0.0,"damage_taken":0.0,"relics_obtained":["The Specimen"]},{"damage_healed":0.0,"max_hp_gain":0.0,"max_hp_loss":0.0,"gold_gain":0.0,"event_name":"Mysterious Sphere","player_choice":"Fight","floor":36.0,"gold_loss":0.0,"damage_taken":0.0},{"damage_healed":0.0,"max_hp_gain":0.0,"max_hp_loss":0.0,"gold_gain":333.0,"event_name":"The Moai Head","player_choice":"Gave Idol","floor":37.0,"relics_lost":["Golden Idol"],"gold_loss":0.0,"damage_taken":0.0},{"damage_healed":0.0,"max_hp_gain":0.0,"max_hp_loss":0.0,"gold_gain":0.0,"event_name":"Tomb of Lord Red Mask","player_choice":"Ignored","floor":38.0,"gold_loss":0.0,"damage_taken":0.0},{"damage_healed":0,"gold_gain":0,"player_choice":"Trade","damage_taken":0,"relics_obtained":["CultistMask"],"max_hp_gain":0,"max_hp_loss":0,"event_name":"FaceTrader","floor":48,"gold_loss":0},{"damage_healed":0,"gold_gain":0,"player_choice":"Success","damage_taken":3,"relics_obtained":["Dead Branch"],"max_hp_gain":0,"max_hp_loss":0,"event_name":"Scrap Ooze","floor":55,"gold_loss":0},{"cards_removed":["Poisoned Stab"],"damage_healed":0,"gold_gain":0,"player_choice":"Card Removal","damage_taken":7,"max_hp_gain":0,"max_hp_loss":0,"event_name":"Golden Wing","floor":56,"gold_loss":0},{"damage_healed":0,"gold_gain":0,"player_choice":"Upgraded","damage_taken":0,"max_hp_gain":0,"max_hp_loss":0,"event_name":"Upgrade Shrine","floor":64,"gold_loss":0,"cards_upgraded":["Crippling Poison"]},{"damage_healed":0,"gold_gain":0,"player_choice":"Got Potions","damage_taken":0,"max_hp_gain":0,"max_hp_loss":0,"event_name":"Lab","floor":71,"gold_loss":0},{"cards_removed":["Night Terror"],"damage_healed":0,"gold_gain":0,"player_choice":"Took Card","damage_taken":0,"max_hp_gain":0,"max_hp_loss":0,"event_name":"NoteForYourself","floor":73,"gold_loss":0,"cards_obtained":["Iron Wave"]},{"damage_healed":0,"gold_gain":0,"player_choice":"Opened","damage_taken":0,"relics_obtained":["Gremlin Horn"],"max_hp_gain":0,"max_hp_loss":0,"event_name":"The Mausoleum","floor":81,"gold_loss":0},{"cards_removed":["Dagger Throw"],"damage_healed":0,"gold_gain":0,"player_choice":"Gave Gold","damage_taken":0,"max_hp_gain":0,"max_hp_loss":0,"event_name":"Beggar","floor":82,"gold_loss":75}],"is_beta":false,"boss_relics":[{"not_picked":["White Beast Statue","Orrery"],"picked":"Empty Cage"},{"not_picked":["Calling Bell","Fusion Hammer"],"picked":"Astrolabe"},{"not_picked":["Velvet Choker","Lizard Tail"],"picked":"Ring of the Serpent"},{"not_picked":["Fusion Hammer","White Beast Statue"],"picked":"HoveringKite"},{"not_picked":["Lizard Tail","Sozu"],"picked":"Eternal Feather"}],"items_purged_floors":[3,53],"is_endless":true,"potions_floor_spawned":[8,11,16,29,35,45,58,65,67,69,72],"ascension_level":0}