{"gold_per_floor":[114,129,204,102,118,118,150,150,175,175,205,205,230,245,245,346,346,360,275,291,291],"floor_reached":21,"playtime":576,"items_purged":["Strike_B"],"score":268,"play_id":"7c0a395c-1c6b-4dbc-a4de-634eca2bf7e9","local_time":"20190605155536","is_ascension_mode":true,"campfire_choices":[{"data":"Hologram","floor":6,"key":"SMITH"},{"floor":10,"key":"REST"},{"floor":12,"key":"REST"},{"data":"Scrape","floor":15,"key":"SMITH"}],"neow_cost":"NONE","seed_source_timestamp":105235920489074,"circlet_count":0,"master_deck":["Strike_B","Strike_B","Strike_B","Defend_B","Defend_B","Defend_B","Defend_B","Zap","Dualcast","Gash","Hologram+1","Scrape+1","Gash","Gash","Glacier","Seek","Gash","Coolheaded","Self Repair","Coolheaded","Defragment+1"],"relics":["Cracked Core","NeowsBlessing","Dream Catcher","Blood Vial","Nunchaku","Orrery","Lantern"],"potions_floor_usage":[21,21],"damage_taken":[{"damage":0,"enemies":"Small Slimes","floor":1,"turns":1},{"damage":0,"enemies":"Cultist","floor":2,"turns":1},{"damage":0,"enemies":"2 Louse","floor":5,"turns":1},{"damage":48,"enemies":"Gremlin Nob","floor":7,"turns":5},{"damage":30,"enemies":"Lagavulin","floor":13,"turns":4},{"damage":1,"enemies":"Looter","floor":14,"turns":2},{"damage":16,"enemies":"The Guardian","floor":16,"turns":8},{"damage":0,"enemies":"Spheric Guardian","floor":18,"turns":3},{"damage":18,"enemies":"2 Thieves","floor":20,"turns":5},{"damage":29,"enemies":"Colosseum Slavers","floor":21,"turns":5},{"damage":56,"enemies":"Colosseum Nobs","floor":21,"turns":5}],"seed_played":"-5802497496568741120","potions_obtained":[{"floor":2,"key":"LiquidBronze"},{"floor":14,"key":"FocusPotion"}],"is_trial":false,"path_per_floor":["M","M","?","$","M","R","E","?","T","R","?","R","E","M","R","B",null,"M","?","M","?"],"character_chosen":"DEFECT","items_purchased":["Hologram"],"campfire_rested":2,"item_purchase_floors":[4],"current_hp_per_floor":[68,68,61,61,61,61,13,13,13,35,35,57,29,30,30,16,60,69,69,60,0],"gold":291,"neow_bonus":"THREE_ENEMY_KILL","is_prod":false,"is_daily":false,"chose_seed":false,"campfire_upgraded":2,"win_rate":0,"timestamp":1559742936,"path_taken":["M","M","?","$","?","R","E","?","T","R","?","R","E","M","R","BOSS","M","?","M","?"],"build_version":"2019-01-23","purchased_purges":1,"victory":false,"max_hp_per_floor":[75,75,75,75,75,75,75,75,75,75,75,75,75,75,75,75,75,75,75,75,75],"card_choices":[{"not_picked":["Steam","Steam Power"],"picked":"Gash","floor":1},{"not_picked":["Rebound","Fusion","Compile Driver"],"picked":"SKIP","floor":2},{"not_picked":["Rebound","Fusion","Compile Driver"],"picked":"SKIP","floor":2},{"not_picked":["Genetic Algorithm","Loop"],"picked":"Scrape","floor":5},{"not_picked":["Compile Driver","Meteor Strike"],"picked":"Gash","floor":7},{"not_picked":["Ball Lightning","Static Discharge"],"picked":"Gash","floor":12},{"not_picked":["Glacier","Steam Power","Scrape"],"picked":"SKIP","floor":13},{"not_picked":["Stack","Leap"],"picked":"Glacier","floor":14},{"not_picked":["Buffer","Hyperbeam"],"picked":"Seek","floor":16},{"not_picked":["Hologram","Barrage"],"picked":"Gash","floor":17},{"not_picked":["Ball Lightning","Hologram"],"picked":"Coolheaded","floor":17},{"not_picked":["Skim","Seek"],"picked":"Self Repair","floor":17},{"not_picked":["Tempest","Chaos"],"picked":"Coolheaded","floor":17},{"not_picked":["Blizzard","Glacier"],"picked":"Defragment+1","floor":18},{"not_picked":["Chaos","Beam Cell+1","Turbo"],"picked":"SKIP","floor":20}],"player_experience":121312,"relics_obtained":[{"floor":7,"key":"Dream Catcher"},{"floor":9,"key":"Blood Vial"},{"floor":13,"key":"Nunchaku"}],"event_choices":[{"damage_healed":0,"gold_gain":75,"player_choice":"Touch","damage_taken":7,"max_hp_gain":0,"max_hp_loss":0,"event_name":"FaceTrader","floor":3,"gold_loss":0},{"damage_healed":0,"gold_gain":0,"player_choice":"Ignored","damage_taken":0,"max_hp_gain":0,"max_hp_loss":0,"event_name":"Shining Light","floor":8,"gold_loss":0},{"damage_healed":0,"gold_gain":30,"player_choice":"Searched \u00271\u0027 times","damage_taken":0,"max_hp_gain":0,"max_hp_loss":0,"event_name":"Dead Adventurer","floor":11,"gold_loss":0},{"damage_healed":0,"gold_gain":0,"player_choice":"Obtained Relic","damage_taken":0,"relics_obtained":["Lantern"],"max_hp_gain":0,"max_hp_loss":0,"event_name":"Addict","floor":19,"gold_loss":85},{"damage_healed":0,"gold_gain":0,"player_choice":"Fight","damage_taken":0,"max_hp_gain":0,"max_hp_loss":0,"event_name":"Colosseum","floor":21,"gold_loss":0},{"damage_healed":0,"gold_gain":0,"player_choice":"Fought Nobs","damage_taken":0,"max_hp_gain":0,"max_hp_loss":0,"event_name":"Colosseum","floor":21,"gold_loss":0}],"is_beta":false,"boss_relics":[{"not_picked":["Pandora\u0027s Box","Busted Crown"],"picked":"Orrery"}],"items_purged_floors":[4],"is_endless":false,"potions_floor_spawned":[2,14,21],"killed_by":"Colosseum Nobs","ascension_level":6}