{"gold_per_floor":[118,39,39,111,111,144,144,185,185,206,206,229,6,27,27,156,156,177,201,116,116,140,140,176,176],"floor_reached":25,"playtime":766,"items_purged":["Injury"],"score":277,"play_id":"76c89d04-1c56-423c-8826-ba1dc88731d8","local_time":"20180805095317","is_ascension_mode":true,"campfire_choices":[{"floor":7,"key":"REST"},{"data":"Shrug It Off","floor":15,"key":"SMITH"},{"floor":23,"key":"REST"}],"neow_cost":"","seed_source_timestamp":164982130234270,"circlet_count":0,"master_deck":["Strike_R","Strike_R","Strike_R","Strike_R","Defend_R","Defend_R","Defend_R","Defend_R","Bash+1","Headbutt","Inflame","Feed","Flex","Shrug It Off+1","Demon Form","Dual Wield","Inflame+1","Burning Pact"],"relics":["Burning Blood","Kunai","Golden Idol","Art of War","Charon\u0027s Ashes","Champion Belt","Pen Nib","Sozu","Gambling Chip","Incense Burner"],"potions_floor_usage":[16,19],"damage_taken":[{"damage":0,"enemies":"Small Slimes","floor":1,"turns":3},{"damage":31,"enemies":"Gremlin Nob","floor":6,"turns":5},{"damage":36,"enemies":"Lagavulin","floor":8,"turns":7},{"damage":6,"enemies":"Jaw Worm","floor":10,"turns":3},{"damage":5,"enemies":"Cultist","floor":12,"turns":4},{"damage":7,"enemies":"Exordium Wildlife","floor":14,"turns":4},{"damage":34,"enemies":"Hexaghost","floor":16,"turns":8},{"damage":36,"enemies":"3 Byrds","floor":18,"turns":5},{"damage":41,"enemies":"2 Thieves","floor":19,"turns":4},{"damage":52,"enemies":"Centurion and Healer","floor":22,"turns":7},{"damage":30,"enemies":"Book of Stabbing","floor":24,"turns":5},{"damage":23,"enemies":"Snake Plant","floor":25,"turns":3}],"seed_played":"-3515207803316287093","potions_obtained":[{"floor":10,"key":"LiquidBronze"},{"floor":16,"key":"Weak Potion"}],"is_trial":false,"path_per_floor":["M","$","?","T","?","E","R","E","T","M","?","M","$","M","R","B",null,"M","M","?","?","M","R","E"],"character_chosen":"IRONCLAD","items_purchased":["Inflame","Pen Nib"],"campfire_rested":2,"item_purchase_floors":[2,13],"current_hp_per_floor":[80,80,80,80,80,55,79,52,52,55,55,56,56,55,55,27,86,59,27,27,57,14,42,21,0],"gold":176,"neow_bonus":"","is_prod":false,"is_daily":false,"chose_seed":false,"campfire_upgraded":1,"win_rate":0,"timestamp":1533455597,"path_taken":["M","$","?","?","?","E","R","E","T","M","?","M","?","M","R","BOSS","M","?","?","?","?","R","E","M"],"build_version":"2018-08-02","purchased_purges":1,"victory":false,"max_hp_per_floor":[80,80,80,80,80,80,80,83,83,86,86,86,86,86,86,86,86,89,92,92,92,95,95,98,98],"card_choices":[{"not_picked":["True Grit","Uppercut"],"picked":"Headbutt","floor":1},{"not_picked":["Warcry","Rage"],"picked":"Feed","floor":6},{"not_picked":["Pummel","Perfected Strike"],"picked":"Flex","floor":8},{"not_picked":["Feel No Pain","Searing Blow","True Grit"],"picked":"SKIP","floor":10},{"not_picked":["Body Slam","Flex"],"picked":"Shrug It Off","floor":12},{"not_picked":["Heavy Blade","Flex","Iron Wave"],"picked":"SKIP","floor":14},{"not_picked":["Dark Embrace","Reaper"],"picked":"Demon Form","floor":16},{"not_picked":["Fire Breathing","Shrug It Off"],"picked":"Dual Wield","floor":18},{"not_picked":["Body Slam","Warcry+1","Iron Wave"],"picked":"SKIP","floor":19},{"not_picked":["Bloodletting","Body Slam"],"picked":"Inflame+1","floor":22},{"not_picked":["Sword Boomerang","Body Slam+1"],"picked":"Burning Pact","floor":24}],"player_experience":105330,"relics_obtained":[{"floor":4,"key":"Kunai"},{"floor":6,"key":"Art of War"},{"floor":8,"key":"Charon\u0027s Ashes"},{"floor":9,"key":"Champion Belt"},{"floor":24,"key":"Incense Burner"}],"event_choices":[{"event_name":"Living Wall","player_choice":"Forget","floor":3,"damage_taken":0},{"event_name":"Golden Idol","player_choice":"Take Wound","floor":5,"damage_taken":0},{"event_name":"Upgrade Shrine","player_choice":"Upgraded","floor":11,"damage_taken":0},{"event_name":"Addict","player_choice":"Obtained Relic","floor":20,"damage_taken":0},{"event_name":"The Library","player_choice":"Heal","floor":21,"damage_taken":0}],"is_beta":false,"boss_relics":[{"not_picked":["Runic Pyramid","White Beast Statue"],"picked":"Sozu"}],"items_purged_floors":[13],"is_endless":false,"potions_floor_spawned":[10,16,24],"killed_by":"Snake Plant","ascension_level":2}