{"gold_per_floor":[112,131,145,145,165,165,200,200,253,269,289,310,310,310,310,430,430,444,444,467,16,30,30,70,70,123,123,139,139,139,139,139,269,332,346,365,178,198,211,211,211],"floor_reached":41,"playtime":4142,"items_purged":["Strike_G"],"score":465,"play_id":"0f04f25e-df46-4fd9-85ec-3798f84ae96f","local_time":"20190417105459","is_ascension_mode":false,"campfire_choices":[{"floor":6,"key":"REST"},{"floor":8,"key":"REST"},{"data":"Catalyst","floor":13,"key":"SMITH"},{"data":"Deadly Poison","floor":15,"key":"SMITH"},{"floor":23,"key":"REST"},{"floor":27,"key":"REST"},{"floor":29,"key":"REST"},{"data":"Backstab","floor":32,"key":"SMITH"}],"neow_cost":"NONE","seed_source_timestamp":88536746320800,"circlet_count":0,"master_deck":["Defend_G","Defend_G","Defend_G","Defend_G","Defend_G","Strike_G","Strike_G","Strike_G","Strike_G","Survivor","Neutralize","Backstab+1","Flying Knee","Slice","Deadly Poison","Catalyst+1","Deadly Poison+1","Corpse Explosion","Infinite Blades+1","Deadly Poison+1","Flying Knee","Blur+1","Envenom+1","All Out Attack+1","RitualDagger","Die Die Die","Poisoned Stab","Dagger Throw+1","Blur+1","Noxious Fumes","Deadly Poison+1","Dodge and Roll+1"],"relics":["Ring of the Snake","Golden Idol","Mercury Hourglass","Anchor","WristBlade","Bottled Lightning","Strawberry","Juzu Bracelet","Tiny Chest","Tiny House","Prayer Wheel"],"potions_floor_usage":[7,16,18,33,33,39,39,41,41],"damage_taken":[{"damage":0,"enemies":"Jaw Worm","floor":1,"turns":4},{"damage":0,"enemies":"2 Louse","floor":2,"turns":3},{"damage":0,"enemies":"Small Slimes","floor":3,"turns":4},{"damage":2,"enemies":"Blue Slaver","floor":5,"turns":3},{"damage":12,"enemies":"3 Sentries","floor":7,"turns":11},{"damage":0,"enemies":"3 Louse","floor":10,"turns":2},{"damage":0,"enemies":"2 Fungi Beasts","floor":11,"turns":2},{"damage":4,"enemies":"Exordium Thugs","floor":12,"turns":4},{"damage":36,"enemies":"Hexaghost","floor":16,"turns":6},{"damage":35,"enemies":"Spheric Guardian","floor":18,"turns":6},{"damage":0,"enemies":"Chosen","floor":20,"turns":4},{"damage":0,"enemies":"Centurion and Healer","floor":22,"turns":2},{"damage":32,"enemies":"Book of Stabbing","floor":24,"turns":5},{"damage":3,"enemies":"Snecko","floor":28,"turns":3},{"damage":34,"enemies":"Automaton","floor":33,"turns":10},{"damage":2,"enemies":"3 Shapes","floor":35,"turns":4},{"damage":40,"enemies":"3 Darklings","floor":36,"turns":5},{"damage":7,"enemies":"Spire Growth","floor":38,"turns":3},{"damage":42,"enemies":"Sphere and 2 Shapes","floor":39,"turns":8},{"damage":19,"enemies":"Reptomancer","floor":41,"turns":3}],"seed_played":"5441464482145002820","potions_obtained":[{"floor":1,"key":"Energy Potion"},{"floor":3,"key":"LiquidBronze"},{"floor":5,"key":"GamblersBrew"},{"floor":7,"key":"SteroidPotion"},{"floor":22,"key":"GhostInAJar"},{"floor":24,"key":"LiquidBronze"},{"floor":33,"key":"Swift Potion"},{"floor":34,"key":"EntropicBrew"},{"floor":35,"key":"Dexterity Potion"},{"floor":38,"key":"Regen Potion"},{"floor":39,"key":"Strength Potion"}],"is_trial":false,"path_per_floor":["M","M","M","?","M","R","E","R","T","M","M","M","R","?","R","B",null,"M","?","M","$","M","R","E","?","T","R","M","R","?","?","R","B",null,"M","M","$","M","M","T","E"],"character_chosen":"THE_SILENT","items_purchased":["Bottled Lightning","Strawberry","Flying Knee","GhostInAJar","Noxious Fumes"],"campfire_rested":5,"item_purchase_floors":[21,21,21,37,37],"current_hp_per_floor":[70,70,70,53,51,70,58,70,70,70,70,66,66,66,66,30,70,35,22,22,29,29,53,21,21,21,45,42,66,60,60,60,26,87,85,45,45,38,11,11,0],"gold":211,"neow_bonus":"THREE_CARDS","is_prod":false,"is_daily":false,"chose_seed":false,"campfire_upgraded":3,"win_rate":0.0,"timestamp":1555491299,"path_taken":["M","M","M","?","M","R","E","R","T","M","M","M","R","?","R","BOSS","M","?","M","$","M","R","E","?","T","R","M","R","?","?","R","BOSS","M","M","$","M","M","?","E"],"build_version":"2019-01-23","purchased_purges":1,"victory":false,"max_hp_per_floor":[70,70,70,70,70,70,70,70,70,70,70,70,70,70,70,70,70,70,75,75,82,82,82,82,82,82,82,82,82,82,82,82,82,87,87,87,87,87,87,87,87],"card_choices":[{"not_picked":["Quick Slash","Underhanded Strike"],"picked":"Backstab","floor":0},{"not_picked":["Quick Slash","Catalyst"],"picked":"Flying Knee","floor":1},{"not_picked":["Blade Dance","Prepared","Expertise"],"picked":"SKIP","floor":2},{"not_picked":["Expertise","Heel Hook"],"picked":"Slice","floor":3},{"not_picked":["Sucker Punch","Acrobatics"],"picked":"Deadly Poison","floor":5},{"not_picked":["Blade Dance","Dodge and Roll","Reflex"],"picked":"SKIP","floor":7},{"not_picked":["Bane","Crippling Poison"],"picked":"Catalyst","floor":10},{"not_picked":["Escape Plan","Reflex","Tactician"],"picked":"SKIP","floor":11},{"not_picked":["Terror","Bane"],"picked":"Deadly Poison","floor":12},{"not_picked":["Night Terror","Unload"],"picked":"Corpse Explosion","floor":16},{"not_picked":["Endless Agony","Expertise+1"],"picked":"Infinite Blades+1","floor":18},{"not_picked":["Deflect+1","Distraction"],"picked":"Deadly Poison+1","floor":20},{"not_picked":["PiercingWail","Deadly Poison"],"picked":"Blur+1","floor":22},{"not_picked":["After Image","Expertise"],"picked":"Envenom","floor":24},{"not_picked":["Reflex","Slice"],"picked":"All Out Attack","floor":28},{"not_picked":["A Thousand Cuts","Bullet Time"],"picked":"Die Die Die","floor":33},{"not_picked":["Prepared","Underhanded Strike"],"picked":"Poisoned Stab","floor":34},{"not_picked":["Footwork","Prepared"],"picked":"Dagger Throw+1","floor":35},{"not_picked":["Footwork","Prepared+1"],"picked":"Blur+1","floor":36},{"not_picked":["Tactician","Acrobatics"],"picked":"Deadly Poison+1","floor":38},{"not_picked":["Prepared","Deflect"],"picked":"Dodge and Roll+1","floor":39}],"player_experience":86496,"relics_obtained":[{"floor":7,"key":"Mercury Hourglass"},{"floor":9,"key":"Anchor"},{"floor":24,"key":"Juzu Bracelet"},{"floor":26,"key":"Tiny Chest"},{"floor":40,"key":"Prayer Wheel"}],"event_choices":[{"damage_healed":0,"gold_gain":0,"player_choice":"Take Damage","damage_taken":17,"relics_obtained":["Golden Idol"],"max_hp_gain":0,"max_hp_loss":0,"event_name":"Golden Idol","floor":4,"gold_loss":0},{"damage_healed":0,"gold_gain":0,"player_choice":"Ignored","damage_taken":0,"max_hp_gain":0,"max_hp_loss":0,"event_name":"Liars Game","floor":14,"gold_loss":0},{"damage_healed":0,"gold_gain":0,"player_choice":"Shed Blood","damage_taken":18,"max_hp_gain":5,"max_hp_loss":0,"event_name":"Forgotten Altar","floor":19,"gold_loss":0},{"damage_healed":0,"gold_gain":0,"player_choice":"Ignored","damage_taken":0,"max_hp_gain":0,"max_hp_loss":0,"event_name":"Beggar","floor":25,"gold_loss":0},{"damage_healed":0,"gold_gain":0,"player_choice":"Joined the Cult","damage_taken":6,"max_hp_gain":0,"max_hp_loss":0,"event_name":"Nest","floor":30,"gold_loss":0,"cards_obtained":["RitualDagger"]},{"damage_healed":0,"gold_gain":0,"player_choice":"Upgraded","damage_taken":0,"max_hp_gain":0,"max_hp_loss":0,"event_name":"Upgrade Shrine","floor":31,"gold_loss":0,"cards_upgraded":["Envenom"]}],"is_beta":false,"boss_relics":[{"not_picked":["Calling Bell","Astrolabe"],"picked":"WristBlade"},{"not_picked":["Sozu","Empty Cage"],"picked":"Tiny House"}],"items_purged_floors":[37],"is_endless":false,"potions_floor_spawned":[1,3,5,7,22,24,33,35,38,39],"killed_by":"Reptomancer","ascension_level":0}