{"gold_per_floor":[112,130,130,130,148,148,164,195,195,220,220,246,262,281,281,378,378,392,165,265,281,293,321,321,333,333,333,345,49,82,112,112,214,214,229,3,3,3,20,31,31,31,58,58,58,6,23,38,38,38],"floor_reached":50,"playtime":1400,"items_purged":["Strike_R","Strike_R"],"score":552,"play_id":"178934b1-f4e1-48f9-a101-3fa96a12547d","local_time":"20181128182920","is_ascension_mode":false,"campfire_choices":[{"data":"Bash","floor":6,"key":"SMITH"},{"data":"Double Tap","floor":11,"key":"SMITH"},{"data":"Flex","floor":15,"key":"SMITH"},{"floor":24,"key":"REST"},{"data":"Armaments","floor":27,"key":"SMITH"},{"data":"Apotheosis","floor":32,"key":"SMITH"},{"floor":41,"key":"REST"},{"floor":45,"key":"REST"},{"floor":49,"key":"REST"}],"neow_cost":"NONE","seed_source_timestamp":185320371749424,"circlet_count":0,"master_deck":["Strike_R+1","Defend_R","Defend_R+1","Defend_R","Defend_R","Bash+1","Cleave","Sword Boomerang+1","Cleave+1","Double Tap+1","Disarm","Cleave","Intimidate","Flex+1","Thunderclap","Immolate","Battle Trance","Armaments+1","True Grit+1","Inflame+1","Twin Strike","Apotheosis+1","Double Tap","Seeing Red+1","Impervious","Searing Blow+1","Pommel Strike+1","Rampage+1","Madness","Madness","Flex","Demon Form","Shrug It Off"],"relics":["Burning Blood","PreservedInsect","Matryoshka","Whetstone","Mummified Hand","Red Skull","Letter Opener","Sozu","Bag of Marbles","Thread and Needle","Ornamental Fan","Darkstone Periapt","Oddly Smooth Stone","Ginger","Red Mask","Nunchaku","Astrolabe","War Paint","Orichalcum","Dream Catcher"],"potions_floor_usage":[10,16,16,20,20],"damage_taken":[{"damage":11,"enemies":"Jaw Worm","floor":1,"turns":5},{"damage":4,"enemies":"Small Slimes","floor":2,"turns":4},{"damage":6,"enemies":"Cultist","floor":5,"turns":3},{"damage":12,"enemies":"Large Slime","floor":7,"turns":7},{"damage":6,"enemies":"Gremlin Nob","floor":8,"turns":3},{"damage":27,"enemies":"Lagavulin","floor":10,"turns":4},{"damage":6,"enemies":"Gremlin Nob","floor":12,"turns":3},{"damage":7,"enemies":"3 Louse","floor":13,"turns":2},{"damage":8,"enemies":"Exordium Wildlife","floor":14,"turns":2},{"damage":0,"enemies":"Slime Boss","floor":16,"turns":6},{"damage":21,"enemies":"Shell Parasite","floor":18,"turns":4},{"damage":25,"enemies":"Colosseum Slavers","floor":20,"turns":2},{"damage":14,"enemies":"Colosseum Nobs","floor":20,"turns":3},{"damage":9,"enemies":"2 Thieves","floor":21,"turns":2},{"damage":0,"enemies":"Snecko","floor":22,"turns":1},{"damage":6,"enemies":"Slavers","floor":23,"turns":3},{"damage":0,"enemies":"3 Cultists","floor":25,"turns":1},{"damage":0,"enemies":"Chosen and Byrds","floor":28,"turns":3},{"damage":2,"enemies":"Masked Bandits","floor":30,"turns":2},{"damage":4,"enemies":"Book of Stabbing","floor":31,"turns":3},{"damage":28,"enemies":"Champ","floor":33,"turns":7},{"damage":1,"enemies":"3 Shapes","floor":35,"turns":2},{"damage":8,"enemies":"3 Darklings","floor":39,"turns":3},{"damage":31,"enemies":"Spire Growth","floor":40,"turns":5},{"damage":25,"enemies":"Maw","floor":47,"turns":7},{"damage":29,"enemies":"Writhing Mass","floor":48,"turns":4},{"damage":64,"enemies":"Donu and Deca","floor":50,"turns":6}],"seed_played":"-1938750458845307120","potions_obtained":[{"floor":2,"key":"SteroidPotion"},{"floor":8,"key":"Poison Potion"},{"floor":10,"key":"LiquidBronze"},{"floor":12,"key":"AttackPotion"},{"floor":16,"key":"Dexterity Potion"}],"is_trial":false,"path_per_floor":["M","M","?","?","M","R","M","E","T","E","R","E","M","M","R","B",null,"M","$","?","M","M","E","R","M","T","R","M","$","?","E","R","B",null,"M","$","?","$","M","M","R","?","T","?","R","$","M","M","R","B"],"character_chosen":"IRONCLAD","items_purchased":["Bag of Marbles","Apotheosis","War Paint","Intimidate","Flex"],"campfire_rested":4,"item_purchase_floors":[19,29,36,36,46],"current_hp_per_floor":[75,77,77,77,77,77,71,71,71,50,50,50,49,47,47,53,80,65,65,38,35,41,41,65,71,71,71,77,77,80,80,80,58,80,80,80,80,80,78,53,77,77,77,67,80,80,61,38,62,0],"gold":38,"neow_bonus":"RANDOM_COMMON_RELIC","is_prod":false,"is_daily":false,"chose_seed":false,"campfire_upgraded":5,"win_rate":0,"timestamp":1543426160,"path_taken":["M","M","?","?","M","R","M","E","T","E","R","E","M","?","R","BOSS","M","$","?","M","M","E","R","M","T","R","M","$","?","E","R","BOSS","M","$","?","?","M","M","R","?","T","?","R","?","M","M","R","BOSS"],"build_version":"2018-11-15","purchased_purges":2,"victory":false,"max_hp_per_floor":[80,80,80,80,80,80,80,80,80,80,80,80,80,80,80,80,80,80,80,80,80,80,80,80,80,80,80,80,80,80,80,80,80,80,80,80,80,80,80,80,80,80,80,80,80,80,80,80,80,80],"card_choices":[{"not_picked":["Iron Wave","Warcry"],"picked":"Cleave","floor":1},{"not_picked":["Iron Wave","Anger"],"picked":"Sword Boomerang","floor":2},{"not_picked":["Twin Strike","Shockwave"],"picked":"Cleave","floor":5},{"not_picked":["Power Through","Clothesline"],"picked":"Double Tap","floor":7},{"not_picked":["Ghostly Armor","Anger"],"picked":"Disarm","floor":8},{"not_picked":["Havoc","Dark Embrace"],"picked":"Cleave","floor":10},{"not_picked":["Bloodletting","Burning Pact"],"picked":"Intimidate","floor":12},{"not_picked":["Perfected Strike","Anger"],"picked":"Flex","floor":13},{"not_picked":["Wild Strike","Cleave"],"picked":"Thunderclap","floor":14},{"not_picked":["Impervious","Feed"],"picked":"Immolate","floor":16},{"not_picked":["Thunderclap","Heavy Blade"],"picked":"Cleave","floor":18},{"not_picked":["Dropkick","Twin Strike"],"picked":"Battle Trance","floor":20},{"not_picked":["Carnage+1","Fire Breathing"],"picked":"Armaments","floor":21},{"not_picked":["Headbutt+1","Pommel Strike","Searing Blow"],"picked":"SKIP","floor":22},{"not_picked":["Searing Blow+1","Havoc"],"picked":"True Grit+1","floor":23},{"not_picked":["Heavy Blade+1","Flex"],"picked":"Inflame+1","floor":25},{"not_picked":["Headbutt+1","Intimidate+1"],"picked":"Twin Strike","floor":28},{"not_picked":["Body Slam","Warcry+1"],"picked":"Double Tap","floor":30},{"not_picked":["Havoc","Clash"],"picked":"Seeing Red","floor":31},{"not_picked":["Exhume","Barricade"],"picked":"Impervious","floor":33},{"not_picked":["Carnage+1","Iron Wave","Reckless Charge+1"],"picked":"SKIP","floor":35},{"not_picked":["Headbutt+1","Thunderclap+1","Dropkick"],"picked":"SKIP","floor":39},{"not_picked":["Headbutt+1","Pummel+1","Anger"],"picked":"SKIP","floor":40},{"not_picked":["Burning Pact","Shrug It Off"],"picked":"Demon Form","floor":47},{"not_picked":["Cleave","Body Slam","Pummel"],"picked":"SKIP","floor":48},{"not_picked":["Twin Strike","Sword Boomerang+1"],"picked":"Shrug It Off","floor":49}],"player_experience":150041,"relics_obtained":[{"floor":8,"key":"Matryoshka"},{"floor":9,"key":"Whetstone"},{"floor":9,"key":"Mummified Hand"},{"floor":10,"key":"Red Skull"},{"floor":12,"key":"Letter Opener"},{"floor":20,"key":"Thread and Needle"},{"floor":20,"key":"Ornamental Fan"},{"floor":23,"key":"Darkstone Periapt"},{"floor":26,"key":"Oddly Smooth Stone"},{"floor":26,"key":"Ginger"},{"floor":30,"key":"Red Mask"},{"floor":31,"key":"Nunchaku"},{"floor":43,"key":"Dream Catcher"}],"event_choices":[{"damage_healed":0,"gold_gain":0,"player_choice":"Grow","damage_taken":0,"max_hp_gain":0,"max_hp_loss":0,"event_name":"Living Wall","floor":3,"gold_loss":0,"cards_upgraded":["Sword Boomerang"]},{"damage_healed":0,"gold_gain":0,"player_choice":"Bought 0 Potions","damage_taken":0,"max_hp_gain":0,"max_hp_loss":0,"event_name":"The Woman in Blue","floor":4,"gold_loss":0},{"damage_healed":0,"gold_gain":0,"player_choice":"Fight","damage_taken":0,"max_hp_gain":0,"max_hp_loss":0,"event_name":"Colosseum","floor":20,"gold_loss":0},{"damage_healed":0,"gold_gain":0,"player_choice":"Fought Nobs","damage_taken":0,"max_hp_gain":0,"max_hp_loss":0,"event_name":"Colosseum","floor":20,"gold_loss":0},{"damage_healed":0,"gold_gain":0,"player_choice":"Fought Bandits","damage_taken":0,"max_hp_gain":0,"max_hp_loss":0,"event_name":"Masked Bandits","floor":30,"gold_loss":0},{"cards_removed":["Intimidate"],"damage_healed":0,"gold_gain":0,"player_choice":"Gave Card","damage_taken":0,"relics_obtained":["Orichalcum"],"max_hp_gain":0,"max_hp_loss":0,"event_name":"WeMeetAgain","floor":37,"gold_loss":0},{"damage_healed":0,"gold_gain":0,"player_choice":"Ignored","damage_taken":0,"max_hp_gain":0,"max_hp_loss":0,"event_name":"Tomb of Lord Red Mask","floor":42,"gold_loss":0},{"damage_healed":0,"gold_gain":0,"player_choice":"Embrace Madness","damage_taken":10,"max_hp_gain":0,"max_hp_loss":0,"event_name":"Winding Halls","floor":44,"gold_loss":0,"cards_obtained":["Madness","Madness"]}],"is_beta":false,"boss_relics":[{"not_picked":["Pandora\u0027s Box","Runic Cube"],"picked":"Sozu"},{"not_picked":["Eternal Feather","Runic Dome"],"picked":"Astrolabe"}],"items_purged_floors":[19,29],"is_endless":false,"potions_floor_spawned":[2,8,10,12,16,18,20,23,30,33,47,48],"killed_by":"Donu and Deca","ascension_level":0}