{"gold_per_floor":[111,125,74,74,86,99,18,35,59,90,103,103,118,137,137,241,241,260,260,271,271,289,289,289,303,303,303,334,259,273,5,5,106,106,124,124,141,156,31,31,58,58,58,58,110,20,20,40,40,40],"floor_reached":50,"playtime":1591,"items_purged":["Strike_G","Defend_G","Parasite"],"score":464,"play_id":"140bb0c2-0e79-474b-9499-904b089d7079","local_time":"20190603000622","is_ascension_mode":false,"campfire_choices":[{"data":"Backstab","floor":12.0,"key":"SMITH"},{"floor":15.0,"key":"REST"},{"floor":23.0,"key":"REST"},{"data":"Adrenaline","floor":27.0,"key":"SMITH"},{"floor":32.0,"key":"REST"},{"data":"Blade Dance","floor":40.0,"key":"SMITH"},{"data":"Cloak And Dagger","floor":42,"key":"SMITH"},{"data":"Cloak And Dagger","floor":47,"key":"SMITH"},{"floor":49,"key":"REST"}],"neow_cost":"NONE","seed_source_timestamp":103515927428064,"circlet_count":0,"master_deck":["Defend_G+1","Defend_G","Defend_G","Defend_G","Strike_G","Strike_G+1","Strike_G+1","Survivor","Neutralize","Finisher","Terror","Blade Dance+1","Backstab+1","Infinite Blades","Prepared","Cloak And Dagger+1","Cloak And Dagger+1","Calculated Gamble","Adrenaline+1","Backstab+1","Blade Dance+1","Tools of the Trade","Crippling Poison","Mayhem","A Thousand Cuts","Blade Dance+1","Neutralize+1","Noxious Fumes","Parasite"],"special_seed":0,"relics":["Ring of the Serpent","Happy Flower","Lantern","Oddly Smooth Stone","MutagenicStrength","Enchiridion","Molten Egg 2","Regal Pillow","WristBlade","Snake Skull","Girya","Pen Nib"],"potions_floor_usage":[50],"damage_taken":[{"damage":0.0,"enemies":"Cultist","floor":1.0,"turns":4.0},{"damage":1.0,"enemies":"Small Slimes","floor":2.0,"turns":4.0},{"damage":0.0,"enemies":"2 Louse","floor":5.0,"turns":2.0},{"damage":4.0,"enemies":"Blue Slaver","floor":6.0,"turns":3.0},{"damage":3.0,"enemies":"3 Louse","floor":8.0,"turns":3.0},{"damage":10.0,"enemies":"Lagavulin","floor":10.0,"turns":4.0},{"damage":0.0,"enemies":"Red Slaver","floor":11.0,"turns":2.0},{"damage":0.0,"enemies":"Lots of Slimes","floor":13.0,"turns":4.0},{"damage":0.0,"enemies":"Exordium Thugs","floor":14.0,"turns":1.0},{"damage":24.0,"enemies":"The Guardian","floor":16.0,"turns":14.0},{"damage":19.0,"enemies":"Spheric Guardian","floor":18.0,"turns":4.0},{"damage":0.0,"enemies":"3 Byrds","floor":20.0,"turns":4.0},{"damage":12.0,"enemies":"Sentry and Sphere","floor":22.0,"turns":5.0},{"damage":6.0,"enemies":"Centurion and Healer","floor":25.0,"turns":3.0},{"damage":15.0,"enemies":"Gremlin Leader","floor":28.0,"turns":5.0},{"damage":5.0,"enemies":"Snecko","floor":30.0,"turns":4.0},{"damage":40.0,"enemies":"Collector","floor":33.0,"turns":7.0},{"damage":9.0,"enemies":"Orb Walker","floor":35.0,"turns":2.0},{"damage":0.0,"enemies":"3 Shapes","floor":37.0,"turns":2.0},{"damage":11.0,"enemies":"3 Darklings","floor":38.0,"turns":3.0},{"damage":23,"enemies":"Writhing Mass","floor":48,"turns":4},{"damage":62,"enemies":"Donu and Deca","floor":50,"turns":4}],"seed_played":"-3179683071032462300","potions_obtained":[{"floor":2.0,"key":"Weak Potion"},{"floor":6.0,"key":"Block Potion"},{"floor":10.0,"key":"Poison Potion"},{"floor":18.0,"key":"Fire Potion"},{"floor":28.0,"key":"GamblersBrew"},{"floor":30.0,"key":"Ancient Potion"},{"floor":48,"key":"EssenceOfSteel"}],"is_trial":false,"path_per_floor":["M","M","$","?","M","M","$","M","T","E","M","R","M","M","R","B",null,"M","?","M","?","M","R","?","M","T","R","E","$","M","$","R","B",null,"M","?","M","M","$","R","T","R","T","$","T","?","R","M","R","B"],"character_chosen":"THE_SILENT","items_purchased":["Blade Dance","Infinite Blades","Mayhem"],"campfire_rested":4,"item_purchase_floors":[3,7,31],"current_hp_per_floor":[70,69,69,55,55,51,51,48,48,38,38,38,38,38,59,35,70,51,51,51,35,23,44,44,38,38,38,23,23,18,18,54,14,70,61,61,61,50,50,50,50,50,50,50,50,50,50,27,62,0],"gold":40,"neow_bonus":"RANDOM_COMMON_RELIC","is_prod":false,"is_daily":false,"chose_seed":false,"campfire_upgraded":5,"win_rate":0,"timestamp":1559513182,"path_taken":["M","?","$","?","M","M","$","M","T","E","M","R","M","M","R","BOSS","M","?","M","?","M","R","?","M","T","R","E","$","M","$","R","BOSS","M","?","?","M","$","R","?","R","T","?","?","?","R","M","R","BOSS"],"build_version":"2019-01-23","purchased_purges":3,"victory":false,"max_hp_per_floor":[70,70,70,70,70,70,70,70,70,70,70,70,70,70,70,70,70,70,70,70,70,70,70,70,70,70,70,70,70,70,70,70,70,70,70,70,70,70,67,67,67,67,67,67,67,67,67,67,67,67],"card_choices":[{"not_picked":["Acrobatics","Backflip"],"picked":"Finisher","floor":1.0},{"not_picked":["Acrobatics","Distraction"],"picked":"Terror","floor":2.0},{"not_picked":["Underhanded Strike","Bane","Flying Knee"],"picked":"SKIP","floor":5.0},{"not_picked":["Quick Slash","Slice"],"picked":"Backstab","floor":6.0},{"not_picked":["Deadly Poison","Concentrate","Predator"],"picked":"SKIP","floor":8.0},{"not_picked":["Outmaneuver","Escape Plan"],"picked":"Prepared","floor":10.0},{"not_picked":["Poisoned Stab","Bouncing Flask"],"picked":"Cloak And Dagger","floor":11.0},{"not_picked":["Flechettes","Well Laid Plans"],"picked":"Cloak And Dagger","floor":13.0},{"not_picked":["Backflip","Flechettes"],"picked":"Calculated Gamble","floor":14.0},{"not_picked":["Doppelganger","Envenom"],"picked":"Adrenaline","floor":16.0},{"not_picked":["PiercingWail","Poisoned Stab","Terror+1"],"picked":"SKIP","floor":18.0},{"not_picked":["Underhanded Strike","Dodge and Roll"],"picked":"Backstab+1","floor":20.0},{"not_picked":["Catalyst","Outmaneuver"],"picked":"Blade Dance+1","floor":22.0},{"not_picked":["Poisoned Stab+1","Heel Hook"],"picked":"Tools of the Trade","floor":25.0},{"not_picked":["Dagger Spray+1","Concentrate"],"picked":"Crippling Poison","floor":28.0},{"not_picked":["Backflip+1","Flying Knee+1","Poisoned Stab+1"],"picked":"SKIP","floor":30.0},{"not_picked":["Grand Finale+1","Corpse Explosion"],"picked":"A Thousand Cuts","floor":33.0},{"not_picked":["Escape Plan+1","Poisoned Stab+1"],"picked":"Blade Dance+1","floor":35.0},{"not_picked":["Acrobatics+1","Deadly Poison"],"picked":"Noxious Fumes","floor":37.0},{"not_picked":["All Out Attack+1","Dodge and Roll+1","Noxious Fumes"],"picked":"SKIP","floor":38.0},{"not_picked":["Flechettes+1","PiercingWail+1","Quick Slash+1"],"picked":"SKIP","floor":48}],"player_experience":282544,"relics_obtained":[{"floor":9.0,"key":"Lantern"},{"floor":10.0,"key":"Oddly Smooth Stone"},{"floor":21.0,"key":"Enchiridion"},{"floor":26.0,"key":"Molten Egg 2"},{"floor":28.0,"key":"Regal Pillow"},{"floor":41.0,"key":"Snake Skull"},{"floor":43,"key":"Girya"},{"floor":45,"key":"Pen Nib"}],"event_choices":[{"damage_healed":0.0,"max_hp_gain":0.0,"max_hp_loss":0.0,"gold_gain":0.0,"event_name":"Shining Light","player_choice":"Entered Light","floor":4.0,"gold_loss":0.0,"damage_taken":14.0,"cards_upgraded":["Defend_G","Strike_G"]},{"damage_healed":0.0,"max_hp_gain":0.0,"max_hp_loss":0.0,"gold_gain":0.0,"event_name":"Drug Dealer","player_choice":"Inject Mutagens","floor":19.0,"gold_loss":0.0,"damage_taken":0.0,"relics_obtained":["MutagenicStrength"]},{"damage_healed":0.0,"max_hp_gain":0.0,"max_hp_loss":0.0,"gold_gain":0.0,"event_name":"Cursed Tome","player_choice":"Obtained Book","floor":21.0,"gold_loss":0.0,"damage_taken":16.0},{"damage_healed":0.0,"max_hp_gain":0.0,"max_hp_loss":0.0,"gold_gain":0.0,"event_name":"The Woman in Blue","player_choice":"Bought 0 Potions","floor":24.0,"gold_loss":0.0,"damage_taken":0.0},{"damage_healed":0.0,"max_hp_gain":0.0,"max_hp_loss":0.0,"gold_gain":0.0,"event_name":"Match and Keep!","player_choice":"2 cards matched","floor":36.0,"gold_loss":0.0,"damage_taken":0.0,"cards_obtained":["Parasite","Neutralize"]},{"cards_removed":["Strike_G"],"damage_healed":0,"gold_gain":0,"player_choice":"Upgrade and Remove","damage_taken":0,"max_hp_gain":0,"max_hp_loss":0,"event_name":"Designer","floor":46,"gold_loss":90,"cards_upgraded":["Strike_G"]}],"is_beta":false,"boss_relics":[{"not_picked":["White Beast Statue","Runic Pyramid"],"picked":"Ring of the Serpent"},{"not_picked":["Runic Dome","Coffee Dripper"],"picked":"WristBlade"}],"items_purged_floors":[29,31,39],"is_endless":false,"potions_floor_spawned":[2,6,10,14,18,28,30,48],"killed_by":"Donu and Deca","ascension_level":0}