{"gold_per_floor":[18,18,18,18,18,18,28,45,68,83,61,79,93,113,113,113],"floor_reached":16,"playtime":1157,"items_purged":[],"score":160,"play_id":"2277ca3d-70fb-4125-8e1c-37bfd9084ac8","local_time":"20190521153218","is_ascension_mode":true,"campfire_choices":[{"data":"Dark Shackles","floor":6,"key":"SMITH"},{"floor":15,"key":"REST"}],"neow_cost":"NO_GOLD","seed_source_timestamp":59386949867866,"circlet_count":0,"master_deck":["AscendersBane","Strike_B","Strike_B","Defend_B","Defend_B","Defend_B","Defend_B","Zap","Dualcast","Dark Shackles+1","Finesse","Undo","Beam Cell","Conserve Battery","Glacier","Cold Snap"],"relics":["Cracked Core","Dream Catcher"],"potions_floor_usage":[12,16],"damage_taken":[{"damage":4,"enemies":"2 Louse","floor":1,"turns":3},{"damage":7,"enemies":"Jaw Worm","floor":7,"turns":5},{"damage":0,"enemies":"Small Slimes","floor":8,"turns":3},{"damage":6,"enemies":"Looter","floor":10,"turns":3},{"damage":9,"enemies":"Exordium Thugs","floor":12,"turns":5},{"damage":2,"enemies":"Blue Slaver","floor":13,"turns":4},{"damage":2,"enemies":"2 Fungi Beasts","floor":14,"turns":5},{"damage":48,"enemies":"Hexaghost","floor":16,"turns":18}],"seed_played":"1781908231775321586","potions_obtained":[{"floor":7,"key":"Energy Potion"},{"floor":10,"key":"Explosive Potion"},{"floor":13,"key":"PowerPotion"}],"is_trial":false,"path_per_floor":["M","?","?","?","$","R","M","M","T","M","$","M","M","M","R","B"],"character_chosen":"DEFECT","items_purchased":["Conserve Battery"],"campfire_rested":1,"item_purchase_floors":[11],"current_hp_per_floor":[60,60,53,53,53,53,46,46,46,40,40,31,29,27,48,0],"gold":113,"neow_bonus":"RANDOM_COLORLESS_2","is_prod":false,"is_daily":false,"chose_seed":false,"campfire_upgraded":1,"win_rate":0,"timestamp":1558477938,"path_taken":["M","?","?","?","$","R","M","?","T","M","$","M","M","M","R","BOSS"],"build_version":"2019-01-23","purchased_purges":0,"victory":false,"max_hp_per_floor":[71,71,71,71,71,71,71,71,71,71,71,71,71,71,71,71],"card_choices":[{"not_picked":["Steam","Turbo"],"picked":"Undo","floor":1},{"not_picked":["White Noise","Steam Power","Redo"],"picked":"SKIP","floor":7},{"not_picked":["Scrape","Redo","Beam Cell"],"picked":"SKIP","floor":8},{"not_picked":["Fusion","Darkness","Hologram"],"picked":"SKIP","floor":10},{"not_picked":["Beam Cell","Go for the Eyes"],"picked":"Glacier","floor":12},{"not_picked":["Sweeping Beam","Compile Driver","Hologram"],"picked":"SKIP","floor":13},{"not_picked":["Recycle","Thunder Strike","Sunder"],"picked":"SKIP","floor":14},{"not_picked":["Coolheaded","Gash"],"picked":"Cold Snap","floor":15}],"player_experience":661276,"relics_obtained":[{"floor":9,"key":"Dream Catcher"}],"event_choices":[{"damage_healed":0,"gold_gain":0,"cards_transformed":["Strike_B"],"player_choice":"Change","damage_taken":0,"max_hp_gain":0,"max_hp_loss":0,"event_name":"Living Wall","floor":2,"gold_loss":0,"cards_obtained":["Beam Cell"]},{"cards_removed":["Strike_B"],"damage_healed":0,"gold_gain":0,"player_choice":"Card Removal","damage_taken":7,"max_hp_gain":0,"max_hp_loss":0,"event_name":"Golden Wing","floor":3,"gold_loss":0},{"damage_healed":0,"gold_gain":0,"player_choice":"Ignored","damage_taken":0,"max_hp_gain":0,"max_hp_loss":0,"event_name":"Golden Idol","floor":4,"gold_loss":0}],"is_beta":false,"boss_relics":[],"items_purged_floors":[],"is_endless":false,"potions_floor_spawned":[7,10,13],"killed_by":"Hexaghost","ascension_level":14}