{"gold_per_floor":[114,39,39,58,5,5,5,5,5,30,50,69,81,93,93,93],"floor_reached":16,"playtime":593,"items_purged":["Strike_B"],"score":216,"play_id":"1ee15c66-4784-4dc1-88d7-e621394167e5","local_time":"20190522140312","is_ascension_mode":true,"campfire_choices":[{"data":"Conserve Battery","floor":6,"key":"SMITH"},{"data":"Tempest","floor":8,"key":"SMITH"},{"floor":15,"key":"REST"}],"neow_cost":"NONE","seed_source_timestamp":80854113513728,"circlet_count":0,"master_deck":["AscendersBane","Strike_B","Strike_B","Defend_B","Defend_B","Defend_B","Defend_B","Zap","Dualcast","Ball Lightning","Steam Power","Tempest+1","Conserve Battery+1","Leap","Go for the Eyes","White Noise","Steam"],"relics":["Cracked Core","NeowsBlessing","Pantograph","Ornamental Fan"],"potions_floor_usage":[12,12,14],"damage_taken":[{"damage":0,"enemies":"Small Slimes","floor":1,"turns":1},{"damage":0,"enemies":"Cultist","floor":4,"turns":1},{"damage":0,"enemies":"Lagavulin","floor":10,"turns":1},{"damage":0,"enemies":"2 Louse","floor":11,"turns":2},{"damage":0,"enemies":"Exordium Wildlife","floor":12,"turns":2},{"damage":37,"enemies":"Gremlin Gang","floor":13,"turns":4},{"damage":12,"enemies":"Lots of Slimes","floor":14,"turns":4},{"damage":68,"enemies":"Hexaghost","floor":16,"turns":12}],"seed_played":"-9010340528472086034","potions_obtained":[{"floor":4,"key":"AttackPotion"},{"floor":11,"key":"EssenceOfSteel"},{"floor":13,"key":"Block Potion"}],"is_trial":false,"path_per_floor":["M","$","?","M","$","R","?","R","T","E","M","M","M","M","R","B"],"character_chosen":"DEFECT","items_purchased":["Conserve Battery"],"campfire_rested":1,"item_purchase_floors":[5],"current_hp_per_floor":[64,64,64,64,64,64,69,69,69,69,69,69,32,20,42,0],"gold":93,"neow_bonus":"THREE_ENEMY_KILL","is_prod":false,"is_daily":false,"chose_seed":false,"campfire_upgraded":2,"win_rate":0,"timestamp":1558558992,"path_taken":["M","$","?","M","?","R","?","R","T","E","M","?","M","M","R","BOSS"],"build_version":"2019-01-23","purchased_purges":1,"victory":false,"max_hp_per_floor":[71,71,71,71,71,71,76,76,76,76,76,76,76,76,76,76],"card_choices":[{"not_picked":["Gash","Stack"],"picked":"Ball Lightning","floor":1},{"not_picked":["Sweeping Beam","Gash"],"picked":"Tempest","floor":4},{"not_picked":["Hologram","Stack","Hello World"],"picked":"SKIP","floor":10},{"not_picked":["Compile Driver","Barrage"],"picked":"Leap","floor":11},{"not_picked":["Rebound","Stack"],"picked":"Go for the Eyes","floor":12},{"not_picked":["Darkness","Go for the Eyes"],"picked":"White Noise","floor":13},{"not_picked":["Doom and Gloom","Consume"],"picked":"Steam","floor":14}],"player_experience":682272,"relics_obtained":[{"floor":9,"key":"Pantograph"},{"floor":10,"key":"Ornamental Fan"}],"event_choices":[{"damage_healed":0,"gold_gain":0,"cards_transformed":["Strike_B"],"player_choice":"Transformed","damage_taken":0,"max_hp_gain":0,"max_hp_loss":0,"event_name":"Transmorgrifier","floor":3,"gold_loss":0,"cards_obtained":["Steam Power"]},{"damage_healed":0,"gold_gain":0,"player_choice":"Donut","damage_taken":0,"max_hp_gain":5,"max_hp_loss":0,"event_name":"Big Fish","floor":7,"gold_loss":0}],"is_beta":false,"boss_relics":[],"items_purged_floors":[2],"is_endless":false,"potions_floor_spawned":[4,11,13],"killed_by":"Hexaghost","ascension_level":14}