{"gold_per_floor":[111,123,123,48,48,78,78,78,78,93,113,131,148,164,164,259,259,277,37,54,64,244,244,260,90,117,117,117,117],"floor_reached":29,"playtime":1482,"items_purged":["Static Discharge","Capacitor"],"score":227,"play_id":"2e08dc05-d08d-4caf-99c8-740f89e4e15c","local_time":"20180714174146","is_ascension_mode":false,"campfire_choices":[{"data":"Defragment","floor":7,"key":"SMITH"},{"floor":15,"key":"REST"},{"data":"Dualcast","floor":23,"key":"SMITH"}],"neow_cost":"NONE","seed_source_timestamp":161368076918317,"circlet_count":0,"master_deck":["Strike_B","Strike_B","Strike_B","Defend_B","Defend_B","Zap","Dualcast+1","Go for the Eyes","Ball Lightning","Defragment+1","Rip and Tear","Streamline","Steam","Redo","Beam Cell","Electrodynamics","Static Discharge+1","Lockon+1","Capacitor+1","Auto Shields","Cold Snap","Seek","Redo+1","Leap","Dramatic Entrance","Reboot","Defragment","Defragment+1"],"special_seed":0,"relics":["Cracked Core","Boot","Bottled Flame","Astrolabe","Omamori"],"potions_floor_usage":[11,16,16,16,29],"damage_taken":[{"damage":0.0,"enemies":"Jaw Worm","floor":1.0,"turns":3.0},{"damage":0.0,"enemies":"Cultist","floor":2.0,"turns":2.0},{"damage":30,"enemies":"3 Sentries","floor":6,"turns":7},{"damage":0,"enemies":"Small Slimes","floor":10,"turns":3},{"damage":27,"enemies":"Exordium Thugs","floor":11,"turns":3},{"damage":4,"enemies":"Looter","floor":12,"turns":2},{"damage":9,"enemies":"Red Slaver","floor":13,"turns":2},{"damage":0,"enemies":"Large Slime","floor":14,"turns":3},{"damage":23,"enemies":"Hexaghost","floor":16,"turns":6},{"damage":6,"enemies":"3 Byrds","floor":18,"turns":2},{"damage":16,"enemies":"Shell Parasite","floor":20,"turns":5},{"damage":4,"enemies":"Sentry and Sphere","floor":21,"turns":3},{"damage":10,"enemies":"Cultist and Chosen","floor":24,"turns":4},{"damage":12,"enemies":"Chosen and Byrds","floor":29,"turns":4}],"seed_played":"-5559923803031559364","potions_obtained":[{"floor":5,"key":"Strength Potion"},{"floor":5,"key":"FairyPotion"},{"floor":5,"key":"Fire Potion"},{"floor":10,"key":"EntropicBrew"},{"floor":14,"key":"Block Potion"},{"floor":16,"key":"GamblersBrew"},{"floor":20,"key":"Explosive Potion"},{"floor":24,"key":"AttackPotion"}],"is_trial":false,"path_per_floor":["M","M","?","$","?","E","R","?","T","M","M","M","M","M","R","B",null,"M","$","M","M","?","R","M","$","T","?","?"],"character_chosen":"DEFECT","items_purchased":["Defragment","Cold Snap","Seek","Defragment"],"campfire_rested":1,"item_purchase_floors":[4,19,19,25],"current_hp_per_floor":[75,75,68,68,68,38,38,38,38,38,11,7,7,7,29,6,75,69,69,53,49,21,21,11,11,11,11,11,0],"gold":117,"neow_bonus":"THREE_CARDS","is_prod":false,"is_daily":false,"chose_seed":false,"campfire_upgraded":2,"win_rate":0.0,"timestamp":1531557706,"path_taken":["M","M","?","?","?","E","R","?","T","M","M","M","M","M","R","BOSS","M","$","M","M","?","R","M","$","T","?","?","M"],"build_version":"2018-07-12","purchased_purges":2,"victory":false,"max_hp_per_floor":[75,75,75,75,75,75,75,75,75,75,75,75,75,75,75,75,75,75,75,75,75,75,75,75,75,75,75,75,75],"card_choices":[{"not_picked":["Darkness","Coolheaded"],"picked":"Go for the Eyes","floor":0.0},{"not_picked":["Stack","Compile Driver"],"picked":"Ball Lightning","floor":1.0},{"not_picked":["Double Energy","Gash"],"picked":"Capacitor","floor":2.0},{"not_picked":["Hello World","Steam"],"picked":"Rip and Tear","floor":6},{"not_picked":["Lockon","Reinforced Body"],"picked":"Streamline","floor":10},{"not_picked":["Go for the Eyes","Capacitor"],"picked":"Steam","floor":11},{"not_picked":["Steam","Go for the Eyes"],"picked":"Static Discharge","floor":12},{"not_picked":["Chill","Thunder Strike"],"picked":"Redo","floor":13},{"not_picked":["Coolheaded","Chill"],"picked":"Beam Cell","floor":14},{"not_picked":["Amplify","Creative AI"],"picked":"Electrodynamics","floor":16},{"not_picked":["Capacitor","Gash"],"picked":"Auto Shields","floor":18},{"not_picked":["Go for the Eyes","Cold Snap"],"picked":"Redo+1","floor":20},{"not_picked":["Streamline","Redo"],"picked":"Leap","floor":21},{"not_picked":["Go for the Eyes","Sweeping Beam"],"picked":"Reboot","floor":24}],"player_experience":154234,"relics_obtained":[{"floor":6,"key":"Boot"},{"floor":9,"key":"Bottled Flame"},{"floor":26,"key":"Omamori"}],"event_choices":[{"event_name":"Wheel of Change","player_choice":"Damage","floor":3.0,"damage_taken":0.0},{"event_name":"The Lab","player_choice":"Got Potions","floor":5,"damage_taken":0},{"event_name":"Liars Game","player_choice":"disagreed","floor":8,"damage_taken":0},{"event_name":"Knowing Skull","player_choice":"CARD GOLD GOLD ","floor":22,"damage_taken":0},{"event_name":"Duplicator","player_choice":"One dupe","floor":27,"damage_taken":0},{"event_name":"The Woman in Blue","player_choice":"Bought 0 Potions","floor":28,"damage_taken":0}],"boss_relics":[{"not_picked":["Philosopher\u0027s Stone","Empty Cage"],"picked":"Astrolabe"}],"items_purged_floors":[19,25],"is_endless":false,"potions_floor_spawned":[6,10,11,14,16,20,24],"killed_by":"Chosen and Byrds","ascension_level":0}