{"gold_per_floor":[216,65,65,78,78,104,104,131,131,131,131,146,164,175,175,175],"floor_reached":16,"playtime":1009,"items_purged":["Strike_B"],"score":204,"play_id":"7c149c76-6775-4773-92cb-f6cc21cedcaf","local_time":"20190523180108","is_ascension_mode":true,"campfire_choices":[{"data":"Sunder","floor":7,"key":"SMITH"},{"floor":10,"key":"REST"},{"floor":15,"key":"REST"}],"neow_cost":"NONE","seed_source_timestamp":119652459197850,"circlet_count":0,"master_deck":["AscendersBane","Strike_B","Strike_B","Defend_B","Defend_B","Defend_B","Defend_B","Zap","Dualcast","Sunder+1","Doom and Gloom","Self Repair","Genetic Algorithm","Sweeping Beam+1","Biased Cognition","Self Repair"],"relics":["Cracked Core","PreservedInsect","Symbiotic Virus","Molten Egg 2"],"potions_floor_usage":[13],"damage_taken":[{"damage":0,"enemies":"2 Louse","floor":1,"turns":4},{"damage":6,"enemies":"Cultist","floor":4,"turns":3},{"damage":25,"enemies":"3 Sentries","floor":6,"turns":5},{"damage":30,"enemies":"Lagavulin","floor":8,"turns":6},{"damage":7,"enemies":"Jaw Worm","floor":12,"turns":2},{"damage":2,"enemies":"2 Fungi Beasts","floor":13,"turns":2},{"damage":6,"enemies":"Looter","floor":14,"turns":2},{"damage":45,"enemies":"Hexaghost","floor":16,"turns":7}],"seed_played":"8874716274576294802","potions_obtained":[{"floor":8,"key":"Explosive Potion"},{"floor":14,"key":"Ancient Potion"}],"is_trial":false,"path_per_floor":["M","$","?","M","?","E","R","E","T","R","?","M","M","M","R","B"],"character_chosen":"DEFECT","items_purchased":["Doom and Gloom"],"campfire_rested":2,"item_purchase_floors":[2],"current_hp_per_floor":[64,64,64,58,63,38,38,15,15,37,37,30,28,22,44,0],"gold":175,"neow_bonus":"HUNDRED_GOLD","is_prod":false,"is_daily":false,"chose_seed":false,"campfire_upgraded":1,"win_rate":0,"timestamp":1558659668,"path_taken":["M","$","?","?","?","E","R","E","T","R","?","M","M","M","R","BOSS"],"build_version":"2019-01-23","purchased_purges":1,"victory":false,"max_hp_per_floor":[71,71,71,71,76,76,76,76,76,76,76,76,76,76,76,76],"card_choices":[{"not_picked":["Stack","Coolheaded"],"picked":"Sunder","floor":1},{"not_picked":["Stack","Rebound","Gash"],"picked":"SKIP","floor":4},{"not_picked":["Coolheaded","Beam Cell"],"picked":"Self Repair","floor":6},{"not_picked":["Hologram","Sweeping Beam"],"picked":"Genetic Algorithm","floor":8},{"not_picked":["Beam Cell+1","Turbo"],"picked":"Sweeping Beam+1","floor":12},{"not_picked":["Turbo","Stack"],"picked":"Biased Cognition","floor":13},{"not_picked":["Lockon+1","Coolheaded"],"picked":"Self Repair","floor":14}],"player_experience":717591,"relics_obtained":[{"floor":6,"key":"PreservedInsect"},{"floor":8,"key":"Symbiotic Virus"},{"floor":9,"key":"Molten Egg 2"}],"event_choices":[{"cards_removed":["Strike_B"],"damage_healed":0,"gold_gain":0,"player_choice":"Purged","damage_taken":0,"max_hp_gain":0,"max_hp_loss":0,"event_name":"Purifier","floor":3,"gold_loss":0},{"damage_healed":0,"gold_gain":0,"player_choice":"Donut","damage_taken":0,"max_hp_gain":5,"max_hp_loss":0,"event_name":"Big Fish","floor":5,"gold_loss":0},{"damage_healed":0,"gold_gain":0,"player_choice":"Ignored","damage_taken":0,"max_hp_gain":0,"max_hp_loss":0,"event_name":"Liars Game","floor":11,"gold_loss":0}],"is_beta":false,"boss_relics":[],"items_purged_floors":[2],"is_endless":false,"potions_floor_spawned":[8,14],"killed_by":"Hexaghost","ascension_level":17}