{"gold_per_floor":[116,134,152,165,185,185,214,247,247,277,289,30,30,92,92,195,195,209,220,71,84,184,184,210,225,248,248,173,193,193,108,108,208,208,226,226,226,238,238,268,268,294,294,328,34,67,67,85,85,85,85,85,9,36,36],"floor_reached":56,"playtime":4890,"items_purged":["Defend_B"],"score":1642,"play_id":"f094c795-3e6b-4983-ac59-45c796e33896","local_time":"20190529193126","is_ascension_mode":true,"campfire_choices":[{"data":"Cold Snap","floor":6.0,"key":"SMITH"},{"data":"Cold Snap","floor":13.0,"key":"SMITH"},{"data":"Cold Snap","floor":15.0,"key":"SMITH"},{"data":"Cold Snap","floor":23.0,"key":"SMITH"},{"data":"Cold Snap","floor":30.0,"key":"SMITH"},{"data":"Conserve Battery","floor":32.0,"key":"SMITH"},{"floor":41.0,"key":"RECALL"},{"data":"Blizzard","floor":47.0,"key":"SMITH"},{"floor":49.0,"key":"REST"},{"data":"Seek","floor":52.0,"key":"SMITH"}],"neow_cost":"NONE","seed_source_timestamp":34680878338199,"circlet_count":0,"master_deck":["Strike_B","Strike_B","Strike_B","Defend_B","Dualcast","Glacier","Cold Snap+1","Conserve Battery+1","Cold Snap+1","Seek+1","Sweeping Beam","Conserve Battery","Cold Snap+1","Cold Snap+1","Reprogram+1","Defragment+1","Rebound+1","Capacitor+1","Chill+1","Gash","Hologram+1","Cold Snap+1","Amplify+1","Redo+1","Violence+1","Hologram+1","Reboot+1","Redo+1","Barrage+1","Defragment+1","Conserve Battery+1","Apotheosis+1","Blizzard+1","White Noise+1"],"special_seed":0,"relics":["Cracked Core","NeowsBlessing","Odd Mushroom","Bag of Marbles","Unceasing Top","Mango","Runic Capacitor","Calipers","Astrolabe","Orichalcum","StoneCalendar","Toxic Egg 2","FossilizedHelix","Pen Nib","Sundial","Inserter","Blue Candle","Frozen Egg 2","Bronze Scales","Pear","Shuriken"],"potions_floor_usage":[55,55],"damage_taken":[{"damage":0.0,"enemies":"2 Louse","floor":1.0,"turns":1.0},{"damage":0.0,"enemies":"Small Slimes","floor":2.0,"turns":1.0},{"damage":0.0,"enemies":"Jaw Worm","floor":3.0,"turns":1.0},{"damage":8.0,"enemies":"2 Fungi Beasts","floor":4.0,"turns":4.0},{"damage":9.0,"enemies":"Exordium Thugs","floor":5.0,"turns":7.0},{"damage":6.0,"enemies":"The Mushroom Lair","floor":7.0,"turns":6.0},{"damage":0.0,"enemies":"Lagavulin","floor":8.0,"turns":11.0},{"damage":1.0,"enemies":"3 Sentries","floor":10.0,"turns":9.0},{"damage":8.0,"enemies":"Blue Slaver","floor":11.0,"turns":2.0},{"damage":1.0,"enemies":"3 Sentries","floor":14.0,"turns":5.0},{"damage":41.0,"enemies":"Hexaghost","floor":16.0,"turns":20.0},{"damage":3.0,"enemies":"Chosen","floor":18.0,"turns":4.0},{"damage":0.0,"enemies":"Spheric Guardian","floor":19.0,"turns":4.0},{"damage":3.0,"enemies":"Snecko","floor":21.0,"turns":6.0},{"damage":7.0,"enemies":"Colosseum Slavers","floor":22.0,"turns":4.0},{"damage":0.0,"enemies":"Colosseum Nobs","floor":22.0,"turns":4.0},{"damage":2.0,"enemies":"Gremlin Leader","floor":24.0,"turns":14.0},{"damage":0.0,"enemies":"Chosen and Byrds","floor":25.0,"turns":7.0},{"damage":0.0,"enemies":"Centurion and Healer","floor":29.0,"turns":7.0},{"damage":0.0,"enemies":"Champ","floor":33.0,"turns":15.0},{"damage":1.0,"enemies":"Orb Walker","floor":35.0,"turns":4.0},{"damage":0.0,"enemies":"3 Darklings","floor":38.0,"turns":7.0},{"damage":0.0,"enemies":"Reptomancer","floor":40.0,"turns":13.0},{"damage":6.0,"enemies":"Giant Head","floor":42.0,"turns":12.0},{"damage":0.0,"enemies":"Nemesis","floor":44.0,"turns":5.0},{"damage":0.0,"enemies":"Reptomancer","floor":46.0,"turns":7.0},{"damage":8.0,"enemies":"Jaw Worm Horde","floor":48.0,"turns":3.0},{"damage":6.0,"enemies":"Donu and Deca","floor":50.0,"turns":9.0},{"damage":35.0,"enemies":"Shield and Spear","floor":54.0,"turns":7.0},{"damage":14,"enemies":"The Heart","floor":55,"turns":14}],"seed_played":"1477616805319136091","potions_obtained":[{"floor":3.0,"key":"Weak Potion"},{"floor":8.0,"key":"Block Potion"},{"floor":10.0,"key":"SpeedPotion"},{"floor":11.0,"key":"PowerPotion"},{"floor":22.0,"key":"Ancient Potion"},{"floor":29.0,"key":"PowerPotion"},{"floor":38.0,"key":"PowerPotion"},{"floor":40.0,"key":"PowerPotion"},{"floor":46.0,"key":"GamblersBrew"},{"floor":48.0,"key":"EssenceOfSteel"},{"floor":54.0,"key":"Fire Potion"}],"is_trial":false,"path_per_floor":["M","M","M","M","M","R","?","E","T","E","M","$","R","?","R","B",null,"M","M","$","M","?","R","E","M","T","?","?","M","R","?","R","B",null,"M","?","?","M","?","E","R","E","T","E","$","E","R","M","R","B",null,"R","$","E","B",null],"character_chosen":"DEFECT","items_purchased":["Runic Capacitor","Cold Snap","Orichalcum","Apotheosis+1","Blizzard","EssenceOfSteel"],"campfire_rested":1,"item_purchase_floors":[12,12,20,45,45,53],"current_hp_per_floor":[75,75,75,67,58,58,52,52,52,65,57,57,57,56,56,15,89,86,86,86,83,76,76,74,74,74,57,57,57,57,57,57,57,94,93,93,88,88,88,88,88,82,82,82,82,92,92,84,104,98,104,104,104,69,55],"gold":36,"neow_bonus":"THREE_ENEMY_KILL","is_prod":false,"is_daily":false,"chose_seed":false,"campfire_upgraded":8,"win_rate":0,"timestamp":1559183486,"path_taken":["M","M","M","M","M","R","?","E","T","E","M","$","R","?","R","BOSS","M","M","$","M","?","R","E","M","T","?","?","?","R","?","R","BOSS","M","?","?","M","?","E","R","E","T","E","$","E","R","M","R","BOSS","R","$","E","BOSS"],"build_version":"2019-01-23","purchased_purges":1,"victory":true,"max_hp_per_floor":[75,75,75,75,75,75,75,75,75,89,89,89,89,89,89,89,89,89,89,89,89,89,89,89,89,89,94,94,94,94,94,94,94,94,94,94,94,94,94,94,94,94,94,94,94,104,104,104,104,104,104,104,104,104,104],"card_choices":[{"not_picked":["Streamline","Go for the Eyes"],"picked":"Glacier","floor":1.0},{"not_picked":["Compile Driver","Rebound"],"picked":"Gash","floor":2.0},{"not_picked":["Double Energy","Ball Lightning"],"picked":"Cold Snap","floor":3.0},{"not_picked":["Genetic Algorithm","Redo"],"picked":"Conserve Battery","floor":4.0},{"not_picked":["Sweeping Beam","Streamline"],"picked":"Cold Snap","floor":5.0},{"not_picked":["Leap","Ball Lightning"],"picked":"Seek","floor":8.0},{"not_picked":["BootSequence","Coolheaded"],"picked":"Sweeping Beam","floor":10.0},{"not_picked":["Doom and Gloom","Barrage"],"picked":"Conserve Battery","floor":11.0},{"not_picked":["Ball Lightning","Streamline"],"picked":"Cold Snap","floor":14.0},{"not_picked":["Rebound","Sweeping Beam","White Noise"],"picked":"SKIP","floor":18.0},{"not_picked":["Aggregate+1","Coolheaded"],"picked":"Capacitor+1","floor":19.0},{"not_picked":["Conserve Battery","Storm"],"picked":"Chill+1","floor":21.0},{"not_picked":["Compile Driver","Ball Lightning"],"picked":"Gash","floor":24.0},{"not_picked":["Leap+1","Meteor Strike"],"picked":"Hologram+1","floor":25.0},{"not_picked":["Recycle+1","Sweeping Beam"],"picked":"Cold Snap","floor":29.0},{"not_picked":["Reboot+1","Core Surge"],"picked":"Amplify+1","floor":33.0},{"not_picked":["Stack+1","Storm+1"],"picked":"Redo+1","floor":35.0},{"not_picked":["Bandage Up+1","Flash of Steel"],"picked":"Violence+1","floor":37.0},{"not_picked":["Cold Snap","Ball Lightning"],"picked":"Hologram+1","floor":38.0},{"not_picked":["Rebound","Stack+1"],"picked":"Barrage+1","floor":40.0},{"not_picked":["Consume+1","Gash+1"],"picked":"Defragment+1","floor":42.0},{"not_picked":["Reinforced Body+1","Doom and Gloom"],"picked":"Conserve Battery+1","floor":44.0},{"not_picked":["Sunder+1","Steam+1","Gash"],"picked":"SKIP","floor":46.0},{"not_picked":["Rip and Tear","Conserve Battery+1"],"picked":"White Noise+1","floor":48.0},{"not_picked":["Chaos+1","Gash","Compile Driver+1"],"picked":"SKIP","floor":54.0}],"player_experience":129988,"relics_obtained":[{"floor":7.0,"key":"Odd Mushroom"},{"floor":8.0,"key":"Bag of Marbles"},{"floor":9.0,"key":"Unceasing Top"},{"floor":10.0,"key":"Mango"},{"floor":14.0,"key":"Calipers"},{"floor":22.0,"key":"StoneCalendar"},{"floor":22.0,"key":"Toxic Egg 2"},{"floor":24.0,"key":"FossilizedHelix"},{"floor":26.0,"key":"Pen Nib"},{"floor":40.0,"key":"Blue Candle"},{"floor":42.0,"key":"Frozen Egg 2"},{"floor":44.0,"key":"Bronze Scales"},{"floor":46.0,"key":"Pear"},{"floor":54.0,"key":"Shuriken"}],"event_choices":[{"damage_healed":0.0,"max_hp_gain":0.0,"max_hp_loss":0.0,"gold_gain":0.0,"event_name":"Mushrooms","player_choice":"Fought Mushrooms","floor":7.0,"gold_loss":0.0,"damage_taken":0.0},{"damage_healed":0.0,"max_hp_gain":0.0,"max_hp_loss":0.0,"gold_gain":0.0,"event_name":"Dead Adventurer","player_choice":"Searched \u00271\u0027 times","floor":14.0,"gold_loss":0.0,"damage_taken":0.0},{"damage_healed":0.0,"max_hp_gain":0.0,"max_hp_loss":0.0,"gold_gain":0.0,"event_name":"Colosseum","player_choice":"Fight","floor":22.0,"gold_loss":0.0,"damage_taken":0.0},{"damage_healed":0.0,"max_hp_gain":0.0,"max_hp_loss":0.0,"gold_gain":0.0,"event_name":"Colosseum","player_choice":"Fought Nobs","floor":22.0,"gold_loss":0.0,"damage_taken":0.0},{"damage_healed":0.0,"max_hp_gain":5.0,"max_hp_loss":0.0,"gold_gain":0.0,"event_name":"Forgotten Altar","player_choice":"Shed Blood","floor":27.0,"gold_loss":0.0,"damage_taken":22.0},{"cards_removed":["Defend_B"],"damage_healed":0.0,"max_hp_gain":0.0,"max_hp_loss":0.0,"gold_gain":0.0,"event_name":"Beggar","player_choice":"Gave Gold","floor":28.0,"gold_loss":75.0,"damage_taken":0.0},{"damage_healed":0.0,"max_hp_gain":0.0,"max_hp_loss":0.0,"gold_gain":0.0,"event_name":"Addict","player_choice":"Obtained Relic","floor":31.0,"gold_loss":85.0,"damage_taken":0.0,"relics_obtained":["Sundial"]},{"cards_removed":["Gash"],"damage_healed":0.0,"max_hp_gain":0.0,"max_hp_loss":0.0,"gold_gain":0.0,"event_name":"Falling","player_choice":"Removed Attack","floor":36.0,"gold_loss":0.0,"damage_taken":0.0},{"damage_healed":0.0,"max_hp_gain":0.0,"max_hp_loss":0.0,"gold_gain":0.0,"event_name":"SensoryStone","player_choice":"Memory 2","floor":37.0,"gold_loss":0.0,"damage_taken":5.0},{"damage_healed":0.0,"max_hp_gain":0.0,"max_hp_loss":0.0,"gold_gain":0.0,"event_name":"Match and Keep!","player_choice":"2 cards matched","floor":39.0,"gold_loss":0.0,"damage_taken":0.0,"cards_obtained":["Reboot","Redo"]}],"is_beta":false,"boss_relics":[{"not_picked":["Cursed Key","Busted Crown"],"picked":"Astrolabe"},{"not_picked":["Black Star","Runic Pyramid"],"picked":"Inserter"}],"items_purged_floors":[45],"is_endless":false,"potions_floor_spawned":[3,8,10,11,14,22,22,29,38,40,46,48,54],"ascension_level":4}