{"gold_per_floor":[112,124,124,8,19,19,36,61,84,16,30,60,60,78,78,173,173,192,192,209,225,28,28,42,42,42,55,55,55,74,84,84,180,180,190,190,207,224,48,48],"floor_reached":40,"playtime":3859,"items_purged":["Strike_G"],"score":451,"play_id":"ff844e8f-fede-4458-a20c-6c5fe250fd8d","local_time":"20190128194304","is_ascension_mode":true,"campfire_choices":[{"floor":6,"key":"REST"},{"floor":13,"key":"REST"},{"floor":15,"key":"REST"},{"floor":23,"key":"REST"},{"floor":25,"key":"REST"},{"floor":32,"key":"REST"}],"neow_cost":"NONE","seed_source_timestamp":1575138732051095,"circlet_count":0,"master_deck":["Defend_G","Defend_G","Defend_G","Strike_G","Survivor","Neutralize","Dagger Spray","Accuracy","Infinite Blades","Dodge and Roll","Prepared","Footwork","Backstab","Dodge and Roll","Cloak And Dagger","Night Terror","Noxious Fumes+1","Reflex+1","Dagger Spray+1","Backflip","Reflex","Burst","Blur","Backflip","Backflip+1","Prepared","Slice+1","Die Die Die","Sucker Punch+1","Concentrate+1","Acrobatics"],"relics":["Fusion Hammer","Vajra","Boot","Odd Mushroom","Astrolabe","Sling","Omamori","Lizard Tail"],"potions_floor_usage":[8,12,21,27,33,33,35],"damage_taken":[{"damage":0,"enemies":"Cultist","floor":1,"turns":5},{"damage":3,"enemies":"Small Slimes","floor":2,"turns":3},{"damage":4,"enemies":"Jaw Worm","floor":5,"turns":4},{"damage":4,"enemies":"Red Slaver","floor":7,"turns":5},{"damage":36,"enemies":"Gremlin Nob","floor":8,"turns":5},{"damage":2,"enemies":"2 Fungi Beasts","floor":11,"turns":3},{"damage":5,"enemies":"The Mushroom Lair","floor":12,"turns":4},{"damage":3,"enemies":"Exordium Wildlife","floor":14,"turns":4},{"damage":38,"enemies":"Hexaghost","floor":16,"turns":15},{"damage":30,"enemies":"3 Byrds","floor":18,"turns":3},{"damage":20,"enemies":"Spheric Guardian","floor":20,"turns":4},{"damage":14,"enemies":"Snake Plant","floor":21,"turns":6},{"damage":23,"enemies":"Chosen and Byrds","floor":24,"turns":7},{"damage":0,"enemies":"Snecko","floor":27,"turns":7},{"damage":0,"enemies":"Shelled Parasite and Fungi","floor":30,"turns":8},{"damage":25,"enemies":"Sentry and Sphere","floor":31,"turns":6},{"damage":20,"enemies":"Champ","floor":33,"turns":17},{"damage":29,"enemies":"3 Darklings","floor":35,"turns":7},{"damage":33,"enemies":"3 Shapes","floor":37,"turns":8},{"damage":40,"enemies":"3 Darklings","floor":38,"turns":6},{"damage":16,"enemies":"Nemesis","floor":40,"turns":1}],"seed_played":"-5570170918120542512","potions_obtained":[{"floor":2,"key":"Energy Potion"},{"floor":5,"key":"FearPotion"},{"floor":7,"key":"EssenceOfSteel"},{"floor":8,"key":"EssenceOfSteel"},{"floor":18,"key":"Swift Potion"},{"floor":30,"key":"Dexterity Potion"},{"floor":31,"key":"SpeedPotion"},{"floor":38,"key":"Energy Potion"}],"is_trial":false,"path_per_floor":["M","M","?","$","M","R","M","E","T","$","M","?","R","M","R","B",null,"M","?","M","M","$","R","M","R","T","M","?","$","M","M","R","B",null,"M","?","M","M","$","E"],"character_chosen":"THE_SILENT","items_purchased":["Infinite Blades","Footwork","Sling","FairyPotion","Acrobatics","Energy Potion"],"campfire_rested":6,"item_purchase_floors":[4,10,22,39,39,39],"current_hp_per_floor":[70,67,60,60,56,70,66,30,30,30,28,23,44,41,62,24,70,40,40,20,6,6,27,4,25,25,25,48,48,48,23,44,24,70,41,41,8,7,7,0],"gold":48,"neow_bonus":"BOSS_RELIC","is_prod":false,"is_daily":false,"chose_seed":false,"campfire_upgraded":0,"win_rate":0,"timestamp":1548722584,"path_taken":["M","M","?","$","M","R","M","E","T","$","M","?","R","M","R","BOSS","M","?","?","M","$","R","M","R","T","M","?","?","M","M","R","BOSS","M","?","?","M","$","E"],"build_version":"2019-01-23","purchased_purges":1,"victory":false,"max_hp_per_floor":[70,70,70,70,70,70,70,70,70,70,70,70,70,70,70,70,70,70,70,70,70,70,70,70,70,70,70,70,70,70,70,70,70,70,70,70,70,70,70,70],"card_choices":[{"not_picked":["Bane","Riddle With Holes"],"picked":"Dagger Spray","floor":1},{"not_picked":["All Out Attack","Backflip"],"picked":"Accuracy","floor":2},{"not_picked":["Sucker Punch","Calculated Gamble"],"picked":"Dodge and Roll","floor":5},{"not_picked":["Flying Knee","Eviscerate","Setup"],"picked":"SKIP","floor":7},{"not_picked":["Dagger Throw","Unload"],"picked":"Prepared","floor":8},{"not_picked":["Quick Slash","Deadly Poison"],"picked":"Backstab","floor":11},{"not_picked":["Riddle With Holes","Outmaneuver"],"picked":"Dodge and Roll","floor":12},{"not_picked":["Acrobatics","Underhanded Strike"],"picked":"Cloak And Dagger","floor":14},{"not_picked":["Glass Knife","Corpse Explosion"],"picked":"Night Terror","floor":16},{"not_picked":["Deadly Poison","Underhanded Strike"],"picked":"Backflip","floor":18},{"not_picked":["Dagger Throw","Calculated Gamble"],"picked":"Blur","floor":20},{"not_picked":["Flying Knee","Phantasmal Killer"],"picked":"Backflip","floor":21},{"not_picked":["Dodge and Roll","Masterful Stab","Underhanded Strike+1"],"picked":"SKIP","floor":24},{"not_picked":["Bouncing Flask","Dagger Spray"],"picked":"Backflip+1","floor":27},{"not_picked":["PiercingWail","Backflip"],"picked":"Prepared","floor":30},{"not_picked":["Outmaneuver+1","Deadly Poison"],"picked":"Slice+1","floor":31},{"not_picked":["Bullet Time","Unload"],"picked":"Die Die Die","floor":33},{"not_picked":["Leg Sweep+1","Backstab+1"],"picked":"Sucker Punch+1","floor":35},{"not_picked":["Dodge and Roll","Caltrops"],"picked":"Concentrate+1","floor":37},{"not_picked":["Dagger Spray+1","Finisher","Dash"],"picked":"SKIP","floor":38}],"player_experience":115793,"relics_obtained":[{"floor":8,"key":"Vajra"},{"floor":9,"key":"Boot"},{"floor":12,"key":"Odd Mushroom"},{"floor":26,"key":"Omamori"}],"event_choices":[{"cards_removed":["Strike_G"],"damage_healed":0,"gold_gain":0,"player_choice":"Card Removal","damage_taken":7,"max_hp_gain":0,"max_hp_loss":0,"event_name":"Golden Wing","floor":3,"gold_loss":0},{"damage_healed":0,"gold_gain":0,"player_choice":"Fought Mushrooms","damage_taken":0,"max_hp_gain":0,"max_hp_loss":0,"event_name":"Mushrooms","floor":12,"gold_loss":0},{"damage_healed":0,"gold_gain":0,"player_choice":"2 cards matched","damage_taken":0,"max_hp_gain":0,"max_hp_loss":0,"event_name":"Match and Keep!","floor":19,"gold_loss":0,"cards_obtained":["Reflex","Burst"]},{"damage_healed":23,"gold_gain":0,"player_choice":"Heal","damage_taken":0,"max_hp_gain":0,"max_hp_loss":0,"event_name":"The Library","floor":28,"gold_loss":0},{"cards_removed":["Strike_G"],"damage_healed":0,"gold_gain":0,"player_choice":"Purged","damage_taken":0,"max_hp_gain":0,"max_hp_loss":0,"event_name":"Purifier","floor":36,"gold_loss":0}],"is_beta":false,"boss_relics":[{"not_picked":["Snecko Eye","Runic Pyramid"],"picked":"Astrolabe"},{"not_picked":["Busted Crown","Velvet Choker"],"picked":"Lizard Tail"}],"items_purged_floors":[4],"is_endless":false,"potions_floor_spawned":[2,5,7,8,18,30,31,38],"killed_by":"Nemesis","ascension_level":3}