{"gold_per_floor":[116,127,140,140,159,191,191,226,226,261,275,59,75,0,0,71,71,90,140,173,28,45,73,73,105,132,132,167,184,184,217,217,288,288,307,318,673,693,439,474,489,489,489,489,508,520,311,344,344,344,344,344,344,65,94,94],"floor_reached":57,"playtime":1749,"items_purged":["Strike_B","Strike_B","Ball Lightning"],"score":3695,"play_id":"1b1e5f32-621a-4aa1-bea5-2ed877c47cf6","local_time":"20190605134124","is_ascension_mode":true,"campfire_choices":[{"data":"Streamline","floor":15,"key":"SMITH"},{"data":"Coolheaded","floor":24,"key":"SMITH"},{"data":"Coolheaded","floor":27,"key":"SMITH"},{"floor":32,"key":"RECALL"},{"data":"Force Field","floor":42,"key":"SMITH"},{"floor":49,"key":"DIG"},{"floor":53,"key":"DIG"}],"neow_cost":"NONE","seed_source_timestamp":662831631445712,"circlet_count":0,"master_deck":["AscendersBane","Defend_B","Defend_B","Defend_B","Zap","Dualcast","Rainbow+1","Streamline+1","Ball Lightning","Cold Snap","Chill","Loop+1","Coolheaded+1","Coolheaded+1","Echo Form+1","Self Repair+1","Tempest","Loop+1","Heatsinks+1","Multi-Cast","Loop+1","Undo+1","Capacitor+1","Force Field+1","White Noise","White Noise","Defragment+1","Apotheosis"],"relics":["Cracked Core","Ice Cream","Mummified Hand","Frozen Egg 2","Snecko Eye","Red Mask","Mercury Hourglass","Pear","Bag of Preparation","Bronze Scales","DataDisk","Inserter","Old Coin","ClockworkSouvenir","Darkstone Periapt","Shovel","Question Card","Symbiotic Virus","Shuriken","Pen Nib"],"potions_floor_usage":[8,10,16,56,56,56,56],"damage_taken":[{"damage":0,"enemies":"2 Louse","floor":1,"turns":2},{"damage":2,"enemies":"Small Slimes","floor":2,"turns":3},{"damage":0,"enemies":"Cultist","floor":3,"turns":2},{"damage":4,"enemies":"Red Slaver","floor":5,"turns":2},{"damage":18,"enemies":"3 Sentries","floor":6,"turns":6},{"damage":0,"enemies":"Gremlin Nob","floor":8,"turns":2},{"damage":0,"enemies":"3 Sentries","floor":10,"turns":4},{"damage":3,"enemies":"2 Fungi Beasts","floor":11,"turns":2},{"damage":1,"enemies":"Looter","floor":13,"turns":2},{"damage":5,"enemies":"Hexaghost","floor":16,"turns":6},{"damage":0,"enemies":"Chosen","floor":18,"turns":3},{"damage":0,"enemies":"Masked Bandits","floor":20,"turns":3},{"damage":0,"enemies":"3 Byrds","floor":22,"turns":3},{"damage":0,"enemies":"Slavers","floor":23,"turns":3},{"damage":0,"enemies":"Gremlin Leader","floor":25,"turns":1},{"damage":0,"enemies":"Book of Stabbing","floor":28,"turns":2},{"damage":0,"enemies":"Centurion and Healer","floor":29,"turns":1},{"damage":0,"enemies":"Gremlin Leader","floor":31,"turns":2},{"damage":0,"enemies":"Collector","floor":33,"turns":1},{"damage":0,"enemies":"3 Darklings","floor":35,"turns":1},{"damage":0,"enemies":"Orb Walker","floor":36,"turns":1},{"damage":0,"enemies":"2 Orb Walkers","floor":37,"turns":1},{"damage":0,"enemies":"Sphere and 2 Shapes","floor":38,"turns":1},{"damage":0,"enemies":"Nemesis","floor":40,"turns":1},{"damage":0,"enemies":"Jaw Worm Horde","floor":41,"turns":1},{"damage":0,"enemies":"Maw","floor":45,"turns":1},{"damage":0,"enemies":"Writhing Mass","floor":46,"turns":2},{"damage":0,"enemies":"Giant Head","floor":48,"turns":1},{"damage":0,"enemies":"Donu and Deca","floor":50,"turns":2},{"damage":0,"enemies":"Time Eater","floor":51,"turns":1},{"damage":0,"enemies":"Shield and Spear","floor":55,"turns":1},{"damage":0,"enemies":"The Heart","floor":56,"turns":5}],"seed_played":"-401756640567185592","potions_obtained":[{"floor":2,"key":"SteroidPotion"},{"floor":3,"key":"SteroidPotion"},{"floor":8,"key":"PowerPotion"},{"floor":11,"key":"FocusPotion"},{"floor":23,"key":"FearPotion"},{"floor":28,"key":"EntropicBrew"},{"floor":33,"key":"Swift Potion"}],"is_trial":false,"path_per_floor":["M","M","M","?","M","E","?","E","T","E","M","$","M","?","R","B",null,"M","?","?","$","M","E","R","E","T","R","E","M","$","E","R","B",null,"M","M","?","M","$","E","M","R","T","?","M","M","$","E","R","B","B",null,"R","$","E","B",null],"character_chosen":"DEFECT","items_purchased":["Loop+1","Coolheaded","Self Repair+1","Capacitor+1","ClockworkSouvenir","White Noise","Defragment+1","Apotheosis"],"campfire_rested":0,"item_purchase_floors":[12,12,21,39,39,47,54,54],"current_hp_per_floor":[64,62,62,67,63,45,45,45,45,45,42,42,41,41,41,36,66,66,66,66,66,76,76,76,86,86,86,86,86,86,86,86,86,86,86,86,86,86,86,86,86,86,86,86,86,86,86,86,86,86,86,86,86,86,86,86],"gold":94,"neow_bonus":"TRANSFORM_CARD","is_prod":false,"is_daily":false,"chose_seed":false,"campfire_upgraded":4,"win_rate":0,"timestamp":1559709684,"path_taken":["M","M","M","?","M","E","?","E","T","E","?","?","M","?","R","BOSS","M","?","?","$","M","E","R","E","T","R","E","M","$","E","R","BOSS","M","M","?","M","$","E","M","R","T","?","M","M","$","E","R","BOSS","BOSS","R","$","E","BOSS"],"build_version":"2019-01-23","purchased_purges":3,"victory":true,"max_hp_per_floor":[71,71,71,76,76,76,76,76,76,76,76,76,76,76,76,76,76,76,76,76,76,76,76,76,86,86,86,86,86,86,86,86,86,86,86,86,86,86,86,86,86,86,86,86,86,86,86,86,86,86,86,86,86,86,86,86],"card_choices":[{"not_picked":["Go for the Eyes","Turbo","Lockon"],"picked":"SKIP","floor":1},{"not_picked":["Chaos","Stack"],"picked":"Ball Lightning","floor":2},{"not_picked":["Leap","Conserve Battery"],"picked":"Streamline","floor":3},{"not_picked":["Chill","Beam Cell"],"picked":"Ball Lightning","floor":5},{"not_picked":["Doom and Gloom","Stack","Rebound"],"picked":"SKIP","floor":6},{"not_picked":["Reprogram","Barrage"],"picked":"Cold Snap","floor":8},{"not_picked":["Reboot","Barrage"],"picked":"Chill","floor":10},{"not_picked":["Reprogram","Steam","Aggregate"],"picked":"SKIP","floor":11},{"not_picked":["Turbo","Leap"],"picked":"Coolheaded","floor":13},{"not_picked":["Machine Learning+1","Buffer+1"],"picked":"Echo Form+1","floor":16},{"not_picked":["Rebound","Redo","Gash+1"],"picked":"SKIP","floor":18},{"not_picked":["Steam+1","Cold Snap"],"picked":"Tempest","floor":22},{"not_picked":["Static Discharge+1","Lockon","Conserve Battery+1"],"picked":"SKIP","floor":23},{"not_picked":["Gash","Double Energy+1","Melter"],"picked":"SKIP","floor":25},{"not_picked":["Darkness","Go for the Eyes"],"picked":"Loop+1","floor":28},{"not_picked":["Conserve Battery","Leap","Gash"],"picked":"SKIP","floor":29},{"not_picked":["Aggregate","Self Repair+1"],"picked":"Heatsinks+1","floor":31},{"not_picked":["Fission","Meteor Strike"],"picked":"Multi-Cast","floor":33},{"not_picked":["Leap","Static Discharge+1","Recycle"],"picked":"SKIP","floor":35},{"not_picked":["Conserve Battery","Heatsinks+1"],"picked":"Loop+1","floor":36},{"not_picked":["Streamline","Compile Driver"],"picked":"Undo+1","floor":37},{"not_picked":["Go for the Eyes","Self Repair+1","Double Energy"],"picked":"SKIP","floor":38},{"not_picked":["Meteor Strike","Genetic Algorithm+1"],"picked":"Force Field","floor":40},{"not_picked":["Cold Snap","Doom and Gloom+1","Go for the Eyes"],"picked":"SKIP","floor":41},{"not_picked":["Doom and Gloom+1","Scrape+1"],"picked":"White Noise","floor":45},{"not_picked":["Rebound","Beam Cell","Storm+1"],"picked":"SKIP","floor":46},{"not_picked":["Stack","Redo","Compile Driver"],"picked":"SKIP","floor":48},{"not_picked":["Redo+1","Stack","Gash+1","Rip and Tear"],"picked":"SKIP","floor":55}],"player_experience":617252,"relics_obtained":[{"floor":6,"key":"Ice Cream"},{"floor":8,"key":"Mummified Hand"},{"floor":10,"key":"Frozen Egg 2"},{"floor":20,"key":"Red Mask"},{"floor":23,"key":"Mercury Hourglass"},{"floor":25,"key":"Pear"},{"floor":26,"key":"Bag of Preparation"},{"floor":28,"key":"Bronze Scales"},{"floor":31,"key":"DataDisk"},{"floor":37,"key":"Old Coin"},{"floor":40,"key":"Darkstone Periapt"},{"floor":43,"key":"Shovel"},{"floor":48,"key":"Question Card"},{"floor":49,"key":"Symbiotic Virus"},{"floor":53,"key":"Shuriken"},{"floor":55,"key":"Pen Nib"}],"event_choices":[{"damage_healed":0,"gold_gain":0,"player_choice":"Donut","damage_taken":0,"max_hp_gain":5,"max_hp_loss":0,"event_name":"Big Fish","floor":4,"gold_loss":0},{"damage_healed":0,"gold_gain":0,"player_choice":"Upgraded","damage_taken":0,"max_hp_gain":0,"max_hp_loss":0,"event_name":"Upgrade Shrine","floor":7,"gold_loss":0,"cards_upgraded":["Rainbow"]},{"cards_removed":["Strike_B"],"damage_healed":0,"gold_gain":0,"player_choice":"Card Removal","damage_taken":0,"max_hp_gain":0,"max_hp_loss":0,"event_name":"The Cleric","floor":14,"gold_loss":75},{"damage_healed":0,"gold_gain":50,"player_choice":"Stole From Cult","damage_taken":0,"max_hp_gain":0,"max_hp_loss":0,"event_name":"Nest","floor":19,"gold_loss":0},{"damage_healed":0,"gold_gain":0,"player_choice":"Fought Bandits","damage_taken":0,"max_hp_gain":0,"max_hp_loss":0,"event_name":"Masked Bandits","floor":20,"gold_loss":0},{"damage_healed":0,"gold_gain":0,"player_choice":"Fight","damage_taken":0,"max_hp_gain":0,"max_hp_loss":0,"event_name":"Mysterious Sphere","floor":37,"gold_loss":0},{"cards_removed":["Defend_B"],"damage_healed":0,"gold_gain":0,"player_choice":"Removed Skill","damage_taken":0,"max_hp_gain":0,"max_hp_loss":0,"event_name":"Falling","floor":44,"gold_loss":0}],"is_beta":false,"boss_relics":[{"not_picked":["FrozenCore","Lizard Tail"],"picked":"Snecko Eye"},{"not_picked":["Nuclear Battery","Cursed Key"],"picked":"Inserter"}],"items_purged_floors":[12,21,47],"is_endless":false,"potions_floor_spawned":[2,3,8,11,23,25,28,33,35,38,48,55],"ascension_level":20}