{"gold_per_floor":[109,109,109,34,34,34,57,70,70,70,70],"floor_reached":11,"playtime":232,"items_purged":["Stack"],"score":61,"play_id":"4c670558-832e-40f6-94e1-021818cab3ff","local_time":"20190321022859","daily_mods":["Draft","Heirloom","Flight","DeadlyEvents"],"is_ascension_mode":false,"campfire_choices":[{"data":"White Noise","floor":6,"key":"SMITH"},{"data":"Melter","floor":10,"key":"SMITH"}],"neow_cost":"","seed_source_timestamp":619429815645518,"circlet_count":0,"master_deck":["Lockon","Chaos","Streamline","Coolheaded","Conserve Battery","White Noise+1","Ball Lightning","Turbo","Self Repair","Gash","Cold Snap","Ball Lightning","FTL","Gash","Storm","Melter+1"],"relics":["Cracked Core","Ice Cream","Golden Idol","Happy Flower"],"potions_floor_usage":[],"damage_taken":[{"damage":0,"enemies":"2 Louse","floor":1,"turns":1},{"damage":3,"enemies":"Small Slimes","floor":7,"turns":2},{"damage":0,"enemies":"Cultist","floor":8,"turns":2},{"damage":9,"enemies":"3 Sentries","floor":11,"turns":3}],"seed_played":"6072622855309169825","potions_obtained":[{"floor":1,"key":"SkillPotion"},{"floor":8,"key":"Energy Potion"}],"is_trial":true,"path_per_floor":["M","?","?","$","?","R","M","M","T","R","E"],"character_chosen":"DEFECT","items_purchased":[],"campfire_rested":0,"item_purchase_floors":[],"current_hp_per_floor":[75,80,80,80,60,60,64,64,64,64,55],"gold":70,"neow_bonus":"","is_prod":false,"is_daily":false,"chose_seed":false,"campfire_upgraded":2,"win_rate":0,"timestamp":1553102939,"path_taken":["M","?","?","$","?","R","?","?","T","R","E"],"build_version":"2019-01-23","purchased_purges":1,"victory":false,"max_hp_per_floor":[75,80,80,80,80,80,80,80,80,80,80],"card_choices":[{"not_picked":["Stack","Steam"],"picked":"Lockon","floor":0},{"not_picked":["Sweeping Beam","Hologram"],"picked":"Chaos","floor":0},{"not_picked":["Leap","Conserve Battery"],"picked":"Streamline","floor":0},{"not_picked":["Barrage","Streamline"],"picked":"Coolheaded","floor":0},{"not_picked":["Doom and Gloom","Redo"],"picked":"Conserve Battery","floor":0},{"not_picked":["Lockon","Stack"],"picked":"White Noise","floor":0},{"not_picked":["Barrage","Static Discharge"],"picked":"Stack","floor":0},{"not_picked":["Go for the Eyes","Hologram"],"picked":"Ball Lightning","floor":0},{"not_picked":["Steam","Static Discharge"],"picked":"Turbo","floor":0},{"not_picked":["Beam Cell","Go for the Eyes"],"picked":"Self Repair","floor":0},{"not_picked":["Reinforced Body","Beam Cell"],"picked":"Gash","floor":0},{"not_picked":["Compile Driver","Sweeping Beam"],"picked":"Cold Snap","floor":0},{"not_picked":["Stack","Streamline"],"picked":"Ball Lightning","floor":0},{"not_picked":["Compile Driver","Streamline"],"picked":"Rebound","floor":0},{"not_picked":["Turbo","Go for the Eyes"],"picked":"FTL","floor":0},{"not_picked":["Turbo","Steam Power"],"picked":"Gash","floor":1},{"not_picked":["Rip and Tear","Cold Snap","Barrage"],"picked":"SKIP","floor":7},{"not_picked":["Hologram","Ball Lightning"],"picked":"Melter","floor":8}],"player_experience":344362,"relics_obtained":[{"floor":9,"key":"Happy Flower"}],"event_choices":[{"damage_healed":0,"gold_gain":0,"player_choice":"Donut","damage_taken":0,"max_hp_gain":5,"max_hp_loss":0,"event_name":"Big Fish","floor":2,"gold_loss":0},{"damage_healed":0,"gold_gain":0,"cards_transformed":["Rebound"],"player_choice":"Change","damage_taken":0,"max_hp_gain":0,"max_hp_loss":0,"event_name":"Living Wall","floor":3,"gold_loss":0,"cards_obtained":["Storm"]},{"damage_healed":0,"gold_gain":0,"player_choice":"Take Damage","damage_taken":20,"relics_obtained":["Golden Idol"],"max_hp_gain":0,"max_hp_loss":0,"event_name":"Golden Idol","floor":5,"gold_loss":0}],"is_beta":false,"boss_relics":[],"items_purged_floors":[4],"is_endless":false,"potions_floor_spawned":[1,8],"killed_by":"3 Sentries","ascension_level":0}