{"gold_per_floor":[119,119,119,135,135,163,163,189,189,189,201,201,201,215,215,334,334,353,376,127,150,150],"floor_reached":22,"playtime":478,"items_purged":["Doubt"],"score":219,"play_id":"c7fafffe-d3d7-440e-bf4e-d401560fee8c","local_time":"20190317153414","is_ascension_mode":false,"campfire_choices":[{"data":"Perfected Strike","floor":7,"key":"SMITH"},{"data":"Spot Weakness","floor":10,"key":"SMITH"},{"data":"Twin Strike","floor":13,"key":"SMITH"},{"data":"Twin Strike","floor":15,"key":"SMITH"}],"neow_cost":"NONE","seed_source_timestamp":325014621838668,"circlet_count":0,"master_deck":["Strike_R","Strike_R","Strike_R+1","Strike_R","Strike_R","Defend_R+1","Bash","Perfected Strike+1","Twin Strike+1","Spot Weakness+1","Disarm+1","Anger","Twin Strike+1","Offering+1","Clothesline+1","Demon Form+1","Twin Strike+1","Whirlwind","Shrug It Off","Pommel Strike"],"relics":["Burning Blood","NeowsBlessing","Kunai","Sundial","Matryoshka","Golden Idol","Astrolabe","War Paint"],"potions_floor_usage":[8,16],"damage_taken":[{"damage":0,"enemies":"2 Louse","floor":1,"turns":1},{"damage":0,"enemies":"Small Slimes","floor":4,"turns":1},{"damage":0,"enemies":"3 Sentries","floor":6,"turns":1},{"damage":36,"enemies":"Lagavulin","floor":8,"turns":4},{"damage":4,"enemies":"Cultist","floor":11,"turns":3},{"damage":9,"enemies":"2 Fungi Beasts","floor":14,"turns":2},{"damage":32,"enemies":"Hexaghost","floor":16,"turns":6},{"damage":36,"enemies":"2 Thieves","floor":18,"turns":3},{"damage":32,"enemies":"Shell Parasite","floor":19,"turns":4},{"damage":19,"enemies":"Shelled Parasite and Fungi","floor":21,"turns":4},{"damage":13,"enemies":"Snake Plant","floor":22,"turns":1}],"seed_played":"4952546560556563880","potions_obtained":[{"floor":4,"key":"Energy Potion"},{"floor":11,"key":"SkillPotion"},{"floor":18,"key":"Energy Potion"}],"is_trial":false,"path_per_floor":["M","?","?","M","?","E","R","E","T","R","M","?","R","M","R","B",null,"M","M","$","M","M"],"character_chosen":"IRONCLAD","items_purchased":["War Paint","Shrug It Off"],"campfire_rested":0,"item_purchase_floors":[20,20],"current_hp_per_floor":[80,64,64,70,63,69,69,39,39,39,41,41,41,38,38,12,80,50,24,24,11,0],"gold":150,"neow_bonus":"THREE_ENEMY_KILL","is_prod":false,"is_daily":false,"chose_seed":false,"campfire_upgraded":4,"win_rate":0,"timestamp":1552804454,"path_taken":["M","?","?","?","?","E","R","E","T","R","M","?","R","M","R","BOSS","M","M","$","M","M"],"build_version":"2019-01-23","purchased_purges":1,"victory":false,"max_hp_per_floor":[80,80,80,80,80,80,80,80,80,80,80,80,80,80,80,80,80,80,80,80,80,80],"card_choices":[{"not_picked":["Burning Pact","Headbutt"],"picked":"Perfected Strike","floor":1},{"not_picked":["Shockwave","Warcry"],"picked":"Twin Strike","floor":4},{"not_picked":["Havoc","Dual Wield"],"picked":"Spot Weakness","floor":6},{"not_picked":["Havoc","Second Wind"],"picked":"Disarm","floor":8},{"not_picked":["Armaments","Fiend Fire"],"picked":"Anger","floor":11},{"not_picked":["Anger","Body Slam"],"picked":"Twin Strike","floor":14},{"not_picked":["Feed","Barricade"],"picked":"Offering","floor":16},{"not_picked":["Armaments","Bloodletting+1"],"picked":"Twin Strike+1","floor":18},{"not_picked":["Cleave","Inflame"],"picked":"Whirlwind","floor":19},{"not_picked":["Sword Boomerang","Cleave"],"picked":"Pommel Strike","floor":21}],"player_experience":294001,"relics_obtained":[{"floor":6,"key":"Kunai"},{"floor":8,"key":"Sundial"},{"floor":9,"key":"Matryoshka"}],"event_choices":[{"damage_healed":0,"gold_gain":0,"player_choice":"Entered Light","damage_taken":16,"max_hp_gain":0,"max_hp_loss":0,"event_name":"Shining Light","floor":2,"gold_loss":0,"cards_upgraded":["Defend_R","Strike_R"]},{"damage_healed":0,"gold_gain":0,"player_choice":"Bought 0 Potions","damage_taken":0,"max_hp_gain":0,"max_hp_loss":0,"event_name":"The Woman in Blue","floor":3,"gold_loss":0},{"cards_removed":["Defend_R"],"damage_healed":0,"gold_gain":0,"player_choice":"Card Removal","damage_taken":7,"max_hp_gain":0,"max_hp_loss":0,"event_name":"Golden Wing","floor":5,"gold_loss":0},{"damage_healed":0,"gold_gain":0,"player_choice":"Take Wound","damage_taken":0,"relics_obtained":["Golden Idol"],"max_hp_gain":0,"max_hp_loss":0,"event_name":"Golden Idol","floor":12,"gold_loss":0,"cards_obtained":["Injury"]}],"is_beta":false,"boss_relics":[{"not_picked":["Pandora\u0027s Box","Ectoplasm"],"picked":"Astrolabe"}],"items_purged_floors":[20],"is_endless":false,"potions_floor_spawned":[4,11,18],"killed_by":"Snake Plant","ascension_level":0}