{"gold_per_floor":[112,131,131,142,19,19,47,67,145,145,19,19,52,52,52,52],"floor_reached":16,"playtime":931,"items_purged":["Strike_R","Strike_R"],"score":167,"play_id":"3c5df7bb-ab16-4722-a5e9-3b698c5a29a8","local_time":"20190506205634","is_ascension_mode":true,"campfire_choices":[{"data":"Inflame","floor":6,"key":"SMITH"},{"data":"Fiend Fire","floor":10,"key":"SMITH"},{"data":"Flex","floor":12,"key":"SMITH"},{"floor":15,"key":"REST"}],"neow_cost":"NONE","seed_source_timestamp":633553464722947,"circlet_count":0,"master_deck":["AscendersBane","Strike_R","Strike_R","Strike_R","Defend_R","Defend_R","Defend_R","Defend_R","Bash","Impervious+1","Havoc","True Grit","Fiend Fire+1","Inflame+1","Cleave","Flex+1","Thunderclap+1","Power Through"],"relics":["Burning Blood","Nunchaku","Dodecahedron","Vajra"],"potions_floor_usage":[13,16,16],"damage_taken":[{"damage":19,"enemies":"Jaw Worm","floor":1,"turns":6},{"damage":1,"enemies":"Cultist","floor":2,"turns":4},{"damage":0,"enemies":"Small Slimes","floor":4,"turns":4},{"damage":23,"enemies":"Gremlin Nob","floor":7,"turns":5},{"damage":18,"enemies":"Exordium Wildlife","floor":8,"turns":5},{"damage":9,"enemies":"3 Sentries","floor":13,"turns":4},{"damage":48,"enemies":"Hexaghost","floor":16,"turns":14}],"seed_played":"-5228251398254140389","potions_obtained":[{"floor":1,"key":"Block Potion"},{"floor":13,"key":"FearPotion"}],"is_trial":false,"path_per_floor":["M","M","?","M","$","R","E","M","T","R","$","R","E","?","R","B"],"character_chosen":"IRONCLAD","items_purchased":["PowerPotion","Thunderclap"],"campfire_rested":1,"item_purchase_floors":[5,11],"current_hp_per_floor":[59,64,64,70,70,70,53,41,41,41,41,41,38,22,46,0],"gold":52,"neow_bonus":"ONE_RANDOM_RARE_CARD","is_prod":false,"is_daily":false,"chose_seed":false,"campfire_upgraded":3,"win_rate":0,"timestamp":1557190594,"path_taken":["M","M","?","M","?","R","E","M","T","R","$","R","E","?","R","BOSS"],"build_version":"2019-01-23","purchased_purges":2,"victory":false,"max_hp_per_floor":[80,80,80,80,80,80,80,80,80,80,80,80,80,80,80,80],"card_choices":[{"not_picked":["Twin Strike","Dual Wield"],"picked":"Havoc","floor":1},{"not_picked":["Sword Boomerang","Thunderclap"],"picked":"True Grit","floor":2},{"not_picked":["True Grit","Burning Pact"],"picked":"Inflame","floor":4},{"not_picked":["Pommel Strike","Clothesline"],"picked":"Cleave","floor":7},{"not_picked":["Wild Strike","Rupture"],"picked":"Flex","floor":8},{"not_picked":["Clash","Reckless Charge"],"picked":"Power Through","floor":13}],"player_experience":352283,"relics_obtained":[{"floor":7,"key":"Nunchaku"},{"floor":9,"key":"Dodecahedron"},{"floor":13,"key":"Vajra"}],"event_choices":[{"damage_healed":0,"gold_gain":0,"player_choice":"1 cards matched","damage_taken":0,"max_hp_gain":0,"max_hp_loss":0,"event_name":"Match and Keep!","floor":3,"gold_loss":0,"cards_obtained":["Fiend Fire"]},{"damage_healed":0,"gold_gain":0,"player_choice":"Entered Light","damage_taken":16,"max_hp_gain":0,"max_hp_loss":0,"event_name":"Shining Light","floor":14,"gold_loss":0,"cards_upgraded":["Thunderclap","Impervious"]}],"is_beta":false,"boss_relics":[],"items_purged_floors":[5,11],"is_endless":false,"potions_floor_spawned":[1,13],"killed_by":"Hexaghost","ascension_level":11}