{"gold_per_floor":[119,119,69,79,30,30,58,77,100,119,151,151,183,183,183,281,281,269,284,284,56,66,66],"floor_reached":23,"playtime":1416,"items_purged":["Decay"],"score":324,"play_id":"6e4bef8b-4451-49b4-8a5b-b9b96d4998ed","local_time":"20190506190007","is_ascension_mode":true,"campfire_choices":[{"data":"Spot Weakness","floor":6,"key":"SMITH"},{"data":"Demon Form","floor":12,"key":"SMITH"},{"floor":15,"key":"REST"}],"neow_cost":"NONE","seed_source_timestamp":626080724074134,"circlet_count":0,"master_deck":["AscendersBane","Strike_R","Strike_R","Strike_R","Strike_R","Defend_R","Defend_R","Defend_R+1","Defend_R","Bash","Spot Weakness+1","Whirlwind","Headbutt","Anger","Armaments","Rage","Demon Form+1","Pommel Strike","Double Tap+1"],"relics":["Burning Blood","Juzu Bracelet","Lantern","Ancient Tea Set","Boot","Bird Faced Urn","Red Skull","Velvet Choker","War Paint"],"potions_floor_usage":[7,7,7,13,23],"damage_taken":[{"damage":9,"enemies":"2 Louse","floor":1,"turns":3},{"damage":2,"enemies":"Jaw Worm","floor":4,"turns":3},{"damage":26,"enemies":"Gremlin Nob","floor":7,"turns":4},{"damage":6,"enemies":"Small Slimes","floor":8,"turns":3},{"damage":11,"enemies":"Blue Slaver","floor":10,"turns":4},{"damage":25,"enemies":"3 Sentries","floor":11,"turns":4},{"damage":17,"enemies":"Lagavulin","floor":13,"turns":7},{"damage":12,"enemies":"Slime Boss","floor":16,"turns":7},{"damage":17,"enemies":"2 Thieves","floor":18,"turns":4},{"damage":22,"enemies":"Shell Parasite","floor":19,"turns":5},{"damage":25,"enemies":"3 Cultists","floor":22,"turns":5},{"damage":34,"enemies":"Gremlin Leader","floor":23,"turns":2}],"seed_played":"-8295647758421583657","potions_obtained":[{"floor":1,"key":"EntropicBrew"},{"floor":7,"key":"Fruit Juice"},{"floor":13,"key":"Ancient Potion"},{"floor":18,"key":"Weak Potion"},{"floor":22,"key":"SkillPotion"}],"is_trial":false,"path_per_floor":["M","?","?","M","$","R","E","M","T","M","E","R","E","?","R","B",null,"M","M","?","$","M","E"],"character_chosen":"IRONCLAD","items_purchased":["Headbutt","War Paint"],"campfire_rested":1,"item_purchase_floors":[5,21],"current_hp_per_floor":[69,69,69,73,73,73,58,58,58,53,34,34,23,16,41,37,73,62,48,48,48,29,0],"gold":66,"neow_bonus":"RANDOM_COMMON_RELIC","is_prod":false,"is_daily":false,"chose_seed":false,"campfire_upgraded":2,"win_rate":0,"timestamp":1557183607,"path_taken":["M","?","?","M","?","R","E","M","T","M","E","R","E","?","R","BOSS","M","M","?","$","M","E"],"build_version":"2019-01-23","purchased_purges":1,"victory":false,"max_hp_per_floor":[80,80,80,80,80,80,85,85,85,85,85,85,85,85,85,85,85,85,85,85,85,85,85],"card_choices":[{"not_picked":["Heavy Blade","Warcry"],"picked":"Spot Weakness","floor":1},{"not_picked":["Spot Weakness","Searing Blow"],"picked":"Whirlwind","floor":4},{"not_picked":["Intimidate","Whirlwind"],"picked":"Anger","floor":7},{"not_picked":["Iron Wave","Pummel"],"picked":"Armaments","floor":8},{"not_picked":["Pommel Strike","Perfected Strike"],"picked":"Rage","floor":10},{"not_picked":["Burning Pact","Seeing Red"],"picked":"Demon Form","floor":11},{"not_picked":["Corruption","Body Slam"],"picked":"Pommel Strike","floor":13},{"not_picked":["Brutality","Exhume"],"picked":"Double Tap","floor":16},{"not_picked":["Sever Soul","Cleave","Dual Wield+1"],"picked":"SKIP","floor":18},{"not_picked":["Feel No Pain","Headbutt","Rampage+1"],"picked":"SKIP","floor":19},{"not_picked":["Armaments","Whirlwind","Headbutt"],"picked":"SKIP","floor":22}],"player_experience":350867,"relics_obtained":[{"floor":7,"key":"Lantern"},{"floor":9,"key":"Ancient Tea Set"},{"floor":11,"key":"Boot"},{"floor":13,"key":"Bird Faced Urn"}],"event_choices":[{"damage_healed":0,"gold_gain":0,"player_choice":"Ignored","damage_taken":0,"max_hp_gain":0,"max_hp_loss":0,"event_name":"Liars Game","floor":2,"gold_loss":0},{"cards_removed":["Strike_R"],"damage_healed":0,"gold_gain":0,"player_choice":"Card Removal","damage_taken":0,"max_hp_gain":0,"max_hp_loss":0,"event_name":"The Cleric","floor":3,"gold_loss":50},{"damage_healed":0,"gold_gain":0,"player_choice":"Success","damage_taken":7,"relics_obtained":["Red Skull"],"max_hp_gain":0,"max_hp_loss":0,"event_name":"Scrap Ooze","floor":14,"gold_loss":0},{"damage_healed":0,"gold_gain":0,"player_choice":"Smashed Altar","damage_taken":0,"max_hp_gain":0,"max_hp_loss":0,"event_name":"Forgotten Altar","floor":20,"gold_loss":0,"cards_obtained":["Decay"]}],"is_beta":false,"boss_relics":[{"not_picked":["Fusion Hammer","Orrery"],"picked":"Velvet Choker"}],"items_purged_floors":[21],"is_endless":false,"potions_floor_spawned":[1,7,13,18,22],"killed_by":"Gremlin Leader","ascension_level":11}