{"gold_per_floor":[113,113,113,188,199,229,23,40,70,84,100,100,117,148,148,249,249,259,291,1,1],"floor_reached":21,"playtime":709,"items_purged":["Skewer"],"score":198,"play_id":"c54edef5-c42c-4170-9a84-5b6b5e88660f","local_time":"20180706161550","is_ascension_mode":true,"campfire_choices":[{"floor":15,"key":"REST"}],"neow_cost":"NONE","seed_source_timestamp":102657053638741,"circlet_count":0,"master_deck":["Survivor","Neutralize","Bane","Dagger Spray","Cloak And Dagger","Terror","Dagger Spray","Bullet Time","Finisher","After Image","Poisoned Stab","Dodge and Roll","Deadly Poison","Predator","Caltrops","Dodge and Roll","Infinite Blades","Deadly Poison","Bane","Bane","Dagger Spray","Malaise"],"relics":["Ring of the Snake","Art of War","Anchor","Dodecahedron","Omamori","Lee\u0027s Waffle","Tiny Chest","Potion Belt","Lantern","Pandora\u0027s Box","Red Mask","Bronze Scales"],"potions_floor_usage":[13,14,16,16],"damage_taken":[{"damage":5,"enemies":"Jaw Worm","floor":1,"turns":4},{"damage":1,"enemies":"Cultist","floor":5,"turns":4},{"damage":22,"enemies":"Gremlin Nob","floor":6,"turns":5},{"damage":0,"enemies":"2 Louse","floor":8,"turns":2},{"damage":9,"enemies":"Large Slime","floor":10,"turns":9},{"damage":7,"enemies":"Blue Slaver","floor":11,"turns":4},{"damage":21,"enemies":"Exordium Thugs","floor":13,"turns":4},{"damage":13,"enemies":"Lagavulin","floor":14,"turns":7},{"damage":14,"enemies":"Slime Boss","floor":16,"turns":9},{"damage":19,"enemies":"Chosen","floor":18,"turns":4},{"damage":43,"floor":19,"turns":5},{"damage":22,"enemies":"Spheric Guardian","floor":21,"turns":3}],"seed_played":"1534289864705319302","potions_obtained":[{"floor":6,"key":"Ancient Potion"},{"floor":8,"key":"SteroidPotion"},{"floor":10,"key":"SkillPotion"},{"floor":13,"key":"Energy Potion"}],"is_trial":false,"path_per_floor":["M","?","?","T","M","E","$","M","T","M","M","T","M","E","R","B",null,"M","?","$"],"character_chosen":"THE_SILENT","items_purchased":["Lee\u0027s Waffle","Bronze Scales","Malaise"],"campfire_rested":1,"item_purchase_floors":[7,20,20],"current_hp_per_floor":[65,58,44,44,43,21,77,77,77,68,61,61,40,27,50,36,77,58,15,15,0],"gold":1,"neow_bonus":"RANDOM_COMMON_RELIC","is_prod":false,"is_daily":false,"chose_seed":false,"campfire_upgraded":0,"win_rate":0,"timestamp":1530886550,"path_taken":["M","?","?","?","M","E","$","?","T","M","M","?","?","E","R","BOSS","M","?","$","?"],"build_version":"2018-07-05","purchased_purges":1,"victory":false,"max_hp_per_floor":[70,70,70,70,70,70,77,77,77,77,77,77,77,77,77,77,77,77,77,77,77],"card_choices":[{"not_picked":["Poisoned Stab","Backflip"],"picked":"Bane","floor":1},{"not_picked":["Choke","Blur"],"picked":"Dagger Spray","floor":5},{"not_picked":["Die Die Die","Heel Hook"],"picked":"Cloak And Dagger","floor":6},{"not_picked":["Underhanded Strike","Prepared","Slice"],"picked":"SKIP","floor":8},{"not_picked":["Underhanded Strike","Dagger Spray"],"picked":"Terror","floor":10},{"not_picked":["Backflip","Underhanded Strike"],"picked":"Dagger Spray","floor":11},{"not_picked":["Concentrate","Prepared"],"picked":"Bullet Time","floor":13},{"not_picked":["Slice","Masterful Stab"],"picked":"Finisher","floor":14},{"not_picked":["Night Terror","Storm of Steel"],"picked":"After Image","floor":16},{"not_picked":["Acrobatics","Infinite Blades"],"picked":"Bane","floor":18},{"not_picked":["Dagger Throw+1","Poisoned Stab"],"picked":"Dagger Spray","floor":19}],"player_experience":83528,"relics_obtained":[{"floor":4,"key":"Dodecahedron"},{"floor":6,"key":"Omamori"},{"floor":9,"key":"Tiny Chest"},{"floor":12,"key":"Potion Belt"},{"floor":14,"key":"Lantern"},{"floor":19,"key":"Red Mask"}],"event_choices":[{"event_name":"Scrap Ooze","player_choice":"success","floor":2,"damage_taken":7},{"event_name":"Shining Light","player_choice":"Entered Light","floor":3,"damage_taken":0},{"event_name":"Masked Bandits","player_choice":"Fought over 259 gold","floor":19,"damage_taken":0}],"boss_relics":[{"not_picked":["Ectoplasm","Astrolabe"],"picked":"Pandora\u0027s Box"}],"items_purged_floors":[20],"is_endless":false,"potions_floor_spawned":[6,8,10,13],"killed_by":"Spheric Guardian","ascension_level":1}