{"gold_per_floor":[111,121,141,158,169,169,201,201,201,234,234,259,259,279,279,377,377,392,392,317,232,232,261,261,68,68,94,114,128,128,138,138,238,238,254,354,84,84,98,98,98,109,109,142,42,42,42,55,55,55],"floor_reached":51,"playtime":1840,"items_purged":["Strike_R","Pain"],"score":893,"play_id":"018fda1f-f654-46d8-a5b4-3ab062f877c8","local_time":"20190604144958","is_ascension_mode":true,"campfire_choices":[{"data":"Body Slam","floor":6,"key":"SMITH"},{"data":"Armaments","floor":11,"key":"SMITH"},{"data":"Heavy Blade","floor":15,"key":"SMITH"},{"data":"1","floor":30,"key":"LIFT"},{"floor":32,"key":"REST"},{"data":"2","floor":40,"key":"LIFT"},{"data":"3","floor":41,"key":"LIFT"},{"floor":46,"key":"REST"},{"floor":49,"key":"REST"}],"neow_cost":"NONE","seed_source_timestamp":27335112947830,"circlet_count":0,"master_deck":["Strike_R","Strike_R","Strike_R","Defend_R","Defend_R+1","Defend_R+1","Bash","Body Slam+1","Shrug It Off","Armaments+1","Spot Weakness","Thunderclap","Heavy Blade+1","Demon Form","True Grit+1","Dagger Spray","Bullet Time","Thunderclap","Outmaneuver","The Bomb","Coolheaded","Disarm","Mayhem","Metallicize","Footwork+1","Madness","Madness"],"relics":["Burning Blood","Orichalcum","Gremlin Horn","Mercury Hourglass","Bag of Marbles","WingedGreaves","Empty Cage","Girya","Strawberry","Enchiridion","PrismaticShard","Ancient Tea Set","Red Skull","Mark of Pain","Bird Faced Urn","WarpedTongs","Shuriken","Regal Pillow"],"potions_floor_usage":[10,18,27,39,44,44,50],"damage_taken":[{"damage":0,"enemies":"Cultist","floor":1,"turns":3},{"damage":4,"enemies":"Small Slimes","floor":2,"turns":3},{"damage":7,"enemies":"Jaw Worm","floor":3,"turns":3},{"damage":6,"enemies":"2 Fungi Beasts","floor":4,"turns":4},{"damage":2,"enemies":"3 Louse","floor":5,"turns":5},{"damage":12,"enemies":"3 Sentries","floor":7,"turns":6},{"damage":10,"enemies":"Lagavulin","floor":10,"turns":5},{"damage":0,"enemies":"3 Sentries","floor":12,"turns":6},{"damage":5,"enemies":"Looter","floor":14,"turns":2},{"damage":37,"enemies":"The Guardian","floor":16,"turns":9},{"damage":12,"enemies":"3 Byrds","floor":18,"turns":4},{"damage":14,"enemies":"Gremlin Leader","floor":23,"turns":7},{"damage":32,"enemies":"Slavers","floor":27,"turns":4},{"damage":10,"enemies":"2 Thieves","floor":28,"turns":2},{"damage":2,"enemies":"Snecko","floor":29,"turns":3},{"damage":0,"enemies":"Chosen and Byrds","floor":31,"turns":3},{"damage":72,"enemies":"Automaton","floor":33,"turns":9},{"damage":17,"enemies":"3 Shapes","floor":35,"turns":5},{"damage":15,"enemies":"Mind Bloom Boss Battle","floor":36,"turns":9},{"damage":14,"enemies":"Orb Walker","floor":39,"turns":4},{"damage":32,"enemies":"Spire Growth","floor":42,"turns":4},{"damage":26,"enemies":"Reptomancer","floor":44,"turns":4},{"damage":6,"enemies":"Sphere and 2 Shapes","floor":48,"turns":3},{"damage":14,"enemies":"Donu and Deca","floor":50,"turns":5}],"seed_played":"7022672374689193533","potions_obtained":[{"floor":2,"key":"Block Potion"},{"floor":5,"key":"LiquidBronze"},{"floor":7,"key":"GamblersBrew"},{"floor":10,"key":"FairyPotion"},{"floor":12,"key":"Fire Potion"},{"floor":13,"key":"Energy Potion"},{"floor":18,"key":"SpeedPotion"},{"floor":29,"key":"Block Potion"},{"floor":31,"key":"Block Potion"},{"floor":42,"key":"Swift Potion"},{"floor":48,"key":"AttackPotion"}],"is_trial":false,"path_per_floor":["M","M","M","M","M","R","E","?","T","E","R","E","?","M","R","B",null,"M","?","$","?","?","E","?","$","T","E","M","M","R","M","R","B",null,"M","?","$","?","M","R","R","M","T","E","$","R","?","M","R","B",null],"character_chosen":"IRONCLAD","items_purchased":["PrismaticShard","Mayhem","Metallicize"],"campfire_rested":3,"item_purchase_floors":[25,37,37],"current_hp_per_floor":[80,80,79,79,80,80,74,58,58,54,54,60,60,61,61,30,80,74,59,59,59,85,84,68,68,68,42,38,42,42,48,75,9,92,81,72,72,72,72,72,72,50,50,36,36,78,66,70,92,88],"gold":55,"neow_bonus":"RANDOM_COMMON_RELIC","is_prod":false,"is_daily":false,"chose_seed":false,"campfire_upgraded":3,"win_rate":0,"timestamp":1559652598,"path_taken":["M","M","M","M","M","R","E","?","T","E","R","E","?","?","R","BOSS","M","?","$","?","?","E","?","?","T","E","?","M","R","M","R","BOSS","M","?","$","?","?","R","R","M","T","E","$","R","?","M","R","BOSS"],"build_version":"2019-01-23","purchased_purges":2,"victory":true,"max_hp_per_floor":[80,80,80,80,80,80,80,80,80,80,80,80,80,80,80,80,80,80,85,85,85,85,92,92,92,92,92,92,92,92,92,92,92,92,92,92,92,92,92,92,92,92,92,92,92,92,92,92,92,92],"card_choices":[{"not_picked":["True Grit","Clothesline"],"picked":"Body Slam","floor":1},{"not_picked":["Carnage","Seeing Red"],"picked":"Shrug It Off","floor":2},{"not_picked":["Twin Strike","Flex","Blood for Blood"],"picked":"SKIP","floor":3},{"not_picked":["Clash","Burning Pact"],"picked":"Armaments","floor":4},{"not_picked":["Clash","Reckless Charge"],"picked":"Spot Weakness","floor":5},{"not_picked":["Berserk","Flex"],"picked":"Thunderclap","floor":7},{"not_picked":["Iron Wave","Feel No Pain"],"picked":"Heavy Blade","floor":10},{"not_picked":["Thunderclap","Headbutt","Uppercut"],"picked":"SKIP","floor":12},{"not_picked":["Carnage","Clothesline","Brutality"],"picked":"SKIP","floor":14},{"not_picked":["Fiend Fire","Offering"],"picked":"Demon Form","floor":16},{"not_picked":["Corruption+1","Reckless Charge","Heavy Blade"],"picked":"SKIP","floor":18},{"not_picked":["Sword Boomerang+1","Twin Strike"],"picked":"True Grit+1","floor":23},{"not_picked":["Skim","Redo"],"picked":"Dagger Spray","floor":27},{"not_picked":["Twin Strike","Poisoned Stab"],"picked":"Bullet Time","floor":28},{"not_picked":["Slice","Barrage"],"picked":"Thunderclap","floor":29},{"not_picked":["Cloak And Dagger","Deflect"],"picked":"Outmaneuver","floor":31},{"not_picked":["Doppelganger","Demon Form"],"picked":"The Bomb","floor":33},{"not_picked":["Streamline","Leap+1"],"picked":"Coolheaded","floor":35},{"not_picked":["Underhanded Strike+1","Slice+1"],"picked":"Disarm","floor":36},{"not_picked":["Sword Boomerang","Reflex","Cleave"],"picked":"SKIP","floor":39},{"not_picked":["Dropkick+1","Impatience+1","Combust+1"],"picked":"SKIP","floor":42},{"not_picked":["Panacea","Storm of Steel"],"picked":"Footwork+1","floor":44},{"not_picked":["Sweeping Beam","Leap","Steam"],"picked":"SKIP","floor":48}],"player_experience":302869,"relics_obtained":[{"floor":7,"key":"Gremlin Horn"},{"floor":9,"key":"Mercury Hourglass"},{"floor":10,"key":"Bag of Marbles"},{"floor":12,"key":"WingedGreaves"},{"floor":23,"key":"Strawberry"},{"floor":24,"key":"Enchiridion"},{"floor":26,"key":"Ancient Tea Set"},{"floor":27,"key":"Red Skull"},{"floor":36,"key":"Bird Faced Urn"},{"floor":43,"key":"Shuriken"},{"floor":44,"key":"Regal Pillow"}],"event_choices":[{"damage_healed":0,"gold_gain":0,"player_choice":"Entered Light","damage_taken":16,"max_hp_gain":0,"max_hp_loss":0,"event_name":"Shining Light","floor":8,"gold_loss":0,"cards_upgraded":["Defend_R","Defend_R"]},{"damage_healed":0,"gold_gain":0,"player_choice":"Got Potions","damage_taken":0,"max_hp_gain":0,"max_hp_loss":0,"event_name":"Lab","floor":13,"gold_loss":0},{"damage_healed":0,"gold_gain":0,"player_choice":"Shed Blood","damage_taken":20,"max_hp_gain":5,"max_hp_loss":0,"event_name":"Forgotten Altar","floor":19,"gold_loss":0},{"damage_healed":0,"gold_gain":0,"player_choice":"Obtained Relic","damage_taken":0,"relics_obtained":["Girya"],"max_hp_gain":0,"max_hp_loss":0,"event_name":"Addict","floor":21,"gold_loss":85},{"damage_healed":28,"gold_gain":0,"player_choice":"Heal","damage_taken":0,"max_hp_gain":0,"max_hp_loss":0,"event_name":"The Library","floor":22,"gold_loss":0},{"damage_healed":0,"gold_gain":0,"player_choice":"Obtained Book","damage_taken":16,"max_hp_gain":0,"max_hp_loss":0,"event_name":"Cursed Tome","floor":24,"gold_loss":0},{"damage_healed":0,"gold_gain":0,"player_choice":"Fight","damage_taken":0,"max_hp_gain":0,"max_hp_loss":0,"event_name":"MindBloom","floor":36,"gold_loss":0},{"damage_healed":0,"gold_gain":0,"player_choice":"Rummage","damage_taken":0,"relics_obtained":["WarpedTongs"],"max_hp_gain":0,"max_hp_loss":0,"event_name":"Accursed Blacksmith","floor":38,"gold_loss":0,"cards_obtained":["Pain"]},{"damage_healed":0,"gold_gain":0,"player_choice":"Embrace Madness","damage_taken":12,"max_hp_gain":0,"max_hp_loss":0,"event_name":"Winding Halls","floor":47,"gold_loss":0,"cards_obtained":["Madness","Madness"]}],"is_beta":false,"boss_relics":[{"not_picked":["Runic Cube","Orrery"],"picked":"Empty Cage"},{"not_picked":["Black Star","Tiny House"],"picked":"Mark of Pain"}],"items_purged_floors":[20,45],"is_endless":false,"potions_floor_spawned":[2,5,7,10,12,16,18,29,31,36,42,48],"ascension_level":3}