{"gold_per_floor":[116,134,147,167,167,200,212,137,137,137,153,118,131,156,156,156],"floor_reached":16,"playtime":1402,"items_purged":["Strike_B"],"score":114,"play_id":"7e2eff23-0c7c-4d39-91fc-7570c5ae7d00","local_time":"20190129185506","is_ascension_mode":false,"campfire_choices":[{"data":"Defragment","floor":10,"key":"SMITH"},{"data":"Defragment","floor":15,"key":"SMITH"}],"neow_cost":"NONE","seed_source_timestamp":22086493445655,"circlet_count":0,"master_deck":["Strike_B","Strike_B","Strike_B","Defend_B","Defend_B","Defend_B","Defend_B","Zap","Dualcast","Defragment+1","Defragment+1","Coolheaded","Coolheaded","White Noise","Static Discharge","Loop","Coolheaded","Defragment+1"],"relics":["Cracked Core","NeowsBlessing","Bottled Tornado","Sundial","Symbiotic Virus"],"potions_floor_usage":[4,6,6,11,14,16,16,16],"damage_taken":[{"damage":0,"enemies":"2 Louse","floor":1,"turns":1},{"damage":0,"enemies":"Cultist","floor":2,"turns":1},{"damage":0,"enemies":"Jaw Worm","floor":3,"turns":1},{"damage":13,"enemies":"Red Slaver","floor":4,"turns":4},{"damage":13,"enemies":"3 Sentries","floor":6,"turns":5},{"damage":2,"enemies":"Blue Slaver","floor":7,"turns":5},{"damage":6,"enemies":"Looter","floor":11,"turns":3},{"damage":2,"enemies":"Exordium Wildlife","floor":13,"turns":5},{"damage":6,"enemies":"Gremlin Nob","floor":14,"turns":6},{"damage":35,"enemies":"Slime Boss","floor":16,"turns":3}],"seed_played":"2498536622731022537","potions_obtained":[{"floor":1,"key":"EntropicBrew"},{"floor":6,"key":"SteroidPotion"},{"floor":7,"key":"AttackPotion"},{"floor":11,"key":"SkillPotion"},{"floor":14,"key":"Explosive Potion"}],"is_trial":false,"path_per_floor":["M","M","M","M","?","E","M","$","T","R","M","$","M","E","R","B"],"character_chosen":"DEFECT","items_purchased":["Loop"],"campfire_rested":0,"item_purchase_floors":[12],"current_hp_per_floor":[75,75,75,62,62,49,47,47,47,47,41,41,39,33,33,0],"gold":156,"neow_bonus":"THREE_ENEMY_KILL","is_prod":false,"is_daily":false,"chose_seed":false,"campfire_upgraded":2,"win_rate":0,"timestamp":1548784506,"path_taken":["M","M","M","M","?","E","M","$","T","R","M","?","M","E","R","BOSS"],"build_version":"2019-01-23","purchased_purges":1,"victory":false,"max_hp_per_floor":[75,75,75,75,75,75,75,75,75,75,75,75,75,75,75,75],"card_choices":[{"not_picked":["Force Field","Stack"],"picked":"Defragment","floor":1},{"not_picked":["Skim","Go for the Eyes","Streamline"],"picked":"SKIP","floor":2},{"not_picked":["Storm","Auto Shields"],"picked":"Defragment","floor":3},{"not_picked":["Streamline","Sweeping Beam"],"picked":"Coolheaded","floor":4},{"not_picked":["Turbo","Streamline"],"picked":"Coolheaded","floor":6},{"not_picked":["Compile Driver","Gash"],"picked":"White Noise","floor":7},{"not_picked":["Reprogram","Stack"],"picked":"Static Discharge","floor":11},{"not_picked":["Leap","Amplify"],"picked":"Coolheaded","floor":13},{"not_picked":["Ball Lightning","Leap"],"picked":"Defragment","floor":14}],"player_experience":219194,"relics_obtained":[{"floor":6,"key":"Bottled Tornado"},{"floor":9,"key":"Sundial"},{"floor":14,"key":"Symbiotic Virus"}],"event_choices":[{"damage_healed":0,"gold_gain":0,"player_choice":"Upgraded","damage_taken":0,"max_hp_gain":0,"max_hp_loss":0,"event_name":"Upgrade Shrine","floor":5,"gold_loss":0,"cards_upgraded":["Defragment"]}],"is_beta":false,"boss_relics":[],"items_purged_floors":[8],"is_endless":false,"potions_floor_spawned":[1,6,7,11,14],"killed_by":"Slime Boss","ascension_level":0}