{"gold_per_floor":[118,43,43,43,43,43,67,67,67,100,113,113,98,134,134,134],"floor_reached":16,"playtime":603,"items_purged":["Strike_B"],"score":259,"play_id":"2150e595-b7e5-4a0f-93b1-b41cae1104e6","local_time":"20190528144147","is_ascension_mode":true,"campfire_choices":[{"data":"Zap","floor":6,"key":"SMITH"},{"data":"Dualcast","floor":8,"key":"SMITH"},{"data":"Reinforced Body","floor":15,"key":"SMITH"}],"neow_cost":"NONE","seed_source_timestamp":256057829574557,"circlet_count":0,"master_deck":["AscendersBane","Strike_B+1","Strike_B+1","Defend_B","Defend_B","Defend_B","Defend_B","Zap+1","Dualcast+1","Auto Shields","Steam","Hologram","Reinforced Body+1"],"relics":["Cracked Core","NeowsBlessing","Golden Idol","Potion Belt","Whetstone","Mummified Hand","Pear"],"potions_floor_usage":[14],"damage_taken":[{"damage":0,"enemies":"Small Slimes","floor":1,"turns":1},{"damage":0,"enemies":"2 Louse","floor":7,"turns":1},{"damage":0,"enemies":"Lagavulin","floor":10,"turns":1},{"damage":0,"enemies":"Jaw Worm","floor":11,"turns":3},{"damage":10,"enemies":"Exordium Thugs","floor":13,"turns":4},{"damage":21,"enemies":"3 Sentries","floor":14,"turns":11},{"damage":50,"enemies":"Slime Boss","floor":16,"turns":9}],"seed_played":"-4540191655393936841","potions_obtained":[{"floor":11,"key":"Block Potion"},{"floor":14,"key":"EssenceOfSteel"}],"is_trial":false,"path_per_floor":["M","$","?","?","?","R","M","R","T","E","M","T","M","E","R","B"],"character_chosen":"DEFECT","items_purchased":[],"campfire_rested":0,"item_purchase_floors":[],"current_hp_per_floor":[64,64,64,69,62,62,62,62,62,62,62,62,52,41,41,0],"gold":134,"neow_bonus":"THREE_ENEMY_KILL","is_prod":false,"is_daily":false,"chose_seed":false,"campfire_upgraded":3,"win_rate":0,"timestamp":1559079707,"path_taken":["M","$","?","?","?","R","?","R","T","E","M","?","M","E","R","BOSS"],"build_version":"2019-01-23","purchased_purges":1,"victory":false,"max_hp_per_floor":[71,71,64,69,69,69,69,69,69,69,69,69,69,79,79,79],"card_choices":[{"not_picked":["Leap","Aggregate","Gash"],"picked":"SKIP","floor":1},{"not_picked":["Double Energy","Chaos"],"picked":"Auto Shields","floor":7},{"not_picked":["FTL","Auto Shields"],"picked":"Steam","floor":10},{"not_picked":["Coolheaded","Beam Cell","Gash"],"picked":"SKIP","floor":11},{"not_picked":["Reprogram","Heatsinks"],"picked":"Hologram","floor":13},{"not_picked":["Coolheaded","Sunder"],"picked":"Reinforced Body","floor":14}],"player_experience":794596,"relics_obtained":[{"floor":9,"key":"Potion Belt"},{"floor":10,"key":"Whetstone"},{"floor":12,"key":"Mummified Hand"},{"floor":14,"key":"Pear"}],"event_choices":[{"damage_healed":0,"gold_gain":0,"player_choice":"Lose Max HP","damage_taken":0,"relics_obtained":["Golden Idol"],"max_hp_gain":0,"max_hp_loss":7,"event_name":"Golden Idol","floor":3,"gold_loss":0},{"damage_healed":0,"gold_gain":0,"player_choice":"Donut","damage_taken":0,"max_hp_gain":5,"max_hp_loss":0,"event_name":"Big Fish","floor":4,"gold_loss":0},{"cards_removed":["Strike_B"],"damage_healed":0,"gold_gain":0,"player_choice":"Card Removal","damage_taken":7,"max_hp_gain":0,"max_hp_loss":0,"event_name":"Golden Wing","floor":5,"gold_loss":0}],"is_beta":false,"boss_relics":[],"items_purged_floors":[2],"is_endless":false,"potions_floor_spawned":[11,14],"killed_by":"Slime Boss","ascension_level":19}