{"gold_per_floor":[117,137,154,164,174,174,174,190,215,72,72,72,83,83,83,183,183,195,42,42,42,76,107,107,122,122,132,163,179,179,195,195,298,298,314,363,378,389,403,403,418,418,418,418,163,174,189,189,189,189],"floor_reached":51,"playtime":2122,"items_purged":["Strike_G","Parasite"],"score":683,"play_id":"b3432266-6222-4d1c-af2e-928556b497af","local_time":"20190128130205","is_ascension_mode":false,"campfire_choices":[{"data":"Neutralize","floor":6,"key":"SMITH"},{"data":"Infinite Blades","floor":12,"key":"SMITH"},{"data":"Terror","floor":15,"key":"SMITH"},{"data":"After Image","floor":24,"key":"SMITH"},{"data":"Footwork","floor":32,"key":"SMITH"},{"data":"After Image","floor":40,"key":"SMITH"},{"data":"Backstab","floor":42,"key":"SMITH"},{"floor":44,"key":"REST"},{"data":"Backflip","floor":49,"key":"SMITH"}],"neow_cost":"NONE","seed_source_timestamp":13080918563908,"circlet_count":0,"master_deck":["Defend_G+1","Defend_G+1","Defend_G+1","Defend_G+1","Defend_G+1","Strike_G+1","Strike_G+1","Strike_G+1","Strike_G+1","Survivor","Neutralize+1","Dagger Spray+1","Escape Plan+1","Quick Slash","Backflip+1","Outmaneuver+1","Infinite Blades+1","Glass Knife+1","Terror+1","After Image+1","Backstab+1","Footwork+1","Prepared","Caltrops+1","Dodge and Roll+1","Glass Knife+1","Noxious Fumes","Sucker Punch+1","After Image+1","Cloak And Dagger+1","Crippling Poison","Backstab+1","Injury","Footwork+1"],"relics":["Ring of the Serpent","Blood Vial","Lantern","Red Mask","Boot","Molten Egg 2","Juzu Bracelet","Cursed Key","Du-Vu Doll","Bottled Tornado","War Paint"],"potions_floor_usage":[4,22,22,23,23,31,33,36,39,50,50],"damage_taken":[{"damage":0,"enemies":"2 Louse","floor":1,"turns":3},{"damage":0,"enemies":"Jaw Worm","floor":2,"turns":6},{"damage":1,"enemies":"Cultist","floor":3,"turns":4},{"damage":1,"enemies":"2 Fungi Beasts","floor":4,"turns":2},{"damage":1,"enemies":"Exordium Thugs","floor":5,"turns":5},{"damage":0,"enemies":"Exordium Wildlife","floor":8,"turns":2},{"damage":0,"enemies":"2 Fungi Beasts","floor":13,"turns":2},{"damage":27,"enemies":"Slime Boss","floor":16,"turns":9},{"damage":0,"enemies":"Shell Parasite","floor":18,"turns":4},{"damage":2,"enemies":"Masked Bandits","floor":22,"turns":3},{"damage":17,"enemies":"Slavers","floor":23,"turns":6},{"damage":0,"enemies":"Chosen","floor":25,"turns":4},{"damage":6,"enemies":"Centurion and Healer","floor":27,"turns":5},{"damage":22,"enemies":"Gremlin Leader","floor":28,"turns":6},{"damage":9,"enemies":"Sentry and Sphere","floor":29,"turns":5},{"damage":14,"enemies":"Snake Plant","floor":31,"turns":4},{"damage":7,"enemies":"Champ","floor":33,"turns":11},{"damage":4,"enemies":"3 Shapes","floor":35,"turns":3},{"damage":12,"enemies":"2 Orb Walkers","floor":36,"turns":5},{"damage":0,"enemies":"Orb Walker","floor":37,"turns":3},{"damage":0,"enemies":"Transient","floor":38,"turns":5},{"damage":12,"enemies":"Writhing Mass","floor":39,"turns":5},{"damage":5,"enemies":"Jaw Worm Horde","floor":41,"turns":5},{"damage":0,"enemies":"Sphere and 2 Shapes","floor":46,"turns":4},{"damage":7,"enemies":"Maw","floor":47,"turns":7},{"damage":20,"enemies":"Awakened One","floor":50,"turns":16}],"seed_played":"1989533695697762721","potions_obtained":[{"floor":1,"key":"Explosive Potion"},{"floor":3,"key":"Energy Potion"},{"floor":5,"key":"FearPotion"},{"floor":8,"key":"SkillPotion"},{"floor":13,"key":"Regen Potion"},{"floor":22,"key":"Swift Potion"},{"floor":23,"key":"Swift Potion"},{"floor":28,"key":"Poison Potion"},{"floor":33,"key":"Swift Potion"},{"floor":35,"key":"Block Potion"},{"floor":37,"key":"EssenceOfSteel"},{"floor":46,"key":"SpeedPotion"},{"floor":47,"key":"Strength Potion"}],"is_trial":false,"path_per_floor":["M","M","M","M","M","R","?","M","T","$","?","R","M","?","R","B",null,"M","$","?","?","?","E","R","M","T","M","E","M","?","M","R","B",null,"M","?","M","M","M","R","M","R","T","R","$","M","M","?","R","B",null],"character_chosen":"THE_SILENT","items_purchased":["Infinite Blades","Glass Knife","Footwork","War Paint"],"campfire_rested":1,"item_purchase_floors":[10,10,19,45],"current_hp_per_floor":[70,70,69,69,69,69,69,70,70,70,70,70,70,70,70,43,70,70,70,70,70,68,64,64,66,66,62,42,35,58,46,46,41,70,66,56,58,60,50,50,47,47,47,68,67,67,60,60,60,42],"gold":189,"neow_bonus":"RANDOM_COMMON_RELIC","is_prod":false,"is_daily":false,"chose_seed":false,"campfire_upgraded":8,"win_rate":0,"timestamp":1548676925,"path_taken":["M","M","M","M","M","R","?","M","T","$","?","R","?","?","R","BOSS","M","$","?","?","?","E","R","?","T","M","E","M","?","M","R","BOSS","M","?","M","M","M","R","M","R","T","R","$","M","M","?","R","BOSS"],"build_version":"2019-01-23","purchased_purges":2,"victory":true,"max_hp_per_floor":[70,70,70,70,70,70,70,70,70,70,70,70,70,70,70,70,70,70,70,70,70,70,70,70,70,70,70,70,70,70,70,70,70,70,70,70,70,70,70,70,70,70,70,70,67,67,67,67,67,67],"card_choices":[{"not_picked":["Riddle With Holes","Deflect"],"picked":"Dagger Spray","floor":1},{"not_picked":["Masterful Stab","Cloak And Dagger"],"picked":"Escape Plan","floor":2},{"not_picked":["Sucker Punch","Choke"],"picked":"Quick Slash","floor":3},{"not_picked":["Bane","Outmaneuver"],"picked":"Backflip","floor":4},{"not_picked":["Reflex","Riddle With Holes"],"picked":"Outmaneuver","floor":5},{"not_picked":["Predator","Escape Plan"],"picked":"Infinite Blades","floor":8},{"not_picked":["Skewer","Well Laid Plans"],"picked":"Terror","floor":13},{"not_picked":["Grand Finale","Unload"],"picked":"After Image","floor":16},{"not_picked":["Quick Slash","Poisoned Stab"],"picked":"Backstab","floor":18},{"not_picked":["Outmaneuver+1","Well Laid Plans"],"picked":"Prepared","floor":22},{"not_picked":["Flechettes+1","Dodge and Roll"],"picked":"Caltrops+1","floor":23},{"not_picked":["Caltrops+1","Riddle With Holes"],"picked":"Dodge and Roll+1","floor":25},{"not_picked":["Backflip+1","Poisoned Stab+1","Sucker Punch+1"],"picked":"SKIP","floor":27},{"not_picked":["Dodge and Roll","Quick Slash+1"],"picked":"Glass Knife+1","floor":28},{"not_picked":["Quick Slash+1","Riddle With Holes+1"],"picked":"Noxious Fumes","floor":29},{"not_picked":["Flying Knee+1","Underhanded Strike+1"],"picked":"Sucker Punch+1","floor":31},{"not_picked":["Grand Finale+1","Wraith Form v2"],"picked":"After Image","floor":33},{"not_picked":["Poisoned Stab+1","Acrobatics+1","Dagger Throw+1"],"picked":"SKIP","floor":35},{"not_picked":["PiercingWail+1","All Out Attack+1"],"picked":"Cloak And Dagger+1","floor":37},{"not_picked":["Flechettes+1","Outmaneuver+1","Slice+1"],"picked":"SKIP","floor":38},{"not_picked":["Concentrate+1","Outmaneuver"],"picked":"Crippling Poison","floor":39},{"not_picked":["Choke+1","Quick Slash+1"],"picked":"Backstab+1","floor":41},{"not_picked":["Sucker Punch+1","Skewer+1"],"picked":"Footwork","floor":46},{"not_picked":["Concentrate+1","Slice+1","Sucker Punch+1"],"picked":"SKIP","floor":47}],"player_experience":214770,"relics_obtained":[{"floor":9,"key":"Lantern"},{"floor":22,"key":"Red Mask"},{"floor":23,"key":"Boot"},{"floor":26,"key":"Molten Egg 2"},{"floor":28,"key":"Juzu Bracelet"},{"floor":36,"key":"Du-Vu Doll"},{"floor":43,"key":"Bottled Tornado"}],"event_choices":[{"damage_healed":0,"gold_gain":0,"player_choice":"Grow","damage_taken":0,"max_hp_gain":0,"max_hp_loss":0,"event_name":"Living Wall","floor":7,"gold_loss":0,"cards_upgraded":["Dagger Spray"]},{"damage_healed":0,"gold_gain":0,"player_choice":"Upgraded","damage_taken":0,"max_hp_gain":0,"max_hp_loss":0,"event_name":"Upgrade Shrine","floor":11,"gold_loss":0,"cards_upgraded":["Glass Knife"]},{"cards_removed":["Infinite Blades"],"damage_healed":0,"gold_gain":0,"player_choice":"Offered Uncommon","damage_taken":0,"max_hp_gain":0,"max_hp_loss":0,"event_name":"Bonfire Elementals","floor":14,"gold_loss":0},{"damage_healed":0,"gold_gain":0,"player_choice":"Simplicity","damage_taken":0,"max_hp_gain":0,"max_hp_loss":0,"event_name":"Back to Basics","floor":20,"gold_loss":0,"cards_upgraded":["Defend_G","Defend_G","Defend_G","Defend_G","Defend_G","Strike_G","Strike_G","Strike_G","Strike_G"]},{"damage_healed":0,"gold_gain":0,"player_choice":"Ignored","damage_taken":0,"max_hp_gain":0,"max_hp_loss":0,"event_name":"Beggar","floor":21,"gold_loss":0},{"damage_healed":0,"gold_gain":0,"player_choice":"Fought Bandits","damage_taken":0,"max_hp_gain":0,"max_hp_loss":0,"event_name":"Masked Bandits","floor":22,"gold_loss":0},{"damage_healed":23,"gold_gain":0,"player_choice":"Heal","damage_taken":0,"max_hp_gain":0,"max_hp_loss":0,"event_name":"The Library","floor":30,"gold_loss":0},{"damage_healed":0,"gold_gain":0,"player_choice":"Fight","damage_taken":0,"max_hp_gain":0,"max_hp_loss":0,"event_name":"Mysterious Sphere","floor":36,"gold_loss":0},{"damage_healed":0,"gold_gain":0,"player_choice":"Upgraded","damage_taken":0,"max_hp_gain":0,"max_hp_loss":0,"event_name":"Upgrade Shrine","floor":48,"gold_loss":0,"cards_upgraded":["Footwork"]}],"is_beta":false,"boss_relics":[{"not_picked":["Ectoplasm","Black Star"],"picked":"Ring of the Serpent"},{"not_picked":["Runic Dome","Pandora\u0027s Box"],"picked":"Cursed Key"}],"items_purged_floors":[19,45],"is_endless":false,"potions_floor_spawned":[1,3,5,8,13,22,23,28,33,35,37,46,47],"ascension_level":0}