{"gold_per_floor":[154,154,229,0,0,0,0,0,24,24,24,378,79,91,91,216,216,304,6,6,105,67,97,97,152,152,152,152,69,102,144,144,144],"floor_reached":33,"playtime":898,"items_purged":["Shame"],"score":343,"play_id":"6ecb63eb-7222-4b8a-8e47-047546399c61","local_time":"20190321030056","daily_mods":["Allstar","Heirloom","Flight","Elite Swarm"],"is_ascension_mode":false,"campfire_choices":[{"data":"1","floor":6.0,"key":"LIFT"},{"data":"2","floor":7.0,"key":"LIFT"},{"data":"3","floor":10.0,"key":"LIFT"},{"data":"HandOfGreed","floor":11.0,"key":"SMITH"},{"data":"Apotheosis","floor":15,"key":"SMITH"},{"data":"Limit Break","floor":24,"key":"SMITH"},{"floor":27,"key":"REST"},{"data":"Demon Form","floor":28,"key":"SMITH"},{"data":"Strike_R","floor":32,"key":"PURGE"}],"neow_cost":"","seed_source_timestamp":619429815645518,"circlet_count":0,"master_deck":["Strike_R","Strike_R","Strike_R","Strike_R","Defend_R","Defend_R","Defend_R","Bash","Purity","HandOfGreed+1","Chrysalis","Violence","Madness","Dual Wield","Evolve","Reaper","Apotheosis+1","Disarm","Demon Form+1","Battle Trance","Limit Break+1","Feed+1","Body Slam+1"],"special_seed":0,"relics":["Burning Blood","Nunchaku","Membership Card","Girya","Oddly Smooth Stone","Old Coin","Lantern","Gremlin Horn","Runic Dome","Molten Egg 2","MealTicket","Bronze Scales","Anchor","Red Skull","The Courier","Blue Candle","Chemical X","Peace Pipe"],"potions_floor_usage":[23,33,33],"damage_taken":[{"damage":0.0,"enemies":"Small Slimes","floor":1.0,"turns":3.0},{"damage":18,"enemies":"Lagavulin","floor":12,"turns":5},{"damage":11,"enemies":"Jaw Worm","floor":14,"turns":3},{"damage":25,"enemies":"Hexaghost","floor":16,"turns":9},{"damage":16,"enemies":"3 Byrds","floor":18,"turns":6},{"damage":18,"enemies":"Gremlin Leader","floor":23,"turns":4},{"damage":57,"enemies":"Slavers","floor":25,"turns":6},{"damage":22,"enemies":"Book of Stabbing","floor":30,"turns":5},{"damage":14,"enemies":"2 Thieves","floor":31,"turns":3},{"damage":99,"enemies":"Automaton","floor":33,"turns":6}],"seed_played":"-7099366785756742188","potions_obtained":[{"floor":1.0,"key":"LiquidBronze"},{"floor":12,"key":"AttackPotion"},{"floor":16,"key":"Regen Potion"}],"is_trial":true,"path_per_floor":["M","?","?","$","T","R","R","$","T","R","R","E","$","M","R","B",null,"M","$","?","?","$","E","R","E","T","R","R","$","E","M","R","B"],"character_chosen":"IRONCLAD","items_purchased":["Membership Card","Evolve","Apotheosis","Lantern","Gremlin Horn","Molten Egg 2","MealTicket","Bronze Scales","Chemical X"],"campfire_rested":1,"item_purchase_floors":[4,4,13,13,13,19,19,19,29],"current_hp_per_floor":[80,73,62,62,62,62,62,62,62,62,62,50,50,45,45,38,80,70,70,70,70,80,68,68,17,17,41,41,56,44,42,42,0],"gold":144,"neow_bonus":"","is_prod":false,"is_daily":false,"chose_seed":false,"campfire_upgraded":4,"win_rate":0,"timestamp":1553104856,"path_taken":["M","?","?","$","?","R","R","$","T","R","R","E","$","?","R","BOSS","M","$","?","?","$","E","R","E","T","R","R","$","E","?","R","BOSS"],"build_version":"2019-01-23","purchased_purges":1,"victory":false,"max_hp_per_floor":[80,80,80,80,80,80,80,80,80,80,80,80,80,80,80,80,80,80,80,80,80,80,80,80,80,80,80,80,80,84,84,84,84],"card_choices":[{"not_picked":["Infernal Blade","Perfected Strike"],"picked":"Dual Wield","floor":1.0},{"not_picked":["Immolate","Barricade"],"picked":"Reaper","floor":12},{"not_picked":["Anger","Armaments"],"picked":"Disarm","floor":14},{"not_picked":["Immolate","Brutality"],"picked":"Demon Form","floor":16},{"not_picked":["Heavy Blade","Thunderclap"],"picked":"Battle Trance","floor":18},{"not_picked":["Reaper+1","Impervious"],"picked":"Limit Break","floor":23},{"not_picked":["Bludgeon+1","Demon Form"],"picked":"Feed+1","floor":25},{"not_picked":["Impervious","Immolate+1","Brutality"],"picked":"SKIP","floor":30},{"not_picked":["Iron Wave+1","Armaments"],"picked":"Body Slam+1","floor":31}],"player_experience":345350,"relics_obtained":[{"floor":5.0,"key":"Girya"},{"floor":9.0,"key":"Oddly Smooth Stone"},{"floor":12,"key":"Old Coin"},{"floor":23,"key":"Red Skull"},{"floor":25,"key":"The Courier"},{"floor":26,"key":"Blue Candle"},{"floor":30,"key":"Peace Pipe"}],"event_choices":[{"cards_removed":["Defend_R"],"damage_healed":0.0,"max_hp_gain":0.0,"max_hp_loss":0.0,"gold_gain":0.0,"event_name":"Golden Wing","player_choice":"Card Removal","floor":2.0,"gold_loss":0.0,"damage_taken":7.0},{"damage_healed":0.0,"max_hp_gain":0.0,"max_hp_loss":0.0,"gold_gain":75.0,"event_name":"World of Goop","player_choice":"Gather Gold","floor":3.0,"gold_loss":0.0,"damage_taken":11.0},{"damage_healed":0,"gold_gain":0,"player_choice":"Stole Relic","damage_taken":0,"relics_obtained":["Anchor"],"max_hp_gain":0,"max_hp_loss":0,"event_name":"Addict","floor":20,"gold_loss":0,"cards_obtained":["Shame"]},{"damage_healed":0,"gold_gain":99,"player_choice":"Stole From Cult","damage_taken":0,"max_hp_gain":0,"max_hp_loss":0,"event_name":"Nest","floor":21,"gold_loss":0}],"is_beta":false,"boss_relics":[{"not_picked":["Eternal Feather","Busted Crown"],"picked":"Runic Dome"}],"items_purged_floors":[22],"is_endless":true,"potions_floor_spawned":[1,12,16,18],"killed_by":"Automaton","ascension_level":0}