{"gold_per_floor":[119,135,135,310,329,329,348,37,37,37,37,37,48,48,48,153,153,166,166,182,107,107,107,122,141,141,74,94,120,120,50,50,151,151,163,163],"floor_reached":36,"playtime":1251,"items_purged":[],"score":447,"play_id":"a28e4e49-bdb6-427d-a17b-b46ab519ae05","local_time":"20180704231146","is_ascension_mode":false,"campfire_choices":[{"data":"Sunder","floor":6,"key":"SMITH"},{"data":"Zap","floor":10,"key":"SMITH"},{"data":"Consume","floor":12,"key":"SMITH"},{"data":"Defend_B","floor":15,"key":"SMITH"},{"data":"Core Surge","floor":23,"key":"SMITH"},{"data":"Hello World","floor":30,"key":"SMITH"},{"floor":32,"key":"REST"}],"neow_cost":"","seed_source_timestamp":216084559202010,"circlet_count":0,"master_deck":["Defend_B+1","Defend_B","Defend_B","Zap+1","Dualcast","Sunder+1","Consume+1","Core Surge+1","Chill+1","Bite","Bite","Bite","Bite","Loop","White Noise","Hello World","Hello World+1","Defragment","Go for the Eyes","Auto Shields","Creative AI","Parasite","Chaos+1","Flash of Steel+1","Static Discharge"],"relics":["Cracked Core","Mercury Hourglass","Torii","Meat on the Bone","Sozu","Girya","Gambling Chip","Astrolabe"],"potions_floor_usage":[18,33],"damage_taken":[{"damage":1,"enemies":"Cultist","floor":1,"turns":3},{"damage":0,"enemies":"2 Louse","floor":2,"turns":1},{"damage":6,"enemies":"Jaw Worm","floor":5,"turns":2},{"damage":0,"enemies":"2 Fungi Beasts","floor":7,"turns":2},{"damage":5,"enemies":"Looter","floor":13,"turns":3},{"damage":2,"enemies":"Slime Boss","floor":16,"turns":5},{"damage":3,"enemies":"Spheric Guardian","floor":18,"turns":3},{"damage":0,"enemies":"Chosen","floor":20,"turns":3},{"damage":0,"enemies":"3 Cultists","floor":24,"turns":4},{"damage":18,"enemies":"Cultist and Chosen","floor":25,"turns":6},{"damage":3,"enemies":"Sentry and Sphere","floor":28,"turns":5},{"damage":20,"enemies":"Book of Stabbing","floor":29,"turns":6},{"damage":24,"enemies":"Automaton","floor":33,"turns":10},{"damage":36,"enemies":"3 Darklings","floor":35,"turns":6},{"damage":38,"enemies":"Orb Walker","floor":36,"turns":3}],"seed_played":"-8567057842282224211","potions_obtained":[{"floor":1,"key":"Poison Potion"},{"floor":16,"key":"EssenceOfSteel"}],"is_trial":false,"path_per_floor":["M","M","?","?","M","R","M","$","T","R","$","R","M","?","R","B",null,"M","?","M","?","?","R","M","M","T","$","M","E","R","$","R","B",null,"M"],"character_chosen":"DEFECT","items_purchased":["Torii","Defragment","Auto Shields"],"campfire_rested":1,"item_purchase_floors":[8,27,31],"current_hp_per_floor":[74,74,74,74,68,68,68,68,68,68,68,68,63,48,48,46,75,72,52,52,52,52,52,52,40,40,40,47,37,37,37,52,35,52,30,0],"gold":163,"neow_bonus":"","is_prod":false,"is_daily":false,"chose_seed":false,"campfire_upgraded":6,"win_rate":0,"timestamp":1530738706,"path_taken":["M","M","?","?","M","R","M","$","T","R","?","R","M","?","R","BOSS","M","?","M","?","?","R","M","M","T","$","M","E","R","$","R","BOSS","M","M"],"build_version":"2018-06-28","purchased_purges":0,"victory":false,"max_hp_per_floor":[75,75,75,75,75,75,75,75,75,75,75,75,75,75,75,75,75,75,52,52,52,52,52,52,52,52,52,52,52,52,52,52,52,52,52,52],"card_choices":[{"not_picked":["Turbo","Cold Snap"],"picked":"Sunder","floor":1},{"not_picked":["Gash","Barrage","Undo"],"picked":"SKIP","floor":2},{"not_picked":["Rip and Tear","Loop"],"picked":"Consume","floor":5},{"not_picked":["Darkness","Sweeping Beam","Aggregate"],"picked":"SKIP","floor":7},{"not_picked":["Streamline","Compile Driver","Beam Cell"],"picked":"SKIP","floor":13},{"not_picked":["Rainbow","Amplify"],"picked":"Core Surge","floor":16},{"not_picked":["Sunder","Coolheaded"],"picked":"Chill+1","floor":18},{"not_picked":["Glacier","Go for the Eyes"],"picked":"Loop","floor":20},{"not_picked":["Stack","Blizzard"],"picked":"Hello World","floor":24},{"not_picked":["Recycle","Steam"],"picked":"Hello World","floor":25},{"not_picked":["Heatsinks","Leap"],"picked":"Go for the Eyes","floor":28},{"not_picked":["Redo","Steam","Rip and Tear"],"picked":"SKIP","floor":29},{"not_picked":["Rainbow","Reboot"],"picked":"Creative AI","floor":33},{"not_picked":["Barrage+1","Turbo"],"picked":"Static Discharge","floor":35}],"player_experience":77556,"relics_obtained":[{"floor":9,"key":"Meat on the Bone"},{"floor":26,"key":"Girya"},{"floor":29,"key":"Gambling Chip"}],"event_choices":[{"event_name":"Big Fish","player_choice":"Box","floor":3,"damage_taken":0},{"event_name":"Liars Game","player_choice":"agreed","floor":4,"damage_taken":0},{"event_name":"Shining Light","player_choice":"Entered Light","floor":14,"damage_taken":0},{"event_name":"Vampires","player_choice":"Became a vampire","floor":19,"damage_taken":0},{"event_name":"Beggar","player_choice":"Gave Gold","floor":21,"damage_taken":0},{"event_name":"The Library","player_choice":"Read","floor":22,"damage_taken":0}],"boss_relics":[{"not_picked":["Runic Dome","Orrery"],"picked":"Sozu"},{"not_picked":["Black Star","Fusion Hammer"],"picked":"Astrolabe"}],"items_purged_floors":[],"is_endless":false,"potions_floor_spawned":[1,16,18,28,33,35],"killed_by":"Orb Walker","ascension_level":0}