{"gold_per_floor":[118,135,148,148,73,73,87,105,105,123,138,213,213,42,42,139,139,153,153,0,0,19,46,46,46,46,66,26,26,41,15,15,15],"floor_reached":33,"playtime":1547,"items_purged":["Strike_G","Strike_G"],"score":282,"play_id":"e5fef888-b633-4b0c-ac1e-64cbb080f7ed","local_time":"20180701221118","is_ascension_mode":false,"campfire_choices":[{"data":"Neutralize","floor":6,"key":"SMITH"},{"floor":15,"key":"REST"},{"floor":25,"key":"REST"},{"data":"Noxious Fumes","floor":29,"key":"SMITH"},{"data":"Footwork","floor":32,"key":"SMITH"}],"neow_cost":"NONE","seed_source_timestamp":8340121548308,"circlet_count":0,"master_deck":["Defend_G","Defend_G","Defend_G","Defend_G","Defend_G","Strike_G","Strike_G","Strike_G","Survivor","Neutralize+1","Deadly Poison","Dagger Spray","Flying Knee","Riddle With Holes","Die Die Die","Deadly Poison","Footwork+1","After Image","Cloak And Dagger+1","Ghostly+1","Ghostly+1","Ghostly+1","Ghostly+1","Ghostly+1","Noxious Fumes+1","Backstab","Bouncing Flask+1","Prepared+1","Backstab","Terror+1","Dagger Spray+1"],"relics":["Ring of the Snake","Blood Vial","Question Card","Toxic Egg 2","Busted Crown","Paper Crane","Molten Egg 2"],"potions_floor_usage":[16,16,16,23,23,33,33,33],"damage_taken":[{"damage":1,"enemies":"Cultist","floor":1,"turns":5},{"damage":7,"enemies":"2 Louse","floor":2,"turns":3},{"damage":17,"enemies":"Small Slimes","floor":3,"turns":3},{"damage":5,"enemies":"Looter","floor":7,"turns":3},{"damage":4,"enemies":"3 Louse","floor":8,"turns":2},{"damage":2,"enemies":"Blue Slaver","floor":10,"turns":4},{"damage":4,"enemies":"Red Slaver","floor":11,"turns":3},{"damage":24,"enemies":"The Guardian","floor":16,"turns":10},{"damage":18,"enemies":"Spheric Guardian","floor":18,"turns":6},{"damage":0,"enemies":"3 Byrds","floor":22,"turns":3},{"damage":17,"enemies":"Book of Stabbing","floor":23,"turns":6},{"damage":0,"enemies":"Snecko","floor":27,"turns":7},{"damage":0,"enemies":"Centurion and Healer","floor":30,"turns":5},{"damage":43,"enemies":"Champ","floor":33,"turns":8}],"seed_played":"8673745871341853516","potions_obtained":[{"floor":1,"key":"Poison Potion"},{"floor":3,"key":"SkillPotion"},{"floor":11,"key":"FearPotion"},{"floor":16,"key":"Explosive Potion"},{"floor":18,"key":"Block Potion"},{"floor":28,"key":"Poison Potion"},{"floor":28,"key":"AttackPotion"},{"floor":28,"key":"EssenceOfSteel"}],"is_trial":false,"path_per_floor":["M","M","M","?","$","R","M","M","T","M","M","?","T","$","R","B",null,"M","?","$","?","M","E","?","R","T","M","?","R","M","$","R"],"character_chosen":"THE_SILENT","items_purchased":["Footwork","Noxious Fumes","Backstab","Dagger Spray+1"],"campfire_rested":2,"item_purchase_floors":[14,20,20,31],"current_hp_per_floor":[69,63,48,48,48,48,45,43,43,43,41,30,30,30,51,29,70,52,35,35,35,35,18,18,28,28,30,30,30,32,32,32,0],"gold":15,"neow_bonus":"RANDOM_COMMON_RELIC","is_prod":false,"is_daily":false,"chose_seed":false,"campfire_upgraded":3,"win_rate":0,"timestamp":1530475878,"path_taken":["M","M","M","?","?","R","?","M","T","M","M","?","?","$","R","BOSS","M","?","?","?","M","E","?","R","T","?","?","R","M","?","R","BOSS"],"build_version":"2018-06-28","purchased_purges":2,"victory":false,"max_hp_per_floor":[70,70,70,70,70,70,70,70,70,70,70,70,70,70,70,70,70,70,35,35,35,35,35,35,35,35,35,35,35,35,35,35,35],"card_choices":[{"not_picked":["Slice","Poisoned Stab"],"picked":"Deadly Poison","floor":1},{"not_picked":["Outmaneuver","Backflip"],"picked":"Dagger Spray","floor":2},{"not_picked":["Underhanded Strike","Prepared"],"picked":"Flying Knee","floor":3},{"not_picked":["Prepared","Quick Slash"],"picked":"Riddle With Holes","floor":7},{"not_picked":["Outmaneuver","Dodge and Roll","Sucker Punch"],"picked":"SKIP","floor":8},{"not_picked":["Outmaneuver","Eviscerate","Sucker Punch"],"picked":"Die Die Die","floor":10},{"not_picked":["Dodge and Roll","Blur","Poisoned Stab"],"picked":"Deadly Poison","floor":11},{"not_picked":["Unload","Corpse Explosion","Night Terror+1"],"picked":"After Image","floor":16},{"not_picked":["PiercingWail+1"],"picked":"Cloak And Dagger+1","floor":18},{"not_picked":["Quick Slash+1"],"picked":"Prepared+1","floor":22},{"not_picked":["Sucker Punch"],"picked":"Backstab","floor":23},{"not_picked":["Slice+1","Acrobatics+1"],"picked":"SKIP","floor":27},{"not_picked":["Quick Slash+1"],"picked":"Terror+1","floor":30}],"player_experience":60709,"relics_obtained":[{"floor":9,"key":"Question Card"},{"floor":13,"key":"Toxic Egg 2"},{"floor":23,"key":"Paper Crane"},{"floor":26,"key":"Molten Egg 2"}],"event_choices":[{"event_name":"Golden Idol","player_choice":"Ignored","floor":4,"damage_taken":0},{"event_name":"World of Goop","player_choice":"Gather Gold","floor":12,"damage_taken":0},{"event_name":"Ghosts","player_choice":"Became a Ghost","floor":19,"damage_taken":0},{"event_name":"The Library","player_choice":"Read","floor":21,"damage_taken":0},{"event_name":"Drug Dealer","player_choice":"Ignored","floor":24,"damage_taken":0},{"event_name":"The Woman in Blue","player_choice":"Bought 3 Potions","floor":28,"damage_taken":0}],"boss_relics":[{"not_picked":["Fusion Hammer","Eternal Feather"],"picked":"Busted Crown"}],"items_purged_floors":[5,14],"is_endless":false,"potions_floor_spawned":[1,3,11,16,18,30],"killed_by":"Champ","ascension_level":0}