{"gold_per_floor":[116,136,146,3,13,13,39,39,39,39,39,65,80,93,93,93],"floor_reached":16,"playtime":631,"items_purged":[],"score":194,"play_id":"1eb81f89-2b09-4fa4-8dbb-d7e18e9e42be","local_time":"20190529043127","is_ascension_mode":true,"campfire_choices":[{"data":"Streamline","floor":6.0,"key":"SMITH"},{"data":"Dualcast","floor":10.0,"key":"SMITH"},{"floor":15.0,"key":"REST"}],"neow_cost":"PERCENT_DAMAGE","seed_source_timestamp":109436703967000,"circlet_count":0,"master_deck":["Strike_B","Strike_B","Strike_B","Strike_B","Defend_B","Defend_B","Defend_B","Defend_B","Zap","Dualcast+1","Seek","Barrage","Streamline+1","Blizzard","Sweeping Beam","Ball Lightning"],"special_seed":0,"relics":["Cracked Core","Ancient Tea Set","Mercury Hourglass","Shuriken","Darkstone Periapt"],"potions_floor_usage":[],"damage_taken":[{"damage":5.0,"enemies":"Small Slimes","floor":1.0,"turns":3.0},{"damage":0.0,"enemies":"2 Louse","floor":2.0,"turns":2.0},{"damage":1.0,"enemies":"Cultist","floor":3.0,"turns":3.0},{"damage":11.0,"enemies":"3 Louse","floor":5.0,"turns":3.0},{"damage":20.0,"enemies":"Gremlin Nob","floor":7.0,"turns":4.0},{"damage":10.0,"enemies":"3 Sentries","floor":12.0,"turns":5.0},{"damage":0.0,"enemies":"2 Fungi Beasts","floor":13.0,"turns":2.0},{"damage":11.0,"enemies":"Looter","floor":14.0,"turns":2.0}],"seed_played":"7908424334298790660","potions_obtained":[{"floor":1.0,"key":"SteroidPotion"},{"floor":2.0,"key":"LiquidBronze"},{"floor":5.0,"key":"Weak Potion"}],"is_trial":false,"path_per_floor":["M","M","M","$","M","R","E","?","T","R","?","E","M","M","R","B"],"character_chosen":"DEFECT","items_purchased":["Ancient Tea Set"],"campfire_rested":1,"item_purchase_floors":[4],"current_hp_per_floor":[49,49,48,48,37,37,17,42,42,42,42,32,32,21,43,0],"gold":93,"neow_bonus":"THREE_RARE_CARDS","is_prod":false,"is_daily":false,"chose_seed":false,"campfire_upgraded":2,"win_rate":0,"timestamp":1559129487,"path_taken":["M","M","M","$","M","R","E","?","T","R","?","E","M","M","R","BOSS"],"build_version":"2019-01-23","purchased_purges":0,"victory":false,"max_hp_per_floor":[75,75,75,75,75,75,75,75,75,75,75,75,75,75,75,75],"card_choices":[{"not_picked":["Rainbow","Amplify"],"picked":"Seek","floor":0.0},{"not_picked":["Undo","Tempest","Storm"],"picked":"SKIP","floor":1.0},{"not_picked":["Hologram","Beam Cell"],"picked":"Barrage","floor":2.0},{"not_picked":["Beam Cell","Rebound"],"picked":"Streamline","floor":3.0},{"not_picked":["Static Discharge","Beam Cell","Storm"],"picked":"SKIP","floor":5.0},{"not_picked":["Amplify","Meteor Strike","Doom and Gloom"],"picked":"SKIP","floor":7.0},{"not_picked":["Compile Driver","Doom and Gloom"],"picked":"Blizzard","floor":12.0},{"not_picked":["Ball Lightning","Aggregate"],"picked":"Sweeping Beam","floor":13.0},{"not_picked":["Self Repair","Sunder"],"picked":"Ball Lightning","floor":14.0}],"player_experience":118953,"relics_obtained":[{"floor":7.0,"key":"Mercury Hourglass"},{"floor":9.0,"key":"Shuriken"},{"floor":12.0,"key":"Darkstone Periapt"}],"event_choices":[{"damage_healed":25.0,"max_hp_gain":0.0,"max_hp_loss":0.0,"gold_gain":0.0,"event_name":"Big Fish","player_choice":"Banana","floor":8.0,"gold_loss":0.0,"damage_taken":0.0},{"damage_healed":0.0,"max_hp_gain":0.0,"max_hp_loss":0.0,"gold_gain":0.0,"event_name":"Scrap Ooze","player_choice":"Fled","floor":11.0,"gold_loss":0.0,"damage_taken":0.0}],"is_beta":false,"boss_relics":[],"items_purged_floors":[],"is_endless":false,"potions_floor_spawned":[1,2,5],"killed_by":"The Guardian","ascension_level":4}