{"gold_per_floor":[116,132,4,20,31,31,31,59,59,91,101,128,128,144,144,223,223,223,223,223,223,223,223,223,223,223,223,223,223,223,223,223,223,223,223,223,223,223,223,223,223,223,223,223,223,223,21,21,21,21],"floor_reached":51,"playtime":2991,"items_purged":["Strike_R","Strike_R"],"score":1614,"play_id":"e4392a90-022f-46a7-b95b-994a67fe89bc","local_time":"20190319104551","is_ascension_mode":true,"campfire_choices":[{"data":"Havoc","floor":6.0,"key":"SMITH"},{"data":"Armaments","floor":15.0,"key":"SMITH"},{"data":"Battle Trance","floor":24.0,"key":"SMITH"},{"data":"True Grit","floor":32.0,"key":"SMITH"},{"floor":40.0,"key":"REST"},{"floor":42.0,"key":"DIG"},{"floor":49,"key":"REST"}],"neow_cost":"NONE","seed_source_timestamp":0,"circlet_count":0,"master_deck":["AscendersBane","Strike_R","Strike_R","Strike_R","Defend_R","Defend_R","Defend_R","Defend_R","Bash+1","Havoc+1","Feel No Pain","Anger","True Grit+1","Flame Barrier","Fiend Fire","Immolate","Flame Barrier","Armaments+1","Battle Trance+1","Power Through","Offering","Spot Weakness","RitualDagger","Feel No Pain","Shrug It Off","Shrug It Off","Disarm","Burning Pact+1","Sentinel+1","Barricade","Corruption","Warcry"],"special_seed":0,"relics":["Burning Blood","Dead Branch","Thread and Needle","Prayer Wheel","Meat on the Bone","Ornamental Fan","Ectoplasm","Tiny Chest","Unceasing Top","Orichalcum","Enchiridion","Blood Vial","Dream Catcher","Fusion Hammer","Bronze Scales","Shovel","Lantern","Potion Belt","Bag of Marbles","Bag of Preparation"],"potions_floor_usage":[44,50,50,50,50],"damage_taken":[{"damage":3.0,"enemies":"Small Slimes","floor":1.0,"turns":3.0},{"damage":6.0,"enemies":"2 Louse","floor":2.0,"turns":3.0},{"damage":9.0,"enemies":"Jaw Worm","floor":4.0,"turns":4.0},{"damage":8.0,"enemies":"3 Louse","floor":5.0,"turns":5.0},{"damage":19.0,"enemies":"3 Sentries","floor":8.0,"turns":13.0},{"damage":2.0,"enemies":"Gremlin Nob","floor":10.0,"turns":3.0},{"damage":9.0,"enemies":"Large Slime","floor":11.0,"turns":3.0},{"damage":3.0,"enemies":"3 Sentries","floor":12.0,"turns":4.0},{"damage":4.0,"enemies":"Exordium Thugs","floor":14.0,"turns":5.0},{"damage":0.0,"enemies":"Slime Boss","floor":16.0,"turns":8.0},{"damage":0.0,"enemies":"Chosen","floor":18.0,"turns":3.0},{"damage":0.0,"enemies":"Spheric Guardian","floor":21.0,"turns":3.0},{"damage":6.0,"enemies":"Slavers","floor":23.0,"turns":4.0},{"damage":11.0,"enemies":"Book of Stabbing","floor":25.0,"turns":5.0},{"damage":6.0,"enemies":"3 Cultists","floor":29.0,"turns":6.0},{"damage":6.0,"enemies":"Slavers","floor":30.0,"turns":2.0},{"damage":23.0,"enemies":"Champ","floor":33.0,"turns":7.0},{"damage":0.0,"enemies":"Orb Walker","floor":35.0,"turns":4.0},{"damage":6.0,"enemies":"3 Shapes","floor":37.0,"turns":2.0},{"damage":0.0,"enemies":"Transient","floor":39.0,"turns":5.0},{"damage":21.0,"enemies":"Giant Head","floor":41.0,"turns":8.0},{"damage":29,"enemies":"Reptomancer","floor":44,"turns":5},{"damage":0,"enemies":"Jaw Worm Horde","floor":45,"turns":3},{"damage":6,"enemies":"Spire Growth","floor":46,"turns":4},{"damage":0,"enemies":"Giant Head","floor":48,"turns":9},{"damage":18,"enemies":"Awakened One","floor":50,"turns":6}],"seed_played":"-4512136727176520991","potions_obtained":[{"floor":5.0,"key":"SneckoOil"},{"floor":8.0,"key":"SkillPotion"},{"floor":11.0,"key":"SkillPotion"},{"floor":25.0,"key":"FearPotion"},{"floor":33.0,"key":"EssenceOfSteel"},{"floor":45,"key":"Strength Potion"}],"is_trial":false,"path_per_floor":["M","M","$","M","M","R","?","E","T","E","M","E","?","M","R","B",null,"M","?","?","M","$","E","R","E","T","$","?","M","E","T","R","B",null,"M","?","M","T","M","R","E","R","T","E","M","M","$","E","R","B",null],"character_chosen":"IRONCLAD","items_purchased":["Anger","FearPotion","Energy Potion"],"campfire_rested":2,"item_purchase_floors":[3,47,47],"current_hp_per_floor":[75,75,75,72,70,70,70,57,57,61,58,61,43,57,57,63,76,80,80,74,80,80,80,80,75,75,75,59,59,59,59,59,56,74,80,80,80,80,80,80,65,65,65,56,64,66,66,74,80,68],"gold":21,"neow_bonus":"UPGRADE_CARD","is_prod":false,"is_daily":false,"chose_seed":false,"campfire_upgraded":4,"win_rate":0,"timestamp":1552967151,"path_taken":["M","M","$","M","M","R","?","E","T","E","M","E","?","M","R","BOSS","BOSS","M","?","?","M","$","E","R","E","T","$","?","M","E","?","R","BOSS","M","?","M","?","M","R","E","R","T","E","M","M","$","E","R","BOSS"],"build_version":"2019-01-23","purchased_purges":2,"victory":true,"max_hp_per_floor":[80,80,80,80,80,80,80,80,80,80,80,80,80,80,80,80,80,80,80,80,80,80,80,80,80,80,80,80,80,80,80,80,80,80,80,80,80,80,80,80,80,80,80,80,80,80,80,80,80,80],"card_choices":[{"not_picked":["Perfected Strike","Iron Wave"],"picked":"Havoc","floor":1.0},{"not_picked":["Double Tap","Hemokinesis"],"picked":"Feel No Pain","floor":2.0},{"not_picked":["Sword Boomerang","Sentinel"],"picked":"True Grit","floor":4.0},{"not_picked":["Iron Wave","Hemokinesis"],"picked":"Flame Barrier","floor":5.0},{"not_picked":["Brutality","Reckless Charge"],"picked":"Fiend Fire","floor":8.0},{"not_picked":["Headbutt","Heavy Blade"],"picked":"Immolate","floor":10.0},{"not_picked":["Thunderclap","Clothesline"],"picked":"Flame Barrier","floor":11.0},{"not_picked":["Intimidate","Dropkick","Body Slam"],"picked":"SKIP","floor":11.0},{"not_picked":["Heavy Blade","Hemokinesis"],"picked":"Armaments","floor":12.0},{"not_picked":["Clash","Flame Barrier"],"picked":"Battle Trance","floor":14.0},{"not_picked":["Thunderclap","Juggernaut"],"picked":"Power Through","floor":14.0},{"not_picked":["Bludgeon","Immolate"],"picked":"Offering","floor":16.0},{"not_picked":["Wild Strike","Anger"],"picked":"Spot Weakness","floor":18.0},{"not_picked":["Sword Boomerang","Thunderclap","Clash"],"picked":"SKIP","floor":18.0},{"not_picked":["Heavy Blade","Body Slam"],"picked":"Feel No Pain","floor":21.0},{"not_picked":["Twin Strike","Metallicize","Clothesline"],"picked":"SKIP","floor":21.0},{"not_picked":["Warcry","Exhume","Juggernaut"],"picked":"SKIP","floor":23.0},{"not_picked":["Body Slam","Dual Wield"],"picked":"Shrug It Off","floor":25.0},{"not_picked":["Inflame","Uppercut"],"picked":"Shrug It Off","floor":29.0},{"not_picked":["Rupture","Sword Boomerang","Sever Soul"],"picked":"SKIP","floor":29.0},{"not_picked":["Body Slam","Searing Blow","Sword Boomerang"],"picked":"SKIP","floor":30.0},{"not_picked":["Power Through","Shrug It Off"],"picked":"Seeing Red","floor":35.0},{"not_picked":["Evolve","Combust+1","Thunderclap+1"],"picked":"SKIP","floor":35.0},{"not_picked":["Cleave","Sword Boomerang","Uppercut"],"picked":"SKIP","floor":37.0},{"not_picked":["Clash","Armaments+1","Fire Breathing+1"],"picked":"SKIP","floor":37.0},{"not_picked":["Heavy Blade","Sword Boomerang"],"picked":"Disarm","floor":39.0},{"not_picked":["Headbutt+1","Uppercut","Infernal Blade"],"picked":"SKIP","floor":39.0},{"not_picked":["Clothesline","Entrench"],"picked":"Burning Pact+1","floor":40.0},{"not_picked":["Wild Strike+1","Metallicize"],"picked":"Sentinel+1","floor":41.0},{"not_picked":["Iron Wave","Wild Strike","Pommel Strike"],"picked":"SKIP","floor":44},{"not_picked":["Blood for Blood","Cleave"],"picked":"Barricade","floor":45},{"not_picked":["Body Slam","Sever Soul","Clothesline"],"picked":"SKIP","floor":45},{"not_picked":["Clothesline","Combust+1","Cleave"],"picked":"SKIP","floor":46},{"not_picked":["Pommel Strike+1","Havoc","Clothesline"],"picked":"SKIP","floor":46},{"not_picked":["Sentinel","Flex"],"picked":"Corruption","floor":48},{"not_picked":["Clash","Pommel Strike"],"picked":"Warcry","floor":49}],"player_experience":394170,"relics_obtained":[{"floor":8.0,"key":"Dead Branch"},{"floor":9.0,"key":"Thread and Needle"},{"floor":10.0,"key":"Prayer Wheel"},{"floor":12.0,"key":"Meat on the Bone"},{"floor":23.0,"key":"Tiny Chest"},{"floor":25.0,"key":"Unceasing Top"},{"floor":26.0,"key":"Orichalcum"},{"floor":28.0,"key":"Enchiridion"},{"floor":30.0,"key":"Blood Vial"},{"floor":31.0,"key":"Dream Catcher"},{"floor":38.0,"key":"Bronze Scales"},{"floor":41.0,"key":"Shovel"},{"floor":42.0,"key":"Lantern"},{"floor":43.0,"key":"Potion Belt"},{"floor":44,"key":"Bag of Marbles"},{"floor":48,"key":"Bag of Preparation"}],"event_choices":[{"damage_healed":0.0,"max_hp_gain":0.0,"max_hp_loss":0.0,"gold_gain":0.0,"event_name":"Liars Game","player_choice":"Ignored","floor":7.0,"gold_loss":0.0,"damage_taken":0.0},{"damage_healed":0.0,"max_hp_gain":0.0,"max_hp_loss":0.0,"gold_gain":0.0,"event_name":"Scrap Ooze","player_choice":"Success","floor":13.0,"gold_loss":0.0,"damage_taken":18.0,"relics_obtained":["Ornamental Fan"]},{"damage_healed":0.0,"max_hp_gain":0.0,"max_hp_loss":0.0,"gold_gain":0.0,"event_name":"Ghosts","player_choice":"Ignored","floor":19.0,"gold_loss":0.0,"damage_taken":0.0},{"damage_healed":0.0,"max_hp_gain":0.0,"max_hp_loss":0.0,"gold_gain":0.0,"event_name":"Nest","player_choice":"Joined the Cult","floor":20.0,"gold_loss":0.0,"damage_taken":6.0,"cards_obtained":["RitualDagger"]},{"damage_healed":0.0,"max_hp_gain":0.0,"max_hp_loss":0.0,"gold_gain":0.0,"event_name":"Cursed Tome","player_choice":"Obtained Book","floor":28.0,"gold_loss":0.0,"damage_taken":16.0},{"cards_removed":["Seeing Red"],"damage_healed":0.0,"max_hp_gain":0.0,"max_hp_loss":0.0,"gold_gain":0.0,"event_name":"Falling","player_choice":"Removed Skill","floor":36.0,"gold_loss":0.0,"damage_taken":0.0}],"is_beta":false,"boss_relics":[{"not_picked":["Coffee Dripper","Astrolabe"],"picked":"Ectoplasm"},{"not_picked":["Black Star","White Beast Statue"],"picked":"Fusion Hammer"}],"items_purged_floors":[3,47],"is_endless":false,"potions_floor_spawned":[5,8,11,12,16,18,21,25,33,41,45],"ascension_level":13}