{"gold_per_floor":[109,34,34,46,59,91,91,120,120,120,27,27,53,78,78,78],"floor_reached":16,"playtime":514,"items_purged":["Defend_R"],"score":126,"play_id":"bccd34f5-f639-451f-b700-8dc6a3ece761","local_time":"20190321024440","daily_mods":["Allstar","Heirloom","Flight","DeadlyEvents","Elite Swarm"],"is_ascension_mode":false,"campfire_choices":[{"data":"Secret Weapon","floor":7,"key":"SMITH"},{"data":"Metamorphosis","floor":10,"key":"SMITH"},{"data":"Panacea","floor":12,"key":"SMITH"},{"data":"Immolate","floor":15,"key":"SMITH"}],"neow_cost":"","seed_source_timestamp":619429815645518,"circlet_count":0,"master_deck":["Strike_R","Strike_R","Strike_R","Strike_R","Strike_R","Defend_R","Defend_R","Defend_R","Bash","Swift Strike","Secret Weapon+1","Sadistic Nature","Panacea+1","Metamorphosis+1","Bloodletting","Shrug It Off","Reaper","Immolate+1","Panacea","Exhume+1","Offering+1"],"special_seed":0,"relics":["Burning Blood","Mango","Turnip","Sundial","Singing Bowl","Toxic Egg 2","Charon\u0027s Ashes"],"potions_floor_usage":[16],"damage_taken":[{"damage":1.0,"enemies":"Cultist","floor":1.0,"turns":3.0},{"damage":2,"enemies":"2 Louse","floor":4,"turns":4},{"damage":13,"enemies":"Jaw Worm","floor":5,"turns":3},{"damage":39,"enemies":"Lagavulin","floor":6,"turns":7},{"damage":27,"enemies":"Gremlin Nob","floor":8,"turns":4},{"damage":26,"enemies":"3 Sentries","floor":13,"turns":5},{"damage":13,"enemies":"Lagavulin","floor":14,"turns":6},{"damage":22,"enemies":"Hexaghost","floor":16,"turns":5}],"seed_played":"7069375614579903796","potions_obtained":[{"floor":4,"key":"Poison Potion"},{"floor":6,"key":"Energy Potion"},{"floor":14,"key":"PowerPotion"}],"is_trial":true,"path_per_floor":["M","$","?","M","M","E","R","E","T","R","$","R","E","E","R","B"],"character_chosen":"IRONCLAD","items_purchased":["Panacea"],"campfire_rested":0,"item_purchase_floors":[11],"current_hp_per_floor":[94,94,94,94,87,54,54,38,38,38,38,38,26,19,19,0],"gold":78,"neow_bonus":"","is_prod":false,"is_daily":false,"chose_seed":false,"campfire_upgraded":4,"win_rate":0,"timestamp":1553103880,"path_taken":["M","$","?","M","?","E","R","E","T","R","?","R","E","E","R","BOSS"],"build_version":"2019-01-23","purchased_purges":1,"victory":false,"max_hp_per_floor":[94,94,94,94,94,94,94,94,94,94,94,94,94,94,94,94],"card_choices":[{"not_picked":["True Grit","Thunderclap","Havoc"],"picked":"SKIP","floor":1.0},{"not_picked":["Limit Break","Intimidate"],"picked":"Shrug It Off","floor":4},{"not_picked":["Body Slam","Sword Boomerang","Warcry"],"picked":"SKIP","floor":5},{"not_picked":["Exhume","Limit Break"],"picked":"Reaper","floor":6},{"not_picked":["Exhume","Berserk"],"picked":"Immolate","floor":8},{"not_picked":["Juggernaut","Brutality"],"picked":"Exhume","floor":13},{"not_picked":["Barricade","Berserk"],"picked":"Offering+1","floor":14}],"player_experience":344836,"relics_obtained":[{"floor":6,"key":"Turnip"},{"floor":8,"key":"Sundial"},{"floor":9,"key":"Singing Bowl"},{"floor":13,"key":"Toxic Egg 2"},{"floor":14,"key":"Charon\u0027s Ashes"}],"event_choices":[{"damage_healed":0.0,"max_hp_gain":0.0,"max_hp_loss":0.0,"gold_gain":0.0,"event_name":"Match and Keep!","player_choice":"1 cards matched","floor":3.0,"gold_loss":0.0,"damage_taken":0.0,"cards_obtained":["Bloodletting"]}],"is_beta":false,"boss_relics":[],"items_purged_floors":[2],"is_endless":true,"potions_floor_spawned":[4,6,14],"killed_by":"Hexaghost","ascension_level":0}