{"gold_per_floor":[362,362,362,17,36,36,64,64,64,15,26,36,36,36,36,137,137,157,57,73,89,89,123,123,135,159,169,197,197,207,207,207,311,361,375,114,114,131,148,178,190,202],"floor_reached":42,"playtime":3147,"items_purged":["Regret","Strike_R","Decay"],"score":583,"play_id":"5fb2315f-58dc-4ae1-8360-bd153699cf4d","local_time":"20190211005714","is_ascension_mode":true,"campfire_choices":[{"data":"Spot Weakness","floor":6,"key":"SMITH"},{"data":"Inflame","floor":8,"key":"SMITH"},{"data":"Demon Form","floor":13,"key":"SMITH"},{"data":"Bash","floor":15,"key":"SMITH"},{"floor":24,"key":"REST"},{"floor":29,"key":"REST"},{"floor":32,"key":"REST"},{"floor":41,"key":"REST"}],"neow_cost":"TEN_PERCENT_HP_LOSS","seed_source_timestamp":2717900545922109,"circlet_count":0,"master_deck":["Strike_R","Strike_R","Defend_R","Defend_R+1","Defend_R","Defend_R","Bash+1","Spot Weakness+1","Inflame+1","Anger","Flex","True Grit","Demon Form+1","Pommel Strike","True Grit+1","Shrug It Off+1","Battle Trance","Iron Wave+1","Pommel Strike+1","Impervious","Inflame+1","Evolve+1","Dark Shackles","Shrug It Off","Iron Wave+1","Wild Strike+1","Sentinel+1","Heavy Blade+1"],"relics":["Burning Blood","Lantern","Bag of Preparation","Dream Catcher","Pantograph","Fusion Hammer","Frozen Egg 2","Smiling Mask","Boot","Tiny House","MawBank"],"potions_floor_usage":[7,21,23,28,28,40],"damage_taken":[{"damage":3,"enemies":"Small Slimes","floor":1,"turns":4},{"damage":2,"enemies":"Jaw Worm","floor":5,"turns":3},{"damage":20,"enemies":"Lagavulin","floor":7,"turns":6},{"damage":0,"enemies":"2 Louse","floor":11,"turns":2},{"damage":1,"enemies":"Blue Slaver","floor":12,"turns":2},{"damage":21,"enemies":"The Guardian","floor":16,"turns":9},{"damage":17,"enemies":"Spheric Guardian","floor":18,"turns":5},{"damage":7,"enemies":"Shell Parasite","floor":20,"turns":3},{"damage":27,"enemies":"Shelled Parasite and Fungi","floor":21,"turns":4},{"damage":42,"enemies":"Book of Stabbing","floor":23,"turns":5},{"damage":0,"enemies":"Chosen and Byrds","floor":25,"turns":4},{"damage":19,"enemies":"Centurion and Healer","floor":27,"turns":4},{"damage":35,"enemies":"Slavers","floor":28,"turns":5},{"damage":20,"enemies":"Shelled Parasite and Fungi","floor":30,"turns":4},{"damage":40,"enemies":"Champ","floor":33,"turns":7},{"damage":3,"enemies":"Orb Walker","floor":35,"turns":3},{"damage":0,"enemies":"3 Shapes","floor":38,"turns":7},{"damage":19,"enemies":"Sphere and 2 Shapes","floor":39,"turns":6},{"damage":54,"enemies":"Reptomancer","floor":40,"turns":9},{"damage":38,"enemies":"Maw","floor":42,"turns":5}],"seed_played":"7066700597137121008","potions_obtained":[{"floor":5,"key":"Weak Potion"},{"floor":7,"key":"SkillPotion"},{"floor":12,"key":"Block Potion"},{"floor":21,"key":"LiquidBronze"},{"floor":25,"key":"Weak Potion"},{"floor":28,"key":"Poison Potion"},{"floor":34,"key":"Ancient Potion"},{"floor":35,"key":"GamblersBrew"},{"floor":39,"key":"SkillPotion"}],"is_trial":false,"path_per_floor":["M","?","?","$","M","R","E","R","T","$","M","M","R","?","R","B",null,"M","$","M","M","?","E","R","M","T","M","E","R","M","?","R","B",null,"M","$","?","M","M","E","R","M"],"character_chosen":"IRONCLAD","items_purchased":["Spot Weakness","Inflame","Bag of Preparation","True Grit","Evolve+1","Dark Shackles","Shrug It Off"],"campfire_rested":4,"item_purchase_floors":[4,4,4,10,36,36,36],"current_hp_per_floor":[72,72,72,72,72,72,58,58,58,58,64,69,69,62,62,57,68,57,57,56,35,59,23,44,50,50,37,8,29,15,15,36,27,66,69,69,69,75,62,14,37,0],"gold":202,"neow_bonus":"TWO_FIFTY_GOLD","is_prod":false,"is_daily":false,"chose_seed":false,"campfire_upgraded":4,"win_rate":0,"timestamp":1549864634,"path_taken":["M","?","?","$","M","R","E","R","T","?","M","M","R","?","R","BOSS","M","$","M","M","?","E","R","M","T","M","E","R","M","?","R","BOSS","M","$","?","M","M","E","R","M"],"build_version":"2019-01-23","purchased_purges":3,"victory":false,"max_hp_per_floor":[72,72,72,72,72,72,72,72,72,72,72,72,72,72,72,72,72,72,72,72,72,72,72,72,72,72,72,72,72,72,72,72,72,77,77,77,77,77,77,77,77,77],"card_choices":[{"not_picked":["Sword Boomerang","Clash","Anger"],"picked":"SKIP","floor":1},{"not_picked":["Thunderclap","Clash"],"picked":"Anger","floor":5},{"not_picked":["Twin Strike","Anger"],"picked":"Flex","floor":7},{"not_picked":["Havoc","Inflame"],"picked":"Demon Form","floor":11},{"not_picked":["Disarm","Body Slam"],"picked":"Pommel Strike","floor":12},{"not_picked":["Entrench","Body Slam"],"picked":"Cleave","floor":18},{"not_picked":["Iron Wave","Fire Breathing+1","Intimidate"],"picked":"SKIP","floor":20},{"not_picked":["Spot Weakness","Blood for Blood+1"],"picked":"True Grit+1","floor":21},{"not_picked":["Flex","Spot Weakness","Wild Strike"],"picked":"SKIP","floor":23},{"not_picked":["Pommel Strike","Rupture+1"],"picked":"Shrug It Off+1","floor":24},{"not_picked":["Sword Boomerang","Anger+1"],"picked":"Battle Trance","floor":25},{"not_picked":["Cleave","Wild Strike","Seeing Red"],"picked":"SKIP","floor":27},{"not_picked":["Sword Boomerang","Thunderclap"],"picked":"Iron Wave+1","floor":28},{"not_picked":["Iron Wave+1","Carnage+1"],"picked":"Pommel Strike+1","floor":30},{"not_picked":["Double Tap","Brutality+1"],"picked":"Impervious","floor":33},{"not_picked":["Fire Breathing+1","Clash+1"],"picked":"Inflame+1","floor":35},{"not_picked":["Sever Soul","Clothesline"],"picked":"Iron Wave+1","floor":38},{"not_picked":["Armaments","Havoc+1"],"picked":"Wild Strike+1","floor":39},{"not_picked":["Blood for Blood+1","Twin Strike"],"picked":"Sentinel+1","floor":40},{"not_picked":["Hemokinesis","Sentinel"],"picked":"Heavy Blade+1","floor":41}],"player_experience":186005,"relics_obtained":[{"floor":7,"key":"Dream Catcher"},{"floor":9,"key":"Pantograph"},{"floor":23,"key":"Frozen Egg 2"},{"floor":26,"key":"Smiling Mask"},{"floor":28,"key":"Boot"},{"floor":40,"key":"MawBank"}],"event_choices":[{"cards_removed":["Strike_R"],"damage_healed":0,"gold_gain":0,"player_choice":"Forget","damage_taken":0,"max_hp_gain":0,"max_hp_loss":0,"event_name":"Living Wall","floor":2,"gold_loss":0},{"damage_healed":0,"gold_gain":0,"player_choice":"Box","damage_taken":0,"relics_obtained":["Lantern"],"max_hp_gain":0,"max_hp_loss":0,"event_name":"Big Fish","floor":3,"gold_loss":0,"cards_obtained":["Regret"]},{"cards_removed":["Strike_R"],"damage_healed":0,"gold_gain":0,"player_choice":"Card Removal","damage_taken":7,"max_hp_gain":0,"max_hp_loss":0,"event_name":"Golden Wing","floor":14,"gold_loss":0},{"damage_healed":24,"gold_gain":0,"player_choice":"Heal","damage_taken":0,"max_hp_gain":0,"max_hp_loss":0,"event_name":"The Library","floor":22,"gold_loss":0},{"damage_healed":0,"gold_gain":0,"player_choice":"Cursed","damage_taken":0,"max_hp_gain":0,"max_hp_loss":0,"event_name":"Wheel of Change","floor":31,"gold_loss":0,"cards_obtained":["Decay"]},{"cards_removed":["Cleave"],"damage_healed":0,"gold_gain":0,"player_choice":"Removed Attack","damage_taken":0,"max_hp_gain":0,"max_hp_loss":0,"event_name":"Falling","floor":37,"gold_loss":0}],"is_beta":false,"boss_relics":[{"not_picked":["Coffee Dripper","Cursed Key"],"picked":"Fusion Hammer"},{"not_picked":["Snecko Eye","Calling Bell"],"picked":"Tiny House"}],"items_purged_floors":[4,19,36],"is_endless":false,"potions_floor_spawned":[5,7,12,21,25,28,35,39],"killed_by":"Maw","ascension_level":5}