{"path_per_floor":["M","?","?","$","M","E","R","?","T","M","M","$","M","E","R","B"],"character_chosen":"THE_SILENT","items_purchased":["Dodge and Roll","Backflip"],"gold_per_floor":[111,61,61,8,19,50,50,20,46,57,73,27,37,66,66,161,161],"floor_reached":17,"campfire_rested":1,"playtime":561,"current_hp_per_floor":[68,68,73,73,72,58,58,58,58,58,50,50,50,33,55,6,6],"items_purged":[],"gold":161,"score":165,"play_id":"1bc57f0b-63aa-453c-8913-c4e0cef42f61","local_time":"20180403113057","is_prod":false,"is_daily":false,"is_ascension_mode":false,"campfire_upgraded":1,"timestamp":1522722657,"path_taken":["M","?","?","$","M","E","R","?","T","M","?","?","M","E","R","BOSS"],"build_version":"2018-03-29v2","purchased_purges":0,"victory":false,"master_deck":["Survivor","Neutralize","Blur","Dodge and Roll","Glass Knife","All Out Attack+1","Dagger Spray","Backflip","After Image","Setup","Accuracy","Well Laid Plans","Concentrate","Backflip","Deadly Poison","Quick Slash","Distraction","Well Laid Plans"],"max_hp_per_floor":[70,70,75,75,75,75,75,75,75,75,75,75,75,75,75,75,75],"relics":["Ring of the Snake","Mercury Hourglass","Bronze Scales","The Courier","Pandora\u0027s Box"],"card_choices":[{"not_picked":["Prepared","Dodge and Roll"],"picked":"Blur","floor":1},{"not_picked":["Deflect","Crippling Poison"],"picked":"Glass Knife","floor":5},{"not_picked":["Eviscerate","Slice"],"picked":"All Out Attack","floor":6},{"not_picked":["Dagger Throw","Prepared"],"picked":"Dagger Spray","floor":11},{"not_picked":["Corpse Explosion","Envenom"],"picked":"After Image","floor":16}],"player_experience":107061,"potions_floor_usage":[14,16,16,16],"damage_taken":[{"damage":2,"enemies":"Small Slimes","floor":1,"turns":4},{"damage":1,"enemies":"Jaw Worm","floor":5,"turns":5},{"damage":14,"enemies":"3 Sentries","floor":6,"turns":12},{"damage":0,"enemies":"2 Louse","floor":10,"turns":1},{"damage":8,"enemies":"Red Slaver","floor":11,"turns":2},{"damage":0,"enemies":"Large Slime","floor":13,"turns":4},{"damage":17,"enemies":"Lagavulin","floor":14,"turns":6},{"damage":49,"enemies":"Hexaghost","floor":16,"turns":10}],"event_choices":[{"event_name":"The Cleric","player_choice":"Card Removal","floor":2,"damage_taken":0},{"event_name":"Big Fish","player_choice":"Donut","floor":3,"damage_taken":0},{"event_name":"The Woman in Blue","player_choice":"Bought 2 Potions","floor":8,"damage_taken":0}],"boss_relics":[{"not_picked":["Astrolabe","Black Star"],"picked":"Pandora\u0027s Box"}],"potions_floor_spawned":[6,10,14,16],"seed_played":"-6905522571267713908","ascension_level":0,"is_trial":false}