{"gold_per_floor":[115,65,240,259,275,275,288,303,303,330,347,347,90,103,103,206,206,221,221,221,241,258,258,277,277,277,67,67,67,67,95,95,191,191,203,203,222,21,36,36,36,36,36,36,55,55,73,86,86,186,186],"floor_reached":51,"playtime":1924,"items_purged":["Doubt"],"score":844,"play_id":"1c6f8547-60f3-4301-951f-e6a02e2be86e","local_time":"20180728103259","daily_mods":["Draft","Heirloom","Time Dilation"],"is_ascension_mode":false,"campfire_choices":[{"data":"Concentrate","floor":6.0,"key":"SMITH"},{"data":"Finisher","floor":12.0,"key":"SMITH"},{"data":"Sucker Punch","floor":15.0,"key":"SMITH"},{"data":"Grand Finale","floor":23.0,"key":"SMITH"},{"data":"Panache","floor":29.0,"key":"SMITH"},{"floor":32.0,"key":"REST"},{"data":"After Image","floor":40.0,"key":"SMITH"},{"data":"Blade Dance","floor":42.0,"key":"SMITH"},{"data":"Terror","floor":44.0,"key":"SMITH"},{"floor":49.0,"key":"REST"}],"neow_cost":"","seed_source_timestamp":0,"circlet_count":0,"master_deck":["Concentrate+1","Terror+1","Escape Plan","Acrobatics","Backflip","Sucker Punch+1","PiercingWail","Slice","Finisher+1","Well Laid Plans","Escape Plan","Backstab","Burst","Deflect","Backstab","Finesse","Calculated Gamble","Grand Finale+1","Cloak And Dagger","Deflect","Blade Dance+1","Deflect","Slice","Finisher+1","Slice","Tactician+1","Slice","Panache+1","After Image+1","Panache+1","Calculated Gamble+1","Escape Plan+1","After Image"],"special_seed":0,"relics":["Ring of the Serpent","Bird Faced Urn","Shuriken","Snake Skull","Orrery","Letter Opener","Torii","Empty Cage","DollysMirror","Sundial"],"potions_floor_usage":[],"damage_taken":[{"damage":0.0,"enemies":"2 Louse","floor":1.0,"turns":1.0},{"damage":3.0,"enemies":"Jaw Worm","floor":4.0,"turns":2.0},{"damage":6.0,"enemies":"Cultist","floor":5.0,"turns":3.0},{"damage":0.0,"enemies":"Large Slime","floor":7.0,"turns":1.0},{"damage":0.0,"enemies":"2 Fungi Beasts","floor":8.0,"turns":1.0},{"damage":7.0,"enemies":"Gremlin Nob","floor":10.0,"turns":3.0},{"damage":0.0,"enemies":"Exordium Thugs","floor":11.0,"turns":2.0},{"damage":0.0,"enemies":"Looter","floor":14.0,"turns":1.0},{"damage":18.0,"enemies":"The Guardian","floor":16.0,"turns":5.0},{"damage":10.0,"enemies":"Shell Parasite","floor":18.0,"turns":3.0},{"damage":6.0,"enemies":"Spheric Guardian","floor":21.0,"turns":3.0},{"damage":11.0,"enemies":"Centurion and Healer","floor":22.0,"turns":3.0},{"damage":15.0,"enemies":"Snake Plant","floor":24.0,"turns":2.0},{"damage":3.0,"enemies":"Book of Stabbing","floor":31.0,"turns":3.0},{"damage":33.0,"enemies":"Automaton","floor":33.0,"turns":6.0},{"damage":20.0,"enemies":"3 Darklings","floor":35.0,"turns":3.0},{"damage":19.0,"enemies":"Flame Bruiser 1 Orb","floor":37.0,"turns":3.0},{"damage":7.0,"enemies":"Sphere and 2 Shapes","floor":39.0,"turns":3.0},{"damage":12.0,"enemies":"Flame Bruiser 2 Orb","floor":45.0,"turns":4.0},{"damage":9.0,"enemies":"4 Shapes","floor":47.0,"turns":4.0},{"damage":0.0,"enemies":"Transient","floor":48.0,"turns":5.0},{"damage":69.0,"enemies":"Awakened One","floor":50.0,"turns":12.0}],"seed_played":"-7740856645710065294","potions_obtained":[{"floor":1.0,"key":"Swift Potion"},{"floor":7.0,"key":"GhostInAJar"},{"floor":10.0,"key":"EssenceOfSteel"},{"floor":16.0,"key":"PowerPotion"},{"floor":33.0,"key":"PowerPotion"},{"floor":35.0,"key":"Weak Potion"},{"floor":37.0,"key":"Energy Potion"},{"floor":41.0,"key":"GhostInAJar"}],"is_trial":true,"path_per_floor":["M","?","?","M","M","R","M","M","T","E","M","R","$","M","R","B",null,"M","?","?","M","M","R","M","?","T","$","?","R","$","E","R","B",null,"M","?","M","$","M","R","?","R","T","R","M","$","M","M","R","B"],"character_chosen":"THE_SILENT","items_purchased":["Backstab","Finesse","Panache","DollysMirror"],"campfire_rested":2,"item_purchase_floors":[13,13,27,38],"current_hp_per_floor":[70,70,70,67,63,63,65,65,65,60,62,62,62,62,62,46,70,60,60,60,56,47,47,32,32,32,32,32,32,32,33,54,25,70,54,54,41,41,40,40,40,40,40,40,34,34,31,39,60,1,70],"gold":186,"neow_bonus":"","is_prod":false,"is_daily":false,"chose_seed":false,"campfire_upgraded":8,"win_rate":0,"timestamp":1532741579,"path_taken":["M","?","?","M","M","R","M","M","T","E","M","R","$","?","R","BOSS","M","?","?","M","M","R","M","?","T","$","?","R","?","E","R","BOSS","M","?","M","$","?","R","?","R","T","R","?","?","M","M","R","BOSS"],"build_version":"2018-07-26","purchased_purges":1,"victory":false,"max_hp_per_floor":[70,70,70,70,70,70,70,70,70,70,70,70,70,70,70,70,70,70,70,70,70,70,70,70,70,70,70,70,70,70,70,70,70,70,70,70,70,70,70,70,70,70,70,70,70,70,70,70,70,70,70],"card_choices":[{"not_picked":["Well Laid Plans","Dodge and Roll"],"picked":"Concentrate","floor":0.0},{"not_picked":["Acrobatics","Dodge and Roll"],"picked":"Terror","floor":0.0},{"not_picked":["Dodge and Roll","Acrobatics"],"picked":"Escape Plan","floor":0.0},{"not_picked":["Sucker Punch","Leg Sweep"],"picked":"Underhanded Strike","floor":0.0},{"not_picked":["Leg Sweep","Outmaneuver"],"picked":"Acrobatics","floor":0.0},{"not_picked":["Underhanded Strike","Deadly Poison"],"picked":"Backflip","floor":0.0},{"not_picked":["Outmaneuver","Underhanded Strike"],"picked":"Heel Hook","floor":0.0},{"not_picked":["Poisoned Stab","Prepared"],"picked":"Quick Slash","floor":0.0},{"not_picked":["Flying Knee","Outmaneuver"],"picked":"Dagger Spray","floor":0.0},{"not_picked":["Terror","Prepared"],"picked":"Sucker Punch","floor":0.0},{"not_picked":["Acrobatics","Underhanded Strike"],"picked":"PiercingWail","floor":0.0},{"not_picked":["Expertise","Blade Dance"],"picked":"Dagger Throw","floor":0.0},{"not_picked":["Sucker Punch","Terror"],"picked":"Slice","floor":0.0},{"not_picked":["Acrobatics","Bane"],"picked":"Finisher","floor":0.0},{"not_picked":["Quick Slash","PiercingWail"],"picked":"Well Laid Plans","floor":0.0},{"not_picked":["PiercingWail","Quick Slash","Caltrops"],"picked":"SKIP","floor":1.0},{"not_picked":["Terror","Deadly Poison"],"picked":"Escape Plan","floor":4.0},{"not_picked":["Sucker Punch","Slice"],"picked":"Backstab","floor":5.0},{"not_picked":["Sucker Punch","Quick Slash","PiercingWail"],"picked":"SKIP","floor":7.0},{"not_picked":["Flechettes","Flying Knee","Noxious Fumes"],"picked":"SKIP","floor":8.0},{"not_picked":["Dagger Spray","Predator"],"picked":"Burst","floor":10.0},{"not_picked":["Poisoned Stab","Expertise"],"picked":"Deflect","floor":11.0},{"not_picked":["Backflip","Underhanded Strike"],"picked":"Calculated Gamble","floor":14.0},{"not_picked":["Envenom","Storm of Steel"],"picked":"Grand Finale","floor":16.0},{"not_picked":["Deadly Poison","Masterful Stab"],"picked":"Cloak And Dagger","floor":17.0},{"not_picked":["Infinite Blades","Catalyst"],"picked":"Deflect","floor":17.0},{"not_picked":["Leg Sweep","Poisoned Stab"],"picked":"Blade Dance","floor":17.0},{"not_picked":["Predator","Deadly Poison"],"picked":"Deflect","floor":17.0},{"not_picked":["Dagger Spray","Poisoned Stab"],"picked":"Slice","floor":18.0},{"not_picked":["Bullet Time","Reflex"],"picked":"Tactician+1","floor":21.0},{"not_picked":["Prepared","Quick Slash"],"picked":"Slice","floor":22.0},{"not_picked":["Cloak And Dagger","Flying Knee","PiercingWail"],"picked":"SKIP","floor":24.0},{"not_picked":["Acrobatics","Dodge and Roll","Storm of Steel"],"picked":"SKIP","floor":31.0},{"not_picked":["Corpse Explosion","Venomology"],"picked":"After Image","floor":33.0},{"not_picked":["Flying Knee+1","Reflex","Underhanded Strike"],"picked":"SKIP","floor":35.0},{"not_picked":["Tactician","Bane+1","All Out Attack"],"picked":"SKIP","floor":37.0},{"not_picked":["Flying Knee","Quick Slash+1"],"picked":"Calculated Gamble+1","floor":39.0},{"not_picked":["Quick Slash+1","Heel Hook","Blur"],"picked":"SKIP","floor":45.0},{"not_picked":["Dagger Throw","Bane","Deadly Poison"],"picked":"SKIP","floor":47.0},{"not_picked":["Acrobatics+1","Prepared+1"],"picked":"Escape Plan+1","floor":48.0},{"not_picked":["Corpse Explosion","Envenom"],"picked":"After Image","floor":50.0}],"player_experience":237644,"relics_obtained":[{"floor":9.0,"key":"Shuriken"},{"floor":10.0,"key":"Snake Skull"},{"floor":26.0,"key":"Letter Opener"},{"floor":31.0,"key":"Torii"},{"floor":43.0,"key":"Sundial"}],"event_choices":[{"event_name":"The Cleric","player_choice":"Card Removal","floor":2.0,"damage_taken":0.0},{"event_name":"Liars Game","player_choice":"agreed","floor":3.0,"damage_taken":0.0},{"event_name":"Duplicator","player_choice":"One dupe","floor":19.0,"damage_taken":0.0},{"event_name":"The Library","player_choice":"Read","floor":20.0,"damage_taken":0.0},{"event_name":"Back to Basics","player_choice":"Elegance","floor":25.0,"damage_taken":0.0},{"event_name":"Transmorgrifier","player_choice":"Transform","floor":28.0,"damage_taken":0.0},{"event_name":"Purifier","player_choice":"One Purge","floor":36.0,"damage_taken":0.0},{"event_name":"The Lab","player_choice":"Got Potions","floor":41.0,"damage_taken":0.0}],"is_beta":false,"boss_relics":[{"not_picked":["Philosopher\u0027s Stone","Ectoplasm"],"picked":"Orrery"},{"not_picked":["Sozu","Coffee Dripper"],"picked":"Empty Cage"},{"not_picked":["Pandora\u0027s Box","Calling Bell"],"picked":"Ring of the Serpent"}],"items_purged_floors":[13],"is_endless":true,"potions_floor_spawned":[1,7,10,14,16,22,24,33,35,37,39,48],"ascension_level":0}