{"gold_per_floor":[109,127,146,26,201,201,220,233,233,233,247,281,281,294,294,294],"floor_reached":16,"playtime":629,"items_purged":["Clumsy"],"score":104,"play_id":"540679e0-8a19-4fe4-912c-ff7337e74972","local_time":"20181125155509","is_ascension_mode":false,"campfire_choices":[{"floor":6,"key":"RECALL"},{"data":"Armaments","floor":13,"key":"SMITH"},{"floor":15,"key":"REST"}],"neow_cost":"CURSE","seed_source_timestamp":164903580115887,"circlet_count":0,"master_deck":["Strike_R","Strike_R","Strike_R","Strike_R","Strike_R","Defend_R","Defend_R","Defend_R","Defend_R","Bash","Heavy Blade","Fire Breathing","Twin Strike","Armaments+1","Doubt","Flex","Infernal Blade","Pummel","Burning Pact","Flex"],"relics":["Burning Blood","Nunchaku","Matryoshka","Calipers","The Courier"],"potions_floor_usage":[12,12,16],"damage_taken":[{"damage":15,"enemies":"Jaw Worm","floor":1,"turns":6},{"damage":2,"enemies":"2 Louse","floor":2,"turns":3},{"damage":7,"enemies":"Small Slimes","floor":3,"turns":4},{"damage":4,"enemies":"Gremlin Gang","floor":7,"turns":5},{"damage":9,"enemies":"3 Louse","floor":8,"turns":3},{"damage":12,"enemies":"Blue Slaver","floor":11,"turns":4},{"damage":36,"enemies":"Lagavulin","floor":12,"turns":8},{"damage":0,"enemies":"Large Slime","floor":14,"turns":4},{"damage":62,"enemies":"Hexaghost","floor":16,"turns":9}],"seed_played":"432519074478299999","potions_obtained":[{"floor":1,"key":"SpeedPotion"},{"floor":2,"key":"Energy Potion"},{"floor":14,"key":"SkillPotion"}],"is_trial":false,"path_per_floor":["M","M","M","$","?","R","M","M","T","?","M","E","R","M","R","B"],"character_chosen":"IRONCLAD","items_purchased":["Armaments"],"campfire_rested":1,"item_purchase_floors":[4],"current_hp_per_floor":[71,75,74,74,74,74,76,73,73,66,60,30,30,36,60,0],"gold":294,"neow_bonus":"ONE_RARE_RELIC","is_prod":false,"is_daily":false,"chose_seed":false,"campfire_upgraded":1,"win_rate":0,"timestamp":1543157709,"path_taken":["M","M","M","$","?","R","M","M","T","?","M","E","R","M","R","BOSS"],"build_version":"2018-11-15","purchased_purges":1,"victory":false,"max_hp_per_floor":[80,80,80,80,80,80,80,80,80,80,80,80,80,80,80,80],"card_choices":[{"not_picked":["Havoc","Feel No Pain"],"picked":"Heavy Blade","floor":1},{"not_picked":["Anger","Carnage"],"picked":"Fire Breathing","floor":2},{"not_picked":["Corruption","Ghostly Armor"],"picked":"Twin Strike","floor":3},{"not_picked":["Intimidate","Sentinel"],"picked":"Flex","floor":7},{"not_picked":["Warcry","Shrug It Off"],"picked":"Infernal Blade","floor":8},{"not_picked":["Feel No Pain","Armaments"],"picked":"Pummel","floor":11},{"not_picked":["Pommel Strike","Sever Soul"],"picked":"Burning Pact","floor":12},{"not_picked":["Warcry","Sentinel"],"picked":"Flex","floor":14}],"player_experience":136558,"relics_obtained":[{"floor":9,"key":"Matryoshka"},{"floor":12,"key":"The Courier"}],"event_choices":[{"damage_healed":0,"gold_gain":175,"player_choice":"AGREE","damage_taken":0,"max_hp_gain":0,"max_hp_loss":0,"event_name":"Liars Game","floor":5,"gold_loss":0,"cards_obtained":["Doubt"]},{"damage_healed":0,"gold_gain":0,"player_choice":"Success","damage_taken":7,"relics_obtained":["Calipers"],"max_hp_gain":0,"max_hp_loss":0,"event_name":"Scrap Ooze","floor":10,"gold_loss":0}],"is_beta":false,"boss_relics":[],"items_purged_floors":[4],"is_endless":false,"potions_floor_spawned":[1,2,14],"killed_by":"Hexaghost","ascension_level":0}