{"gold_per_floor":[12,12,25,44,54,68,86,116,128,140,165,177,207,294,306,418,430,422,434,73,73,88,88,10,10,83,108,207,221,121,132,132,233,233,253,273,273,273,285,29,29,49,49,49,61,72,48,48,48,48],"floor_reached":51,"playtime":1641,"items_purged":["Strike_R","Strike_R","Strike_R"],"score":696,"play_id":"be9ff8d6-adeb-42e4-bddc-d5d3ceb59369","local_time":"20181128195408","is_ascension_mode":false,"campfire_choices":[{"floor":12,"key":"REST"},{"floor":15,"key":"REST"},{"floor":23,"key":"REST"},{"data":"Offering","floor":25,"key":"SMITH"},{"floor":32,"key":"REST"},{"floor":41,"key":"REST"},{"floor":44,"key":"REST"},{"floor":49,"key":"REST"}],"neow_cost":"NO_GOLD","seed_source_timestamp":190149452235088,"circlet_count":0,"master_deck":["Defend_R","Defend_R","Defend_R","Defend_R","Bash","Juggernaut+1","Iron Wave","Shrug It Off","Thunderclap","Flame Barrier","Entrench","Juggernaut","Shrug It Off","Metallicize+1","Offering+1","Shrug It Off","Iron Wave","Shrug It Off+1","Bandage Up","Armaments","Ghostly Armor","Parasite","Armaments+1","Iron Wave"],"special_seed":0,"relics":["Burning Blood","MawBank","Pen Nib","Empty Cage","Enchiridion","Pantograph","Bottled Lightning","Juzu Bracelet","Fusion Hammer","Pear","Blue Candle"],"potions_floor_usage":[5,8,16,18,22,29,36,50,50,50],"damage_taken":[{"damage":2.0,"enemies":"2 Louse","floor":1.0,"turns":3.0},{"damage":1.0,"enemies":"Cultist","floor":3.0,"turns":4.0},{"damage":7.0,"enemies":"Small Slimes","floor":4.0,"turns":4.0},{"damage":5,"enemies":"Exordium Thugs","floor":5,"turns":3},{"damage":17,"enemies":"3 Louse","floor":6,"turns":4},{"damage":10,"enemies":"Looter","floor":7,"turns":3},{"damage":34,"enemies":"3 Sentries","floor":8,"turns":8},{"damage":14,"enemies":"Blue Slaver","floor":11,"turns":5},{"damage":25,"enemies":"Exordium Wildlife","floor":13,"turns":6},{"damage":33,"enemies":"The Guardian","floor":16,"turns":14},{"damage":30,"enemies":"2 Thieves","floor":18,"turns":4},{"damage":9,"enemies":"3 Byrds","floor":22,"turns":2},{"damage":19,"enemies":"Book of Stabbing","floor":27,"turns":5},{"damage":15,"enemies":"Shelled Parasite and Fungi","floor":29,"turns":6},{"damage":15,"enemies":"Centurion and Healer","floor":31,"turns":7},{"damage":27,"enemies":"Automaton","floor":33,"turns":9},{"damage":9,"enemies":"Orb Walker","floor":35,"turns":4},{"damage":26,"enemies":"3 Darklings","floor":36,"turns":5},{"damage":22,"enemies":"Jaw Worm Horde","floor":39,"turns":4},{"damage":24,"enemies":"4 Shapes","floor":42,"turns":5},{"damage":6,"enemies":"Writhing Mass","floor":45,"turns":5},{"damage":11,"enemies":"Transient","floor":46,"turns":5},{"damage":60,"enemies":"Time Eater","floor":50,"turns":12}],"seed_played":"-3748215464990856533","potions_obtained":[{"floor":1.0,"key":"SteroidPotion"},{"floor":2.0,"key":"Strength Potion"},{"floor":2.0,"key":"LiquidBronze"},{"floor":2.0,"key":"Weak Potion"},{"floor":3.0,"key":"Explosive Potion"},{"floor":6,"key":"Weak Potion"},{"floor":18,"key":"Explosive Potion"},{"floor":27,"key":"BloodPotion"},{"floor":29,"key":"Ancient Potion"},{"floor":35,"key":"BloodPotion"},{"floor":36,"key":"LiquidBronze"},{"floor":46,"key":"Weak Potion"}],"is_trial":false,"path_per_floor":["M","?","M","M","M","M","M","M","E","T","?","M","R","M","?","R","B",null,"M","?","$","?","M","R","$","R","T","E","?","M","$","M","R","B",null,"M","M","?","?","M","$","R","M","T","R","M","M","$","T","R","B",null],"character_chosen":"IRONCLAD","items_purchased":["Pantograph","Shrug It Off","Offering","Armaments","Ghostly Armor","Iron Wave"],"campfire_rested":7,"item_purchase_floors":[20,20,24,40,40,47],"current_hp_per_floor":[80,80,80,79,80,69,65,37,37,37,29,53,34,23,47,20,80,56,40,40,40,37,61,61,61,61,48,48,47,47,38,62,59,80,77,65,65,65,53,53,77,63,73,90,90,89,89,89,90,40],"gold":48,"neow_bonus":"THREE_RARE_CARDS","is_prod":false,"is_daily":false,"chose_seed":false,"campfire_upgraded":1,"win_rate":0,"timestamp":1543431248,"path_taken":["M","?","M","M","?","M","M","E","T","?","M","R","?","?","R","BOSS","M","?","$","?","M","R","?","R","T","E","?","M","$","M","R","BOSS","M","M","?","?","M","$","R","M","T","R","M","M","$","?","R","BOSS"],"build_version":"2018-11-15","purchased_purges":3,"victory":true,"max_hp_per_floor":[80,80,80,80,80,80,80,80,80,80,80,80,80,80,80,80,80,80,80,80,80,80,80,80,80,80,80,80,80,80,80,80,80,80,80,80,80,80,80,80,80,80,90,90,90,90,90,90,90,90],"card_choices":[{"not_picked":["Berserk","Limit Break"],"picked":"Juggernaut","floor":0.0},{"not_picked":["Combust","True Grit"],"picked":"Iron Wave","floor":1.0},{"not_picked":["Perfected Strike","Clash"],"picked":"Shrug It Off","floor":3.0},{"not_picked":["Reckless Charge","Heavy Blade","Clash"],"picked":"SKIP","floor":4},{"not_picked":["Anger","Warcry","Rage"],"picked":"SKIP","floor":5},{"not_picked":["Body Slam","Headbutt"],"picked":"Thunderclap","floor":6},{"not_picked":["Power Through","Clothesline"],"picked":"Flame Barrier","floor":7},{"not_picked":["Havoc","Anger"],"picked":"Entrench","floor":8},{"not_picked":["Twin Strike","Shockwave","True Grit"],"picked":"SKIP","floor":11},{"not_picked":["Berserk","Clothesline","True Grit"],"picked":"SKIP","floor":13},{"not_picked":["Double Tap","Impervious"],"picked":"Juggernaut","floor":16},{"not_picked":["Hemokinesis","Flex","Anger+1"],"picked":"SKIP","floor":18},{"not_picked":["Sword Boomerang","Power Through"],"picked":"Metallicize+1","floor":22},{"not_picked":["Evolve","Pommel Strike"],"picked":"Shrug It Off","floor":27},{"not_picked":["Headbutt","Entrench","Reckless Charge+1"],"picked":"SKIP","floor":29},{"not_picked":["Headbutt","Shrug It Off"],"picked":"Iron Wave","floor":31},{"not_picked":["Burning Pact+1","Wild Strike+1","True Grit+1"],"picked":"SKIP","floor":35},{"not_picked":["Pommel Strike","Twin Strike+1"],"picked":"Shrug It Off+1","floor":36},{"not_picked":["Dramatic Entrance","Transmutation"],"picked":"Bandage Up","floor":37},{"not_picked":["Heavy Blade","Wild Strike+1","Sword Boomerang"],"picked":"SKIP","floor":39},{"not_picked":["Infernal Blade","Clash+1","Pummel+1"],"picked":"SKIP","floor":42},{"not_picked":["Inflame","Brutality","Sever Soul+1"],"picked":"SKIP","floor":45},{"not_picked":["Bloodletting","Burning Pact"],"picked":"Armaments+1","floor":46}],"player_experience":151441,"relics_obtained":[{"floor":8,"key":"MawBank"},{"floor":9,"key":"Pen Nib"},{"floor":19,"key":"Enchiridion"},{"floor":26,"key":"Bottled Lightning"},{"floor":27,"key":"Juzu Bracelet"},{"floor":43,"key":"Pear"},{"floor":48,"key":"Blue Candle"}],"event_choices":[{"damage_healed":0.0,"max_hp_gain":0.0,"max_hp_loss":0.0,"gold_gain":0.0,"event_name":"Lab","player_choice":"Got Potions","floor":2.0,"gold_loss":0.0,"damage_taken":0.0},{"damage_healed":0,"gold_gain":0,"player_choice":"Forge","damage_taken":0,"max_hp_gain":0,"max_hp_loss":0,"event_name":"Accursed Blacksmith","floor":10,"gold_loss":0,"cards_upgraded":["Juggernaut"]},{"damage_healed":0,"gold_gain":75,"player_choice":"Gather Gold","damage_taken":11,"max_hp_gain":0,"max_hp_loss":0,"event_name":"World of Goop","floor":14,"gold_loss":0},{"damage_healed":0,"gold_gain":0,"player_choice":"Obtained Book","damage_taken":16,"max_hp_gain":0,"max_hp_loss":0,"event_name":"Cursed Tome","floor":19,"gold_loss":0},{"damage_healed":0,"gold_gain":0,"player_choice":"Ignored","damage_taken":0,"max_hp_gain":0,"max_hp_loss":0,"event_name":"Vampires","floor":21,"gold_loss":0},{"damage_healed":0,"gold_gain":99,"player_choice":"Stole From Cult","damage_taken":0,"max_hp_gain":0,"max_hp_loss":0,"event_name":"Nest","floor":28,"gold_loss":0},{"damage_healed":0,"gold_gain":0,"player_choice":"Memory 1","damage_taken":0,"max_hp_gain":0,"max_hp_loss":0,"event_name":"SensoryStone","floor":37,"gold_loss":0},{"damage_healed":0,"gold_gain":0,"player_choice":"Ignored","damage_taken":0,"max_hp_gain":0,"max_hp_loss":0,"event_name":"Tomb of Lord Red Mask","floor":38,"gold_loss":0}],"is_beta":false,"boss_relics":[{"not_picked":["Cursed Key","Mark of Pain"],"picked":"Empty Cage"},{"not_picked":["Astrolabe","Runic Cube"],"picked":"Fusion Hammer"}],"items_purged_floors":[20,30,40],"is_endless":false,"potions_floor_spawned":[1,3,6,18,27,29,35,36,46],"ascension_level":0}