{"gold_per_floor":[363,374,388,23,41,41,51,76,100,100,100,100,112,77,77,77],"floor_reached":16,"playtime":576,"items_purged":["Strike_B"],"score":173,"play_id":"19b1f7c5-0bfd-4bb3-b8a7-f80bd6e082e8","local_time":"20190520194055","is_ascension_mode":true,"campfire_choices":[{"floor":6,"key":"REST"},{"floor":15,"key":"REST"}],"neow_cost":"PERCENT_DAMAGE","seed_source_timestamp":45065985461049,"circlet_count":0,"master_deck":["AscendersBane","Strike_B","Strike_B","Defend_B","Defend_B","Defend_B","Defend_B+1","Zap","Dualcast","Ball Lightning","Buffer","FTL","Madness+1","FTL","Reboot","Blizzard","Sunder"],"relics":["Cracked Core","War Paint","Art of War"],"potions_floor_usage":[16],"damage_taken":[{"damage":6,"enemies":"2 Louse","floor":1,"turns":3},{"damage":9,"enemies":"Jaw Worm","floor":2,"turns":3},{"damage":1,"enemies":"Cultist","floor":3,"turns":3},{"damage":5,"enemies":"2 Fungi Beasts","floor":5,"turns":3},{"damage":6,"enemies":"Looter","floor":7,"turns":3},{"damage":5,"enemies":"Lagavulin","floor":8,"turns":5},{"damage":8,"enemies":"3 Louse","floor":13,"turns":4},{"damage":44,"enemies":"Hexaghost","floor":16,"turns":9}],"seed_played":"-1729771781043690880","potions_obtained":[{"floor":7,"key":"Swift Potion"}],"is_trial":false,"path_per_floor":["M","M","M","$","M","R","M","E","T","?","?","?","M","$","R","B"],"character_chosen":"DEFECT","items_purchased":["Buffer","FTL","Madness","Sunder"],"campfire_rested":2,"item_purchase_floors":[4,4,4,14],"current_hp_per_floor":[40,31,30,30,25,46,40,35,35,28,28,28,20,20,41,0],"gold":77,"neow_bonus":"TWO_FIFTY_GOLD","is_prod":false,"is_daily":false,"chose_seed":false,"campfire_upgraded":0,"win_rate":0,"timestamp":1558406455,"path_taken":["M","M","M","$","M","R","M","E","T","?","?","?","?","$","R","BOSS"],"build_version":"2019-01-23","purchased_purges":1,"victory":false,"max_hp_per_floor":[71,71,71,71,71,71,71,71,71,71,71,71,71,71,71,71],"card_choices":[{"not_picked":["Stack","Leap"],"picked":"Ball Lightning","floor":1},{"not_picked":["Barrage","Coolheaded","Leap"],"picked":"SKIP","floor":2},{"not_picked":["Rebound","Stack","Cold Snap"],"picked":"SKIP","floor":3},{"not_picked":["Static Discharge","Force Field"],"picked":"FTL","floor":5},{"not_picked":["Cold Snap","White Noise"],"picked":"Reboot","floor":7},{"not_picked":["Sweeping Beam","Coolheaded"],"picked":"Blizzard","floor":8},{"not_picked":["Recycle","Stack","Streamline"],"picked":"SKIP","floor":13}],"player_experience":647424,"relics_obtained":[{"floor":8,"key":"War Paint"},{"floor":9,"key":"Art of War"}],"event_choices":[{"cards_removed":["Strike_B"],"damage_healed":0,"gold_gain":0,"player_choice":"Card Removal","damage_taken":7,"max_hp_gain":0,"max_hp_loss":0,"event_name":"Golden Wing","floor":10,"gold_loss":0},{"damage_healed":0,"gold_gain":0,"player_choice":"Ignored","damage_taken":0,"max_hp_gain":0,"max_hp_loss":0,"event_name":"Shining Light","floor":11,"gold_loss":0},{"damage_healed":0,"gold_gain":0,"player_choice":"0 cards matched","damage_taken":0,"max_hp_gain":0,"max_hp_loss":0,"event_name":"Match and Keep!","floor":12,"gold_loss":0,"cards_obtained":[]}],"is_beta":false,"boss_relics":[],"items_purged_floors":[4],"is_endless":false,"potions_floor_spawned":[7],"killed_by":"Hexaghost","ascension_level":14}