{"gold_per_floor":[116,130,149,161,172,205,221,221,221,236,301,301],"floor_reached":12,"playtime":933,"items_purged":[],"score":118,"play_id":"0a3bd573-02bc-4ed9-9db7-a1aa25cb25b3","local_time":"20190530141324","is_ascension_mode":true,"campfire_choices":[{"data":"Body Slam","floor":8,"key":"SMITH"}],"neow_cost":"NONE","seed_source_timestamp":106694373414500,"circlet_count":0,"master_deck":["Strike_R","Strike_R","Strike_R","Strike_R","Defend_R","Defend_R","Defend_R","Defend_R","Bash","Body Slam+1","Iron Wave","Cleave","Infernal Blade"],"special_seed":0,"relics":["Burning Blood","Letter Opener","Darkstone Periapt","Tiny Chest"],"potions_floor_usage":[6,10,11],"damage_taken":[{"damage":1.0,"enemies":"Cultist","floor":1.0,"turns":3.0},{"damage":5.0,"enemies":"2 Louse","floor":2.0,"turns":3.0},{"damage":5.0,"enemies":"Small Slimes","floor":3.0,"turns":4.0},{"damage":16.0,"enemies":"2 Fungi Beasts","floor":4.0,"turns":4.0},{"damage":11.0,"enemies":"Looter","floor":5.0,"turns":4.0},{"damage":38,"enemies":"Lagavulin","floor":6,"turns":10},{"damage":10,"enemies":"Lots of Slimes","floor":7,"turns":3},{"damage":8,"enemies":"Red Slaver","floor":10,"turns":6},{"damage":25,"enemies":"3 Sentries","floor":11,"turns":7},{"damage":30,"enemies":"Gremlin Gang","floor":12,"turns":3}],"seed_played":"-3324030542607731842","potions_obtained":[{"floor":3.0,"key":"Dexterity Potion"},{"floor":5.0,"key":"EntropicBrew"},{"floor":6,"key":"LiquidBronze"},{"floor":7,"key":"Swift Potion"},{"floor":10,"key":"Swift Potion"}],"is_trial":false,"path_per_floor":["M","M","M","M","M","E","M","R","T","M","E","M"],"character_chosen":"IRONCLAD","items_purchased":[],"campfire_rested":0,"item_purchase_floors":[],"current_hp_per_floor":[80,80,80,70,65,33,29,29,29,27,8,0],"gold":301,"neow_bonus":"REMOVE_CARD","is_prod":false,"is_daily":false,"chose_seed":false,"campfire_upgraded":1,"win_rate":0,"timestamp":1559250804,"path_taken":["M","M","M","M","M","E","M","R","T","M","E","M"],"build_version":"2019-01-23","purchased_purges":0,"victory":false,"max_hp_per_floor":[80,80,80,80,80,80,80,80,80,80,80,80],"card_choices":[{"not_picked":["Havoc","Clash","Spot Weakness"],"picked":"SKIP","floor":1.0},{"not_picked":["Carnage","True Grit"],"picked":"Body Slam","floor":2.0},{"not_picked":["Anger","Sword Boomerang"],"picked":"Iron Wave","floor":3.0},{"not_picked":["Rampage","Clothesline"],"picked":"Cleave","floor":4.0},{"not_picked":["Clash","Perfected Strike","Wild Strike"],"picked":"SKIP","floor":5.0},{"not_picked":["Warcry","Uppercut","Impervious"],"picked":"SKIP","floor":6},{"not_picked":["Warcry","Ghostly Armor","Sword Boomerang"],"picked":"SKIP","floor":7},{"not_picked":["Pommel Strike","Clash"],"picked":"Infernal Blade","floor":10},{"not_picked":["Sentinel","Spot Weakness","Berserk"],"picked":"SKIP","floor":11}],"player_experience":143858,"relics_obtained":[{"floor":6,"key":"Letter Opener"},{"floor":9,"key":"Darkstone Periapt"},{"floor":11,"key":"Tiny Chest"}],"event_choices":[],"is_beta":false,"boss_relics":[],"items_purged_floors":[],"is_endless":false,"potions_floor_spawned":[3,5,6,7,10],"killed_by":"Gremlin Gang","ascension_level":5}