{"gold_per_floor":[115,115,125,138,168,168,194,208,263,263,277,7,27,47,47,149,149,159,74,74,74,74,99,99,116,164,194,222,248,260,289,301,313],"floor_reached":33,"playtime":984,"items_purged":["Strike_G"],"score":271,"play_id":"bf6a4af1-c9b2-4d4e-b4cf-b72cf0342234","local_time":"20190603211449","is_ascension_mode":false,"campfire_choices":[{"data":"Blade Dance","floor":6.0,"key":"SMITH"},{"data":"Finisher","floor":10.0,"key":"SMITH"},{"data":"Neutralize","floor":15.0,"key":"SMITH"},{"floor":24.0,"key":"REST"},{"floor":32.0,"key":"REST"}],"neow_cost":"NONE","seed_source_timestamp":0,"circlet_count":0,"master_deck":["Defend_G","Defend_G","Defend_G","Defend_G","Defend_G","Strike_G","Strike_G","Strike_G","Strike_G","Survivor","Neutralize+1","Blade Dance+1","Dagger Throw","Finisher+1","Leg Sweep+1","Catalyst+1","Deflect+1","Escape Plan+1","Glass Knife","Crippling Poison+1","Necronomicurse","Blur+1","Footwork","Infinite Blades","Prepared+1","Footwork","True Grit","Bane"],"special_seed":0,"relics":["Ring of the Snake","NeowsBlessing","Sundial","Tiny Chest","Toxic Egg 2","PreservedInsect","TwistedFunnel","White Beast Statue","Boot","Ninja Scroll","Necronomicon","Bronze Scales","MawBank"],"potions_floor_usage":[33],"damage_taken":[{"damage":0.0,"enemies":"2 Louse","floor":1.0,"turns":1.0},{"damage":0.0,"enemies":"Cultist","floor":3.0,"turns":1.0},{"damage":0.0,"enemies":"Small Slimes","floor":4.0,"turns":1.0},{"damage":13.0,"enemies":"Gremlin Nob","floor":7.0,"turns":3.0},{"damage":0.0,"enemies":"Blue Slaver","floor":8.0,"turns":3.0},{"damage":0.0,"enemies":"2 Fungi Beasts","floor":11.0,"turns":2.0},{"damage":0.0,"enemies":"Lots of Slimes","floor":13.0,"turns":3.0},{"damage":0.0,"enemies":"3 Louse","floor":14.0,"turns":2.0},{"damage":25.0,"enemies":"The Guardian","floor":16.0,"turns":18.0},{"damage":18.0,"enemies":"Spheric Guardian","floor":18.0,"turns":5.0},{"damage":17.0,"enemies":"Slavers","floor":23.0,"turns":3.0},{"damage":0.0,"enemies":"Shell Parasite","floor":25.0,"turns":4.0},{"damage":10.0,"enemies":"Cultist and Chosen","floor":27.0,"turns":2.0},{"damage":3.0,"enemies":"Sentry and Sphere","floor":28.0,"turns":6.0},{"damage":3.0,"enemies":"Shelled Parasite and Fungi","floor":29.0,"turns":5.0},{"damage":8.0,"enemies":"3 Cultists","floor":31.0,"turns":3.0},{"damage":66,"enemies":"Collector","floor":33,"turns":5}],"seed_played":"-1053619162760200467","potions_obtained":[{"floor":1.0,"key":"FearPotion"},{"floor":4.0,"key":"SkillPotion"},{"floor":7.0,"key":"GamblersBrew"},{"floor":8.0,"key":"SkillPotion"},{"floor":14.0,"key":"Explosive Potion"},{"floor":18.0,"key":"Ancient Potion"},{"floor":23.0,"key":"Fire Potion"},{"floor":25.0,"key":"AttackPotion"},{"floor":27.0,"key":"Poison Potion"},{"floor":28.0,"key":"LiquidBronze"},{"floor":29.0,"key":"FearPotion"},{"floor":31.0,"key":"Dexterity Potion"}],"is_trial":false,"path_per_floor":["M","?","M","M","?","R","E","M","T","R","M","$","M","M","R","B",null,"M","?","T","$","?","E","R","M","T","M","M","M","?","M","R","B"],"character_chosen":"THE_SILENT","items_purchased":["TwistedFunnel"],"campfire_rested":2,"item_purchase_floors":[12],"current_hp_per_floor":[70,70,70,70,70,70,57,57,57,57,57,57,57,57,57,32,70,52,52,52,52,36,19,40,40,40,30,27,24,24,16,37,0],"gold":313,"neow_bonus":"THREE_ENEMY_KILL","is_prod":false,"is_daily":false,"chose_seed":false,"campfire_upgraded":3,"win_rate":0,"timestamp":1559589289,"path_taken":["M","?","?","M","?","R","E","M","T","R","M","$","?","M","R","BOSS","M","?","?","$","?","E","R","M","T","M","M","M","?","?","R","BOSS"],"build_version":"2019-01-23","purchased_purges":1,"victory":false,"max_hp_per_floor":[70,70,70,70,70,70,70,70,70,70,70,70,70,70,70,70,70,70,70,70,70,70,70,70,70,70,70,70,70,70,70,70,70],"card_choices":[{"not_picked":["Dash","Quick Slash"],"picked":"Blade Dance","floor":1.0},{"not_picked":["Eviscerate","Underhanded Strike"],"picked":"Dagger Throw","floor":3.0},{"not_picked":["Wraith Form v2","Flying Knee"],"picked":"Finisher","floor":4.0},{"not_picked":["Backflip","Deflect"],"picked":"Leg Sweep","floor":7.0},{"not_picked":["PiercingWail+1","Leg Sweep+1"],"picked":"Escape Plan+1","floor":8.0},{"not_picked":["Poisoned Stab","Dagger Throw"],"picked":"Catalyst+1","floor":11.0},{"not_picked":["Endless Agony","Expertise+1"],"picked":"Deflect+1","floor":13.0},{"not_picked":["Predator","Calculated Gamble+1"],"picked":"Escape Plan+1","floor":14.0},{"not_picked":["Phantasmal Killer+1","Venomology+1"],"picked":"Glass Knife","floor":16.0},{"not_picked":["Acrobatics+1","Quick Slash+1"],"picked":"Crippling Poison+1","floor":18.0},{"not_picked":["Dagger Spray+1","Catalyst+1"],"picked":"Blur+1","floor":23.0},{"not_picked":["Heel Hook","Finisher"],"picked":"Footwork","floor":25.0},{"not_picked":["Sucker Punch","Backflip+1"],"picked":"Infinite Blades","floor":27.0},{"not_picked":["Quick Slash+1","Acrobatics+1"],"picked":"Prepared+1","floor":28.0},{"not_picked":["Dagger Throw","All Out Attack"],"picked":"Footwork","floor":29.0},{"not_picked":["Prepared+1","Setup+1"],"picked":"Bane","floor":31.0}],"player_experience":294009,"relics_obtained":[{"floor":2.0,"key":"Sundial"},{"floor":7.0,"key":"Toxic Egg 2"},{"floor":9.0,"key":"PreservedInsect"},{"floor":20.0,"key":"Ninja Scroll"},{"floor":22.0,"key":"Necronomicon"},{"floor":23.0,"key":"Bronze Scales"},{"floor":26.0,"key":"MawBank"}],"event_choices":[{"damage_healed":0.0,"max_hp_gain":0.0,"max_hp_loss":0.0,"gold_gain":0.0,"event_name":"Wheel of Change","player_choice":"Relic","floor":2.0,"gold_loss":0.0,"damage_taken":0.0},{"damage_healed":0.0,"max_hp_gain":0.0,"max_hp_loss":0.0,"gold_gain":0.0,"event_name":"WeMeetAgain","player_choice":"Gave Potion","floor":5.0,"gold_loss":0.0,"damage_taken":0.0,"relics_obtained":["Tiny Chest"]},{"damage_healed":0.0,"max_hp_gain":0.0,"max_hp_loss":0.0,"gold_gain":0.0,"event_name":"Addict","player_choice":"Obtained Relic","floor":19.0,"gold_loss":85.0,"damage_taken":0.0,"relics_obtained":["Boot"]},{"damage_healed":0.0,"max_hp_gain":0.0,"max_hp_loss":0.0,"gold_gain":0.0,"event_name":"Cursed Tome","player_choice":"Obtained Book","floor":22.0,"gold_loss":0.0,"damage_taken":16.0},{"cards_removed":["Escape Plan"],"damage_healed":0.0,"max_hp_gain":0.0,"max_hp_loss":0.0,"gold_gain":0.0,"event_name":"NoteForYourself","player_choice":"Took Card","floor":30.0,"gold_loss":0.0,"damage_taken":0.0,"cards_obtained":["True Grit"]}],"is_beta":false,"boss_relics":[{"not_picked":["HoveringKite","Coffee Dripper"],"picked":"White Beast Statue"}],"items_purged_floors":[12],"is_endless":false,"potions_floor_spawned":[1,4,7,8,14,18,23,25,27,28,29,31],"killed_by":"Collector","ascension_level":0}