{"gold_per_floor":[115,115,131,149,224,250,250,260,260,225,225,0,0,13,13,138,138,152,177,87,105,26,26,26,44,44,64,64],"floor_reached":28,"playtime":1858,"items_purged":[],"score":220,"play_id":"a1a5a7eb-b870-4dea-9242-b3844670b16a","local_time":"20190124230230","is_ascension_mode":false,"campfire_choices":[{"floor":13,"key":"REST"},{"data":"Crippling Poison","floor":15,"key":"SMITH"},{"data":"Caltrops","floor":23,"key":"SMITH"}],"neow_cost":"NONE","seed_source_timestamp":211479023653717,"circlet_count":0,"master_deck":["Defend_G","Defend_G","Defend_G","Defend_G","Defend_G","Strike_G","Strike_G","Strike_G","Strike_G","Survivor","Neutralize+1","Caltrops+1","Cloak And Dagger","Poisoned Stab","Well Laid Plans","Dodge and Roll","Footwork+1","Crippling Poison+1","A Thousand Cuts+1","Deadly Poison","Backflip","Flying Knee+1","Corpse Explosion","Good Instincts","Blur","Dagger Spray+1"],"relics":["Ring of the Snake","NeowsBlessing","Snake Skull","Tingsha","Frozen Egg 2","Golden Idol","Omamori","Cursed Key","Molten Egg 2"],"potions_floor_usage":[6,6,16,19,27,28,28,28],"damage_taken":[{"damage":0,"enemies":"2 Louse","floor":1,"turns":1},{"damage":0,"enemies":"Small Slimes","floor":3,"turns":1},{"damage":0,"enemies":"Cultist","floor":4,"turns":1},{"damage":26,"enemies":"Gremlin Nob","floor":6,"turns":5},{"damage":2,"enemies":"Red Slaver","floor":8,"turns":3},{"damage":6,"enemies":"3 Louse","floor":14,"turns":4},{"damage":19,"enemies":"The Guardian","floor":16,"turns":11},{"damage":7,"enemies":"Shell Parasite","floor":18,"turns":5},{"damage":10,"enemies":"3 Byrds","floor":19,"turns":2},{"damage":0,"enemies":"Snecko","floor":21,"turns":5},{"damage":13,"enemies":"Cultist and Chosen","floor":25,"turns":4},{"damage":8,"enemies":"Sentry and Sphere","floor":27,"turns":5},{"damage":19,"enemies":"Gremlin Leader","floor":28,"turns":4}],"seed_played":"3900161640124453592","potions_obtained":[{"floor":1,"key":"EntropicBrew"},{"floor":4,"key":"PowerPotion"},{"floor":18,"key":"GamblersBrew"},{"floor":19,"key":"SteroidPotion"},{"floor":27,"key":"SkillPotion"}],"is_trial":false,"path_per_floor":["M","?","M","M","?","E","?","M","T","?","?","$","R","M","R","B",null,"M","M","?","M","$","R","?","M","T","M","E"],"character_chosen":"THE_SILENT","items_purchased":["Omamori","Footwork+1","Corpse Explosion"],"campfire_rested":1,"item_purchase_floors":[12,12,22],"current_hp_per_floor":[70,67,67,67,56,30,30,28,28,45,28,28,49,43,43,24,70,63,53,53,53,53,53,39,26,26,18,0],"gold":64,"neow_bonus":"THREE_ENEMY_KILL","is_prod":false,"is_daily":false,"chose_seed":false,"campfire_upgraded":2,"win_rate":0,"timestamp":1548367350,"path_taken":["M","?","M","M","?","E","?","M","T","?","?","?","R","M","R","BOSS","M","M","?","?","?","R","?","?","T","M","E"],"build_version":"2019-01-23","purchased_purges":0,"victory":false,"max_hp_per_floor":[70,70,70,70,70,70,70,70,70,70,70,70,70,70,70,70,70,70,70,70,70,70,70,70,70,70,70,70],"card_choices":[{"not_picked":["Bane","Underhanded Strike"],"picked":"Caltrops","floor":1},{"not_picked":["Flechettes","Blade Dance"],"picked":"Cloak And Dagger","floor":3},{"not_picked":["Well Laid Plans","Backflip"],"picked":"Poisoned Stab","floor":4},{"not_picked":["Finisher","Endless Agony"],"picked":"Well Laid Plans","floor":6},{"not_picked":["Quick Slash","Choke"],"picked":"Dodge and Roll","floor":8},{"not_picked":["Night Terror","Finisher"],"picked":"Crippling Poison","floor":14},{"not_picked":["Burst","Die Die Die"],"picked":"A Thousand Cuts+1","floor":16},{"not_picked":["Heel Hook","Predator"],"picked":"Deadly Poison","floor":18},{"not_picked":["Dodge and Roll","Tactician"],"picked":"Backflip","floor":19},{"not_picked":["Backflip","Acrobatics"],"picked":"Flying Knee+1","floor":21},{"not_picked":["Accuracy+1","Eviscerate"],"picked":"Blur","floor":25},{"not_picked":["Quick Slash+1","Blade Dance"],"picked":"Dagger Spray+1","floor":27}],"player_experience":180188,"relics_obtained":[{"floor":6,"key":"Tingsha"},{"floor":9,"key":"Frozen Egg 2"},{"floor":26,"key":"Molten Egg 2"}],"event_choices":[{"damage_healed":0,"gold_gain":0,"player_choice":"Success","damage_taken":3,"relics_obtained":["Snake Skull"],"max_hp_gain":0,"max_hp_loss":0,"event_name":"Scrap Ooze","floor":2,"gold_loss":0},{"damage_healed":0,"gold_gain":75,"player_choice":"Gather Gold","damage_taken":11,"max_hp_gain":0,"max_hp_loss":0,"event_name":"World of Goop","floor":5,"gold_loss":0},{"damage_healed":0,"gold_gain":0,"player_choice":"Ignored","damage_taken":0,"max_hp_gain":0,"max_hp_loss":0,"event_name":"Golden Wing","floor":7,"gold_loss":0},{"damage_healed":17,"gold_gain":0,"player_choice":"Healed","damage_taken":0,"max_hp_gain":0,"max_hp_loss":0,"event_name":"The Cleric","floor":10,"gold_loss":35},{"damage_healed":0,"gold_gain":0,"player_choice":"Take Damage","damage_taken":17,"relics_obtained":["Golden Idol"],"max_hp_gain":0,"max_hp_loss":0,"event_name":"Golden Idol","floor":11,"gold_loss":0},{"cards_removed":["Strike_G"],"damage_healed":0,"gold_gain":0,"player_choice":"Upgrade and Remove","damage_taken":0,"max_hp_gain":0,"max_hp_loss":0,"event_name":"Designer","floor":20,"gold_loss":90,"cards_upgraded":["Neutralize"]},{"damage_healed":0,"gold_gain":0,"player_choice":"CARD ","damage_taken":14,"max_hp_gain":0,"max_hp_loss":0,"event_name":"Knowing Skull","floor":24,"potions_obtained":[],"gold_loss":0,"cards_obtained":["Good Instincts"]}],"is_beta":false,"boss_relics":[{"not_picked":["Velvet Choker","Eternal Feather"],"picked":"Cursed Key"}],"items_purged_floors":[],"is_endless":false,"potions_floor_spawned":[1,4,8,18,19,27],"killed_by":"Gremlin Leader","ascension_level":0}