{"gold_per_floor":[115,127,127,127,30,73,73,94,94,167,200,17,17,32,32,151,151,167,191,106,122,122,122],"floor_reached":23,"playtime":605,"items_purged":[],"score":199,"play_id":"58faaba5-1cda-424a-ba51-98328ae6f822","local_time":"20190126192111","is_ascension_mode":false,"campfire_choices":[{"data":"Berserk","floor":7,"key":"SMITH"},{"data":"Apotheosis","floor":15,"key":"SMITH"}],"neow_cost":"NONE","seed_source_timestamp":114839829463803,"circlet_count":0,"master_deck":["Strike_R+1","Strike_R","Strike_R","Strike_R","Strike_R","Defend_R","Defend_R+1","Defend_R+1","Defend_R","Bash","Heavy Blade+1","Berserk+1","Injury","Inflame","Cleave","Flex","Cleave","Shrug It Off","Rage","Apotheosis+1","Inflame","Limit Break","Inflame","Metallicize"],"relics":["Burning Blood","Red Skull","Golden Idol","Bottled Flame","Happy Flower","War Paint","Pear","Black Star","Gambling Chip","GremlinMask"],"potions_floor_usage":[6,16,16,18,21],"damage_taken":[{"damage":0,"enemies":"2 Louse","floor":1,"turns":3},{"damage":3,"enemies":"Jaw Worm","floor":2,"turns":4},{"damage":17,"enemies":"Gremlin Nob","floor":6,"turns":3},{"damage":2,"enemies":"Small Slimes","floor":8,"turns":2},{"damage":38,"enemies":"3 Sentries","floor":10,"turns":5},{"damage":13,"enemies":"Lagavulin","floor":11,"turns":5},{"damage":0,"enemies":"Exordium Wildlife","floor":14,"turns":3},{"damage":11,"enemies":"Hexaghost","floor":16,"turns":5},{"damage":10,"enemies":"Chosen","floor":18,"turns":4},{"damage":16,"enemies":"Shell Parasite","floor":19,"turns":4},{"damage":22,"enemies":"Snecko","floor":21,"turns":3},{"damage":77,"enemies":"Gremlin Leader","floor":23,"turns":6}],"seed_played":"-8846904921525967278","potions_obtained":[{"floor":2,"key":"Fire Potion"},{"floor":6,"key":"SpeedPotion"},{"floor":11,"key":"Swift Potion"},{"floor":16,"key":"AttackPotion"},{"floor":19,"key":"GamblersBrew"}],"is_trial":false,"path_per_floor":["M","M","?","?","$","E","R","M","T","?","E","$","T","M","R","B",null,"M","M","?","M","?","E"],"character_chosen":"IRONCLAD","items_purchased":["Inflame","Cleave","Apotheosis"],"campfire_rested":0,"item_purchase_floors":[5,5,12],"current_hp_per_floor":[80,80,64,64,64,53,53,57,57,25,18,18,28,34,34,29,90,86,76,76,60,60,0],"gold":122,"neow_bonus":"RANDOM_COMMON_RELIC","is_prod":false,"is_daily":false,"chose_seed":false,"campfire_upgraded":2,"win_rate":0,"timestamp":1548526871,"path_taken":["M","M","?","?","$","E","R","M","T","?","E","$","?","M","R","BOSS","M","M","?","M","?","E"],"build_version":"2019-01-23","purchased_purges":0,"victory":false,"max_hp_per_floor":[80,80,80,80,80,80,80,80,80,80,80,80,90,90,90,90,90,90,90,90,90,90,90],"card_choices":[{"not_picked":["True Grit","Thunderclap"],"picked":"Heavy Blade","floor":1},{"not_picked":["Spot Weakness","Ghostly Armor"],"picked":"Berserk","floor":2},{"not_picked":["Sword Boomerang","Heavy Blade"],"picked":"Flex","floor":6},{"not_picked":["Bloodletting","Havoc"],"picked":"Cleave","floor":8},{"not_picked":["Pommel Strike","Carnage"],"picked":"Shrug It Off","floor":10},{"not_picked":["Anger","Cleave"],"picked":"Rage","floor":11},{"not_picked":["Headbutt","Sword Boomerang"],"picked":"Inflame","floor":14},{"not_picked":["Dark Embrace","Barricade"],"picked":"Limit Break","floor":16},{"not_picked":["Cleave","Wild Strike+1"],"picked":"Inflame","floor":18},{"not_picked":["Searing Blow","Body Slam","Feel No Pain"],"picked":"SKIP","floor":19},{"not_picked":["Anger+1","Perfected Strike"],"picked":"Metallicize","floor":21}],"player_experience":197465,"relics_obtained":[{"floor":6,"key":"Bottled Flame"},{"floor":10,"key":"Happy Flower"},{"floor":11,"key":"War Paint"},{"floor":13,"key":"Pear"}],"event_choices":[{"damage_healed":0,"gold_gain":0,"player_choice":"Entered Light","damage_taken":16,"max_hp_gain":0,"max_hp_loss":0,"event_name":"Shining Light","floor":3,"gold_loss":0,"cards_upgraded":["Strike_R","Heavy Blade"]},{"damage_healed":0,"gold_gain":0,"player_choice":"Take Wound","damage_taken":0,"relics_obtained":["Golden Idol"],"max_hp_gain":0,"max_hp_loss":0,"event_name":"Golden Idol","floor":4,"gold_loss":0,"cards_obtained":["Injury"]},{"damage_healed":0,"gold_gain":30,"player_choice":"Searched \u00272\u0027 times","damage_taken":0,"max_hp_gain":0,"max_hp_loss":0,"event_name":"Dead Adventurer","floor":10,"gold_loss":0},{"damage_healed":0,"gold_gain":0,"player_choice":"Obtained Relic","damage_taken":0,"relics_obtained":["Gambling Chip"],"max_hp_gain":0,"max_hp_loss":0,"event_name":"Addict","floor":20,"gold_loss":85},{"damage_healed":0,"gold_gain":0,"player_choice":"Trade","damage_taken":0,"relics_obtained":["GremlinMask"],"max_hp_gain":0,"max_hp_loss":0,"event_name":"FaceTrader","floor":22,"gold_loss":0}],"is_beta":false,"boss_relics":[{"not_picked":["Cursed Key","Tiny House"],"picked":"Black Star"}],"items_purged_floors":[],"is_endless":false,"potions_floor_spawned":[2,6,11,16,19],"killed_by":"Gremlin Leader","ascension_level":0}