{"gold_per_floor":[111,211,231,249,267,296,296,324,376,401,401,401,411,421,421,421],"floor_reached":16,"playtime":403,"items_purged":[],"score":122,"play_id":"f59d3039-823c-4f94-9fa2-ab97502be2aa","local_time":"20190327215845","is_ascension_mode":false,"campfire_choices":[{"data":"Immolate","floor":7,"key":"SMITH"},{"data":"Flame Barrier","floor":11,"key":"SMITH"},{"data":"Entrench","floor":15,"key":"SMITH"}],"neow_cost":"TEN_PERCENT_HP_LOSS","seed_source_timestamp":521228641233372,"circlet_count":0,"master_deck":["Strike_R","Strike_R+1","Strike_R","Strike_R+1","Strike_R","Defend_R","Defend_R","Defend_R","Bash","Immolate+1","Pommel Strike","Flame Barrier+1","Shrug It Off","Warcry","Entrench+1","Inflame","Body Slam","Intimidate"],"relics":["Burning Blood","Bird Faced Urn","Dodecahedron","Smiling Mask","Whetstone"],"potions_floor_usage":[10,10,16],"damage_taken":[{"damage":0,"enemies":"Small Slimes","floor":1,"turns":3},{"damage":1,"enemies":"Cultist","floor":3,"turns":3},{"damage":4,"enemies":"2 Louse","floor":4,"turns":2},{"damage":16,"enemies":"Large Slime","floor":5,"turns":5},{"damage":36,"enemies":"Lagavulin","floor":6,"turns":5},{"damage":10,"enemies":"3 Sentries","floor":8,"turns":4},{"damage":16,"enemies":"Gremlin Nob","floor":10,"turns":3},{"damage":2,"enemies":"2 Fungi Beasts","floor":13,"turns":3},{"damage":0,"enemies":"Blue Slaver","floor":14,"turns":3},{"damage":27,"enemies":"The Guardian","floor":16,"turns":6}],"seed_played":"-3995192101327555453","potions_obtained":[{"floor":1,"key":"SteroidPotion"},{"floor":8,"key":"AttackPotion"},{"floor":10,"key":"Explosive Potion"},{"floor":14,"key":"GamblersBrew"}],"is_trial":false,"path_per_floor":["M","?","M","M","M","E","R","E","T","E","R","?","M","M","R","B"],"character_chosen":"IRONCLAD","items_purchased":[],"campfire_rested":0,"item_purchase_floors":[],"current_hp_per_floor":[72,72,72,72,62,32,32,28,28,18,18,11,15,21,21,0],"gold":421,"neow_bonus":"THREE_RARE_CARDS","is_prod":false,"is_daily":false,"chose_seed":false,"campfire_upgraded":3,"win_rate":0,"timestamp":1553691525,"path_taken":["M","?","M","?","M","E","R","E","T","E","R","?","M","M","R","BOSS"],"build_version":"2019-01-23","purchased_purges":0,"victory":false,"max_hp_per_floor":[72,72,72,72,72,72,72,72,72,72,72,72,72,72,72,72],"card_choices":[{"not_picked":["Barricade","Dark Embrace"],"picked":"Immolate","floor":0},{"not_picked":["Feel No Pain","Havoc"],"picked":"Pommel Strike","floor":1},{"not_picked":["Flex","Wild Strike"],"picked":"Flame Barrier","floor":3},{"not_picked":["Reckless Charge","Armaments","Pommel Strike"],"picked":"SKIP","floor":4},{"not_picked":["Havoc","Ghostly Armor"],"picked":"Shrug It Off","floor":5},{"not_picked":["Reckless Charge","Reaper"],"picked":"Warcry","floor":6},{"not_picked":["Hemokinesis","Sword Boomerang"],"picked":"Entrench","floor":8},{"not_picked":["Carnage","Reckless Charge"],"picked":"Inflame","floor":10},{"not_picked":["Combust","True Grit"],"picked":"Body Slam","floor":13},{"not_picked":["Pommel Strike","Heavy Blade"],"picked":"Intimidate","floor":14}],"player_experience":369239,"relics_obtained":[{"floor":6,"key":"Bird Faced Urn"},{"floor":8,"key":"Dodecahedron"},{"floor":9,"key":"Smiling Mask"},{"floor":10,"key":"Whetstone"}],"event_choices":[{"damage_healed":0,"gold_gain":100,"player_choice":"Pray","damage_taken":0,"max_hp_gain":0,"max_hp_loss":0,"event_name":"Golden Shrine","floor":2,"gold_loss":0},{"cards_removed":["Defend_R"],"damage_healed":0,"gold_gain":0,"player_choice":"Card Removal","damage_taken":7,"max_hp_gain":0,"max_hp_loss":0,"event_name":"Golden Wing","floor":12,"gold_loss":0}],"is_beta":false,"boss_relics":[],"items_purged_floors":[],"is_endless":false,"potions_floor_spawned":[1,8,10,14],"killed_by":"The Guardian","ascension_level":0}