{"gold_per_floor":[110,110,110,120,120,120,149,159,159,172,58,117,136,147,147,223,223,242,242,242,63,78,78,109,109,109,143,14,46,46,64,64,140,140,154,46,73,73,85,85,118,118,118,0,14,414,440,453,453,453,453,453,6,38,38],"floor_reached":55,"playtime":7415,"items_purged":["Pain","Strike_B"],"score":1357,"play_id":"ff71f4e2-e292-473d-a714-a029b6f1e035","local_time":"20190528121442","is_ascension_mode":true,"campfire_choices":[{"floor":6,"key":"REST"},{"floor":15,"key":"REST"},{"data":"Sunder","floor":23,"key":"SMITH"},{"data":"Sunder","floor":25,"key":"SMITH"},{"floor":30,"key":"REST"},{"data":"Glacier","floor":32,"key":"SMITH"},{"data":"Doom and Gloom","floor":40,"key":"SMITH"},{"data":"Fission","floor":42,"key":"SMITH"},{"floor":49,"key":"RECALL"},{"floor":52,"key":"REST"}],"neow_cost":"TEN_PERCENT_HP_LOSS","seed_source_timestamp":245534962162292,"circlet_count":0,"master_deck":["AscendersBane","Defend_B","Defend_B","Defend_B","Defend_B","Zap","Dualcast","Ball Lightning","Conserve Battery","Fission+1","Gash","BootSequence","BootSequence","Melter","Cold Snap","All For One","Sunder+1","Sunder+1","Glacier+1","Doom and Gloom+1","Creative AI","Machine Learning","Self Repair+1","Mind Blast","Creative AI","Parasite","All For One","Fusion"],"relics":["Cracked Core","WarpedTongs","Lantern","Regal Pillow","Mercury Hourglass","Potion Belt","Snecko Eye","Art of War","Prayer Wheel","Pantograph","Pen Nib","Nuclear Battery","Vajra","FaceOfCleric","Happy Flower","PreservedInsect","Red Mask","Old Coin","DataDisk","Torii"],"potions_floor_usage":[12,14,14,24,27,27,29,33,33,41,50,55,55],"damage_taken":[{"damage":3,"enemies":"2 Louse","floor":1,"turns":2},{"damage":9,"enemies":"Small Slimes","floor":4,"turns":3},{"damage":17,"enemies":"Lagavulin","floor":7,"turns":7},{"damage":3,"enemies":"Cultist","floor":8,"turns":3},{"damage":11,"enemies":"Blue Slaver","floor":10,"turns":4},{"damage":23,"enemies":"Lagavulin Event","floor":12,"turns":5},{"damage":3,"enemies":"Exordium Wildlife","floor":13,"turns":3},{"damage":0,"enemies":"Red Slaver","floor":14,"turns":3},{"damage":21,"enemies":"Slime Boss","floor":16,"turns":10},{"damage":14,"enemies":"Chosen","floor":18,"turns":4},{"damage":0,"enemies":"Spheric Guardian","floor":22,"turns":2},{"damage":13,"enemies":"Gremlin Leader","floor":24,"turns":4},{"damage":3,"enemies":"Book of Stabbing","floor":27,"turns":4},{"damage":5,"enemies":"Slavers","floor":29,"turns":4},{"damage":0,"enemies":"Chosen and Byrds","floor":31,"turns":3},{"damage":40,"enemies":"Collector","floor":33,"turns":11},{"damage":19,"enemies":"3 Shapes","floor":35,"turns":6},{"damage":0,"enemies":"Orb Walker","floor":39,"turns":2},{"damage":8,"enemies":"Nemesis","floor":41,"turns":4},{"damage":24,"enemies":"Maw","floor":45,"turns":6},{"damage":8,"enemies":"Mind Bloom Boss Battle","floor":46,"turns":4},{"damage":0,"enemies":"Writhing Mass","floor":48,"turns":3},{"damage":63,"enemies":"Time Eater","floor":50,"turns":13},{"damage":10,"enemies":"Shield and Spear","floor":54,"turns":3},{"damage":71,"enemies":"The Heart","floor":55,"turns":6}],"seed_played":"2275722124961508149","potions_obtained":[{"floor":4,"key":"FairyPotion"},{"floor":10,"key":"Poison Potion"},{"floor":12,"key":"Block Potion"},{"floor":13,"key":"PowerPotion"},{"floor":18,"key":"Dexterity Potion"},{"floor":20,"key":"SneckoOil"},{"floor":20,"key":"PowerPotion"},{"floor":24,"key":"PowerPotion"},{"floor":29,"key":"Explosive Potion"},{"floor":35,"key":"Regen Potion"},{"floor":45,"key":"GamblersBrew"}],"is_trial":false,"path_per_floor":["M","?","?","M","?","R","E","M","T","M","$","?","M","M","R","B",null,"M","?","?","$","M","R","E","R","T","E","$","E","R","M","R","B",null,"M","$","T","?","M","R","E","R","T","?","M","?","T","M","R","B",null,"R","$","E","B"],"character_chosen":"DEFECT","items_purchased":["BootSequence","Sunder","Block Potion","Doom and Gloom","Mind Blast","DataDisk","All For One","PowerPotion","FearPotion"],"campfire_rested":4,"item_purchase_floors":[11,21,28,28,36,53,53,53,53],"current_hp_per_floor":[61,61,61,52,34,53,36,33,33,22,22,6,3,3,37,16,52,38,51,51,51,51,51,38,38,38,35,35,30,64,64,64,24,54,35,35,35,35,36,36,51,51,51,51,38,66,66,69,69,17,57,70,70,61,0],"gold":38,"neow_bonus":"REMOVE_TWO","is_prod":false,"is_daily":false,"chose_seed":false,"campfire_upgraded":5,"win_rate":0,"timestamp":1559070882,"path_taken":["M","?","?","?","?","R","E","M","T","M","$","?","M","M","R","BOSS","M","?","?","$","?","R","E","R","T","E","$","E","R","M","R","BOSS","M","$","?","?","?","R","E","R","T","?","M","?","?","M","R","BOSS","R","$","E","BOSS"],"build_version":"2019-01-23","purchased_purges":2,"victory":false,"max_hp_per_floor":[64,64,64,64,64,64,64,64,64,64,64,64,64,64,64,64,64,64,64,64,64,64,64,64,64,64,64,64,64,64,64,64,64,64,64,64,64,64,65,65,66,66,66,66,67,68,68,69,69,70,70,70,70,71,71],"card_choices":[{"not_picked":["Conserve Battery","Stack"],"picked":"Ball Lightning","floor":1},{"not_picked":["Rebound","Turbo"],"picked":"Conserve Battery","floor":4},{"not_picked":["Darkness","Chill"],"picked":"Fission","floor":7},{"not_picked":["Force Field","Aggregate"],"picked":"Gash","floor":8},{"not_picked":["Capacitor","White Noise","Aggregate"],"picked":"SKIP","floor":10},{"not_picked":["White Noise","Coolheaded"],"picked":"BootSequence","floor":12},{"not_picked":["Steam","Streamline"],"picked":"Melter","floor":13},{"not_picked":["Storm","Skim"],"picked":"Cold Snap","floor":14},{"not_picked":["Biased Cognition","Creative AI"],"picked":"All For One","floor":16},{"not_picked":["Conserve Battery","Barrage"],"picked":"Sunder","floor":18},{"not_picked":["Heatsinks","Streamline"],"picked":"Glacier","floor":22},{"not_picked":["Aggregate","Barrage+1","Double Energy"],"picked":"SKIP","floor":24},{"not_picked":["Reprogram","Tempest","Stack"],"picked":"SKIP","floor":27},{"not_picked":["Go for the Eyes+1","Gash","Steam"],"picked":"SKIP","floor":29},{"not_picked":["Sweeping Beam","Streamline"],"picked":"Creative AI","floor":31},{"not_picked":["Barrage","Turbo","Gash+1"],"picked":"SKIP","floor":31},{"not_picked":["Biased Cognition","Seek"],"picked":"Machine Learning","floor":33},{"not_picked":["Loop","Rip and Tear"],"picked":"Self Repair+1","floor":35},{"not_picked":["Chill","Heatsinks","Stack"],"picked":"SKIP","floor":35},{"not_picked":["Capacitor","Beam Cell+1","Tempest+1"],"picked":"SKIP","floor":39},{"not_picked":["Stack","Streamline","Redo+1"],"picked":"SKIP","floor":39},{"not_picked":["Capacitor","Beam Cell+1","Tempest+1"],"picked":"SKIP","floor":39},{"not_picked":["Stack","Streamline","Redo+1"],"picked":"SKIP","floor":39},{"not_picked":["Steam+1","Leap","Gash"],"picked":"SKIP","floor":41},{"not_picked":["Hologram","Tempest"],"picked":"Creative AI","floor":45},{"not_picked":["Streamline","Self Repair","Compile Driver"],"picked":"SKIP","floor":45},{"not_picked":["Gash","Redo","Storm"],"picked":"SKIP","floor":48},{"not_picked":["FTL","Steam+1","Scrape"],"picked":"SKIP","floor":48},{"not_picked":["Coolheaded+1","Darkness"],"picked":"Fusion","floor":54}],"player_experience":784322,"relics_obtained":[{"floor":7,"key":"Regal Pillow"},{"floor":9,"key":"Mercury Hourglass"},{"floor":12,"key":"Potion Belt"},{"floor":24,"key":"Art of War"},{"floor":26,"key":"Prayer Wheel"},{"floor":27,"key":"Pantograph"},{"floor":29,"key":"Pen Nib"},{"floor":37,"key":"Vajra"},{"floor":41,"key":"Happy Flower"},{"floor":43,"key":"PreservedInsect"},{"floor":46,"key":"Old Coin"},{"floor":54,"key":"Torii"}],"event_choices":[{"cards_removed":["Strike_B"],"damage_healed":0,"gold_gain":0,"player_choice":"Forget","damage_taken":0,"max_hp_gain":0,"max_hp_loss":0,"event_name":"Living Wall","floor":2,"gold_loss":0},{"damage_healed":0,"gold_gain":0,"player_choice":"Rummage","damage_taken":0,"relics_obtained":["WarpedTongs"],"max_hp_gain":0,"max_hp_loss":0,"event_name":"Accursed Blacksmith","floor":3,"gold_loss":0,"cards_obtained":["Pain"]},{"damage_healed":0,"gold_gain":0,"player_choice":"Success","damage_taken":18,"relics_obtained":["Lantern"],"max_hp_gain":0,"max_hp_loss":0,"event_name":"Scrap Ooze","floor":5,"gold_loss":0},{"damage_healed":0,"gold_gain":0,"player_choice":"Searched \u00271\u0027 times","damage_taken":0,"max_hp_gain":0,"max_hp_loss":0,"event_name":"Dead Adventurer","floor":12,"gold_loss":0},{"damage_healed":13,"gold_gain":0,"player_choice":"Heal","damage_taken":0,"max_hp_gain":0,"max_hp_loss":0,"event_name":"The Library","floor":19,"gold_loss":0},{"damage_healed":0,"gold_gain":0,"player_choice":"Got Potions","damage_taken":0,"max_hp_gain":0,"max_hp_loss":0,"event_name":"Lab","floor":20,"gold_loss":0},{"damage_healed":0,"gold_gain":0,"player_choice":"Trade","damage_taken":0,"relics_obtained":["FaceOfCleric"],"max_hp_gain":0,"max_hp_loss":0,"event_name":"FaceTrader","floor":38,"gold_loss":0},{"damage_healed":0,"gold_gain":0,"player_choice":"Paid","damage_taken":0,"relics_obtained":["Red Mask"],"max_hp_gain":0,"max_hp_loss":0,"event_name":"Tomb of Lord Red Mask","floor":44,"gold_loss":118},{"damage_healed":0,"gold_gain":0,"player_choice":"Fight","damage_taken":0,"max_hp_gain":0,"max_hp_loss":0,"event_name":"MindBloom","floor":46,"gold_loss":0}],"is_beta":false,"boss_relics":[{"not_picked":["Runic Dome","FrozenCore"],"picked":"Snecko Eye"},{"not_picked":["Eternal Feather","Inserter"],"picked":"Nuclear Battery"}],"items_purged_floors":[11,21],"is_endless":false,"potions_floor_spawned":[4,10,12,13,18,24,29,35,45],"killed_by":"The Heart","ascension_level":18}