{"path_per_floor":["M","?","M","?","M","R","$","R","T","M","E","M","E","M","R","B",null,"M","$","M","?","?"],"character_chosen":"IRONCLAD","items_purchased":["Inflame","Armaments","Whetstone"],"gold_per_floor":[17,17,31,281,292,292,149,149,230,243,273,293,327,343,343,438,438,450,162,177,92,92,92],"floor_reached":23,"campfire_rested":1,"playtime":966,"item_purchase_floors":[7,19,19],"current_hp_per_floor":[96,96,96,96,96,96,96,96,96,93,83,89,76,73,96,57,96,75,75,61,61,45,0],"items_purged":["Normality","Regret"],"gold":92,"score":226,"play_id":"41fc4c9a-8f7f-4c4f-a50e-2903a28bb5a1","local_time":"20180622211501","is_prod":false,"is_daily":false,"chose_seed":false,"is_ascension_mode":false,"campfire_upgraded":2,"win_rate":0.0,"timestamp":1529694901,"campfire_choices":[{"data":"Barricade","floor":6,"key":"SMITH"},{"data":"Whirlwind","floor":8,"key":"SMITH"},{"floor":15,"key":"REST"}],"path_taken":["M","?","M","?","M","R","$","R","T","M","E","M","E","M","R","BOSS","M","$","M","?","?","E"],"build_version":"2018-06-21","seed_source_timestamp":30043434981501,"purchased_purges":2,"circlet_count":0,"victory":false,"master_deck":["Strike_R","Strike_R","Strike_R+1","Strike_R+1","Strike_R","Defend_R","Defend_R","Defend_R","Defend_R","Bash","Spot Weakness","Whirlwind+1","Barricade+1","Inflame","Whirlwind","Iron Wave","Shrug It Off","Metallicize","Offering","Headbutt+1","Armaments","Heavy Blade"],"max_hp_per_floor":[96,96,96,96,96,96,96,96,96,96,96,96,96,96,96,96,96,96,96,96,96,96,96],"special_seed":17704,"relics":["Burning Blood","Paper Frog","Self Forming Clay","Toolbox","Meat on the Bone","Mark of Pain","Whetstone","Happy Flower","Enchiridion"],"card_choices":[{"not_picked":["Sever Soul","Armaments"],"picked":"Spot Weakness","floor":1},{"not_picked":["Warcry","Corruption"],"picked":"Whirlwind","floor":3},{"not_picked":["Twin Strike","Armaments"],"picked":"Barricade","floor":5},{"not_picked":["Pommel Strike","Blood for Blood"],"picked":"Whirlwind","floor":10},{"not_picked":["Intimidate","Anger"],"picked":"Iron Wave","floor":11},{"not_picked":["Iron Wave","Uppercut"],"picked":"Shrug It Off","floor":12},{"not_picked":["Clash","Intimidate"],"picked":"Metallicize","floor":13},{"not_picked":["Feel No Pain","Carnage","Second Wind"],"picked":"SKIP","floor":14},{"not_picked":["Demon Form","Juggernaut"],"picked":"Offering","floor":16},{"not_picked":["Pummel","Battle Trance"],"picked":"Headbutt+1","floor":18},{"not_picked":["Flex","Shrug It Off"],"picked":"Heavy Blade","floor":20}],"player_experience":13222,"potions_floor_usage":[13,16,16,16,20],"damage_taken":[{"damage":0,"enemies":"Small Slimes","floor":1,"turns":3},{"damage":5,"enemies":"Cultist","floor":3,"turns":4},{"damage":0,"enemies":"2 Louse","floor":5,"turns":1},{"damage":9,"enemies":"Looter","floor":10,"turns":3},{"damage":16,"enemies":"3 Sentries","floor":11,"turns":3},{"damage":0,"enemies":"Gremlin Gang","floor":12,"turns":1},{"damage":19,"enemies":"Gremlin Nob","floor":13,"turns":4},{"damage":9,"enemies":"2 Fungi Beasts","floor":14,"turns":3},{"damage":45,"enemies":"Hexaghost","floor":16,"turns":10},{"damage":27,"enemies":"Spheric Guardian","floor":18,"turns":4},{"damage":20,"enemies":"2 Thieves","floor":20,"turns":3},{"damage":48,"enemies":"Book of Stabbing","floor":23,"turns":5}],"relics_obtained":[{"floor":9,"key":"Self Forming Clay"},{"floor":11,"key":"Toolbox"},{"floor":13,"key":"Meat on the Bone"},{"floor":22,"key":"Enchiridion"}],"event_choices":[{"event_name":"Accursed Blacksmith","player_choice":"Rummage","floor":2,"damage_taken":0},{"event_name":"Golden Shrine","player_choice":"Desecrate","floor":4,"damage_taken":0},{"event_name":"Addict","player_choice":"Obtained Relic","floor":21,"damage_taken":0},{"event_name":"Cursed Tome","player_choice":"Obtained Book","floor":22,"damage_taken":0}],"boss_relics":[{"not_picked":["Orrery","Eternal Feather"],"picked":"Mark of Pain"}],"items_purged_floors":[7,19],"is_endless":false,"potions_floor_spawned":[1,5,11,13,14,16,18],"seed_played":"-4546368272349073351","killed_by":"Book of Stabbing","ascension_level":0,"potions_obtained":[{"floor":1,"key":"GamblersBrew"},{"floor":5,"key":"FearPotion"},{"floor":11,"key":"Dexterity Potion"},{"floor":13,"key":"Dexterity Potion"},{"floor":14,"key":"AttackPotion"},{"floor":16,"key":"SteroidPotion"},{"floor":18,"key":"Poison Potion"}],"is_trial":false}