{"gold_per_floor":[110,13,88,103,103,130,130,155,155,183,183,218,249,249,249,347,347,367,401,401,413,488,515,540,553,576,610,227,257,276,306,306,403,403,419,43,43,58,158,183,195,232,244,289,316,328,358,370,382,498,510,538,550,580,25,44,72,72,72,151,33,58,58,58,83,83,183,183],"floor_reached":68,"playtime":3901,"items_purged":[],"score":2061,"play_id":"203141bb-6f7e-4b35-80d7-fb34e91336b1","local_time":"20190319142924","daily_mods":["SealedDeck","Heirloom","DeadlyEvents","Elite Swarm"],"is_ascension_mode":false,"campfire_choices":[{"data":"Corruption","floor":7.0,"key":"SMITH"},{"data":"Barricade","floor":11.0,"key":"SMITH"},{"data":"Flash of Steel","floor":15.0,"key":"SMITH"},{"floor":32,"key":"DIG"},{"floor":41,"key":"DIG"},{"floor":49,"key":"DIG"},{"floor":58,"key":"DIG"},{"floor":59,"key":"DIG"},{"floor":64,"key":"DIG"},{"floor":66,"key":"DIG"}],"neow_cost":"","seed_source_timestamp":487474764969486,"circlet_count":0,"master_deck":["Twin Strike","Cleave+1","Evolve","True Grit","Warcry","Havoc","Power Through","Entrench","Corruption+1","Shrug It Off","Flash of Steel+1","Sentinel","Double Tap","Barricade+1","Offering","Feed+1","Limit Break","Impervious","Ghostly Armor","Exhume","Havoc+1","Flame Barrier","Jack Of All Trades","Exhume","Armaments+1","Juggernaut","Offering+1","Spot Weakness","Apotheosis","Madness","Madness","Metallicize","Pain","Spot Weakness+1","Offering","Inflame+1","Metallicize+1","Limit Break","Offering","Second Wind"],"special_seed":0,"relics":["Burning Blood","FossilizedHelix","Magic Flower","Letter Opener","Dead Branch","Bottled Tornado","Singing Bowl","Bronze Scales","Bag of Marbles","Du-Vu Doll","Coffee Dripper","Red Mask","Self Forming Clay","Champion Belt","Pen Nib","Sundial","Matryoshka","Shovel","WingedGreaves","Happy Flower","Busted Crown","OrangePellets","Ginger","MawBank","The Courier","Whetstone","Pantograph","Meat on the Bone","Prayer Wheel","Dream Catcher","Philosopher\u0027s Stone","WarpedTongs","Incense Burner","Frozen Egg 2","Anchor","War Paint","Bottled Lightning","Vajra","Dodecahedron","Paper Frog","Mango","Orrery"],"potions_floor_usage":[],"damage_taken":[{"damage":0.0,"enemies":"2 Louse","floor":1.0,"turns":2.0},{"damage":0.0,"enemies":"Jaw Worm","floor":4.0,"turns":3.0},{"damage":3.0,"enemies":"3 Sentries","floor":6.0,"turns":6.0},{"damage":18.0,"enemies":"Lagavulin","floor":8.0,"turns":7.0},{"damage":0.0,"enemies":"Gremlin Nob","floor":10.0,"turns":3.0},{"damage":7.0,"enemies":"3 Sentries","floor":12.0,"turns":2.0},{"damage":6.0,"enemies":"Gremlin Nob","floor":13.0,"turns":2.0},{"damage":3.0,"enemies":"The Guardian","floor":16.0,"turns":4.0},{"damage":11.0,"enemies":"Chosen","floor":18.0,"turns":2.0},{"damage":0.0,"enemies":"Masked Bandits","floor":19.0,"turns":1.0},{"damage":0.0,"enemies":"2 Thieves","floor":21.0,"turns":2.0},{"damage":0,"enemies":"Gremlin Leader","floor":23,"turns":2},{"damage":0,"enemies":"Book of Stabbing","floor":24,"turns":2},{"damage":1,"enemies":"Snecko","floor":25,"turns":4},{"damage":15,"enemies":"Slavers","floor":27,"turns":2},{"damage":0,"enemies":"Book of Stabbing","floor":29,"turns":2},{"damage":3,"enemies":"Snake Plant","floor":30,"turns":1},{"damage":0,"enemies":"Gremlin Leader","floor":31,"turns":4},{"damage":3,"enemies":"Champ","floor":33,"turns":3},{"damage":0,"enemies":"Orb Walker","floor":35,"turns":1},{"damage":6,"enemies":"3 Darklings","floor":38,"turns":1},{"damage":0,"enemies":"Mind Bloom Boss Battle","floor":39,"turns":1},{"damage":6,"enemies":"Nemesis","floor":40,"turns":3},{"damage":0,"enemies":"Giant Head","floor":42,"turns":1},{"damage":6,"enemies":"Nemesis","floor":44,"turns":3},{"damage":0,"enemies":"4 Shapes","floor":45,"turns":1},{"damage":0,"enemies":"Sphere and 2 Shapes","floor":47,"turns":2},{"damage":35,"enemies":"Awakened One","floor":50,"turns":3},{"damage":0,"enemies":"2 Louse","floor":52,"turns":2},{"damage":0,"enemies":"Cultist","floor":54,"turns":2},{"damage":9,"enemies":"Jaw Worm","floor":56,"turns":1},{"damage":0,"enemies":"3 Sentries","floor":57,"turns":2},{"damage":8,"enemies":"Lagavulin","floor":62,"turns":2},{"damage":1,"enemies":"Gremlin Nob","floor":65,"turns":1},{"damage":0,"enemies":"Slime Boss","floor":67,"turns":1}],"seed_played":"6087798309011991357","potions_obtained":[{"floor":1.0,"key":"SpeedPotion"},{"floor":12.0,"key":"Dexterity Potion"},{"floor":13.0,"key":"Ancient Potion"},{"floor":29,"key":"Fire Potion"},{"floor":31,"key":"FairyPotion"}],"is_trial":true,"path_per_floor":["M","$","?","M","T","E","R","E","T","E","R","E","E","?","R","B",null,"M","?","?","M","?","E","E","M","T","E","$","E","M","E","R","B",null,"M","$","?","M","?","E","R","E","T","E","M","?","M","$","R","B",null,"M","?","M","$","M","E","R","R","T","$","E","$","R","E","R","B",null],"character_chosen":"IRONCLAD","items_purchased":["Flash of Steel","Matryoshka","Flame Barrier","Jack Of All Trades","OrangePellets","Apotheosis","Incense Burner","Frozen Egg 2","Anchor","Inflame+1","Metallicize+1"],"campfire_rested":0,"item_purchase_floors":[2,28,28,28,36,36,55,55,55,61,61],"current_hp_per_floor":[80,80,69,75,75,80,80,71,71,80,80,80,83,83,83,83,83,88,90,90,90,81,95,95,95,95,91,91,97,97,97,97,97,97,97,97,97,99,101,103,103,105,105,107,119,104,121,121,121,101,127,131,131,133,133,137,137,137,137,137,137,139,139,139,139,153,153,161],"gold":183,"neow_bonus":"","is_prod":false,"is_daily":false,"chose_seed":true,"campfire_upgraded":3,"win_rate":0,"timestamp":1552973364,"path_taken":["M","$","?","M","?","E","R","E","T","E","R","E","?","?","R","BOSS","M","?","?","M","?","E","?","?","T","E","$","E","M","?","R","BOSS","M","$","?","M","?","E","R","E","T","E","M","?","?","$","R","BOSS","M","?","?","$","?","E","R","R","T","?","?","?","R","E","R","BOSS"],"build_version":"2019-01-23","purchased_purges":0,"victory":false,"max_hp_per_floor":[80,80,80,80,80,80,80,80,80,80,80,80,83,83,83,83,83,88,90,90,90,90,95,95,95,95,97,97,97,97,97,97,97,97,97,97,97,99,101,103,103,105,105,107,119,119,125,125,125,127,127,131,131,133,133,137,137,137,137,137,137,139,139,139,139,153,153,161],"card_choices":[{"not_picked":["Thunderclap","Intimidate"],"picked":"Shrug It Off","floor":1.0},{"not_picked":["Wild Strike","Warcry"],"picked":"Sentinel","floor":4.0},{"not_picked":["Reaper","Immolate"],"picked":"Double Tap","floor":6.0},{"not_picked":["Offering","Bludgeon"],"picked":"Barricade","floor":8.0},{"not_picked":["Limit Break","Bludgeon"],"picked":"Offering","floor":10.0},{"not_picked":["Limit Break","Brutality"],"picked":"Feed","floor":12.0},{"not_picked":["Brutality","Reaper"],"picked":"Limit Break","floor":13.0},{"not_picked":["Dark Embrace","Feed"],"picked":"Impervious","floor":16.0},{"not_picked":["True Grit","Thunderclap","Flex"],"picked":"Singing Bowl","floor":18.0},{"not_picked":["Clash","Dual Wield","Flex"],"picked":"Singing Bowl","floor":19.0},{"not_picked":["Sword Boomerang","Juggernaut"],"picked":"Ghostly Armor","floor":21.0},{"not_picked":["Immolate","Barricade","Reaper"],"picked":"Singing Bowl","floor":23},{"not_picked":["Immolate","Impervious"],"picked":"Exhume","floor":24},{"not_picked":["Iron Wave","Body Slam"],"picked":"Havoc+1","floor":25},{"not_picked":["Double Tap","Brutality","Berserk"],"picked":"Singing Bowl","floor":27},{"not_picked":["Brutality","Barricade"],"picked":"Exhume","floor":29},{"not_picked":["Iron Wave+1","Thunderclap+1"],"picked":"Armaments+1","floor":30},{"not_picked":["Feed","Limit Break"],"picked":"Juggernaut","floor":31},{"not_picked":["Barricade","Double Tap"],"picked":"Offering","floor":33},{"not_picked":[],"picked":"Spot Weakness","floor":35},{"not_picked":["Twin Strike"],"picked":"Singing Bowl","floor":38},{"not_picked":["Pommel Strike+1"],"picked":"Singing Bowl","floor":39},{"not_picked":["Reaper"],"picked":"Singing Bowl","floor":40},{"not_picked":["Bludgeon"],"picked":"Singing Bowl","floor":42},{"not_picked":["Bludgeon"],"picked":"Singing Bowl","floor":44},{"not_picked":["Perfected Strike"],"picked":"Singing Bowl","floor":45},{"not_picked":["Pummel"],"picked":"Singing Bowl","floor":45},{"not_picked":["True Grit"],"picked":"Singing Bowl","floor":47},{"not_picked":[],"picked":"Metallicize","floor":47},{"not_picked":["Bludgeon"],"picked":"Singing Bowl","floor":50},{"not_picked":["Dropkick"],"picked":"Singing Bowl","floor":52},{"not_picked":["Armaments"],"picked":"Singing Bowl","floor":52},{"not_picked":["Fire Breathing"],"picked":"Singing Bowl","floor":54},{"not_picked":[],"picked":"Spot Weakness","floor":54},{"not_picked":["Dropkick"],"picked":"Singing Bowl","floor":56},{"not_picked":["Bloodletting"],"picked":"Singing Bowl","floor":56},{"not_picked":[],"picked":"Offering","floor":57},{"not_picked":["Immolate"],"picked":"Singing Bowl","floor":62},{"not_picked":[],"picked":"Limit Break","floor":65},{"not_picked":[],"picked":"Offering","floor":67},{"not_picked":["Pommel Strike"],"picked":"Singing Bowl","floor":68},{"not_picked":["Sword Boomerang"],"picked":"Singing Bowl","floor":68},{"not_picked":["Battle Trance"],"picked":"Singing Bowl","floor":68},{"not_picked":[],"picked":"Second Wind","floor":68},{"not_picked":["Fire Breathing+1"],"picked":"Singing Bowl","floor":68}],"player_experience":320688,"relics_obtained":[{"floor":5.0,"key":"Magic Flower"},{"floor":6.0,"key":"Letter Opener"},{"floor":8.0,"key":"Dead Branch"},{"floor":9.0,"key":"Bottled Tornado"},{"floor":10.0,"key":"Singing Bowl"},{"floor":12.0,"key":"Bronze Scales"},{"floor":13.0,"key":"Bag of Marbles"},{"floor":19.0,"key":"Red Mask"},{"floor":23,"key":"Self Forming Clay"},{"floor":24,"key":"Champion Belt"},{"floor":26,"key":"Pen Nib"},{"floor":27,"key":"Sundial"},{"floor":29,"key":"Shovel"},{"floor":31,"key":"WingedGreaves"},{"floor":32,"key":"Happy Flower"},{"floor":39,"key":"Ginger"},{"floor":40,"key":"MawBank"},{"floor":41,"key":"The Courier"},{"floor":42,"key":"Whetstone"},{"floor":43,"key":"Pantograph"},{"floor":43,"key":"Meat on the Bone"},{"floor":44,"key":"Prayer Wheel"},{"floor":49,"key":"Dream Catcher"},{"floor":58,"key":"War Paint"},{"floor":59,"key":"Bottled Lightning"},{"floor":60,"key":"Vajra"},{"floor":60,"key":"Dodecahedron"},{"floor":64,"key":"Paper Frog"},{"floor":66,"key":"Mango"}],"event_choices":[{"damage_healed":0.0,"max_hp_gain":0.0,"max_hp_loss":0.0,"gold_gain":75.0,"event_name":"World of Goop","player_choice":"Gather Gold","floor":3.0,"gold_loss":0.0,"damage_taken":11.0},{"damage_healed":0.0,"max_hp_gain":0.0,"max_hp_loss":0.0,"gold_gain":0.0,"event_name":"Dead Adventurer","player_choice":"Searched \u00271\u0027 times","floor":14.0,"gold_loss":0.0,"damage_taken":0.0,"relics_obtained":["Du-Vu Doll"]},{"damage_healed":0.0,"max_hp_gain":0.0,"max_hp_loss":0.0,"gold_gain":0.0,"event_name":"Masked Bandits","player_choice":"Fought Bandits","floor":19.0,"gold_loss":0.0,"damage_taken":0.0},{"damage_healed":0.0,"max_hp_gain":0.0,"max_hp_loss":0.0,"gold_gain":0.0,"event_name":"Beggar","player_choice":"Ignored","floor":20.0,"gold_loss":0.0,"damage_taken":0.0},{"damage_healed":0,"gold_gain":75,"player_choice":"Touch","damage_taken":9,"max_hp_gain":0,"max_hp_loss":0,"event_name":"FaceTrader","floor":22,"gold_loss":0},{"cards_removed":["Cleave"],"damage_healed":0,"gold_gain":0,"player_choice":"Removed Attack","damage_taken":0,"max_hp_gain":0,"max_hp_loss":0,"event_name":"Falling","floor":37,"gold_loss":0},{"damage_healed":0,"gold_gain":0,"player_choice":"Fight","damage_taken":0,"max_hp_gain":0,"max_hp_loss":0,"event_name":"MindBloom","floor":39,"gold_loss":0},{"damage_healed":0,"gold_gain":0,"player_choice":"Embrace Madness","damage_taken":15,"max_hp_gain":0,"max_hp_loss":0,"event_name":"Winding Halls","floor":46,"gold_loss":0,"cards_obtained":["Madness","Madness"]},{"damage_healed":0,"gold_gain":0,"player_choice":"Rummage","damage_taken":0,"relics_obtained":["WarpedTongs"],"max_hp_gain":0,"max_hp_loss":0,"event_name":"Accursed Blacksmith","floor":53,"gold_loss":0,"cards_obtained":["Pain"]}],"is_beta":false,"boss_relics":[{"not_picked":["Runic Cube","Ectoplasm"],"picked":"Coffee Dripper"},{"not_picked":["Empty Cage","Lizard Tail"],"picked":"Busted Crown"},{"not_picked":["Sozu","Orrery"],"picked":"Philosopher\u0027s Stone"},{"not_picked":["Mark of Pain","Velvet Choker"],"picked":"Orrery"}],"items_purged_floors":[],"is_endless":true,"potions_floor_spawned":[1,12,13,25,27,29,31,33,40,42,44,47,50,54,65,67],"ascension_level":0}