{"gold_per_floor":[116,66,76,76,76,76,100,100,100,100,25,45,120,20,20,20],"floor_reached":16,"playtime":280,"items_purged":["Defend_R","Strike_R"],"score":103,"play_id":"6843818a-0268-4ab3-ae38-0033f73dfc9b","local_time":"20190604184805","is_ascension_mode":true,"campfire_choices":[{"data":"Bash","floor":6,"key":"SMITH"},{"data":"1","floor":8,"key":"LIFT"},{"data":"2","floor":10,"key":"LIFT"},{"floor":15,"key":"REST"}],"neow_cost":"PERCENT_DAMAGE","seed_source_timestamp":43193959448505,"circlet_count":0,"master_deck":["Strike_R","Strike_R","Defend_R","Defend_R","Defend_R","Bash+1","Twin Strike","Pommel Strike","Inflame"],"relics":["Burning Blood","Girya","Odd Mushroom","WingedGreaves"],"potions_floor_usage":[12],"damage_taken":[{"damage":13,"enemies":"2 Louse","floor":1,"turns":3},{"damage":5,"enemies":"Small Slimes","floor":3,"turns":4},{"damage":58,"enemies":"The Mushroom Lair","floor":7,"turns":6},{"damage":2,"enemies":"Jaw Worm","floor":12,"turns":3},{"damage":36,"enemies":"Hexaghost","floor":16,"turns":7}],"seed_played":"7329735221906877386","potions_obtained":[{"floor":3,"key":"GamblersBrew"}],"is_trial":false,"path_per_floor":["M","?","M","?","?","R","?","R","T","R","$","M","?","$","R","B"],"character_chosen":"IRONCLAD","items_purchased":[],"campfire_rested":1,"item_purchase_floors":[],"current_hp_per_floor":[49,49,50,76,69,69,17,17,17,17,17,21,10,10,34,0],"gold":20,"neow_bonus":"ONE_RARE_RELIC","is_prod":false,"is_daily":false,"chose_seed":false,"campfire_upgraded":1,"win_rate":0,"timestamp":1559666885,"path_taken":["M","?","M","?","?","R","?","R","T","R","?","M","?","$","R","BOSS"],"build_version":"2019-01-23","purchased_purges":2,"victory":false,"max_hp_per_floor":[80,80,80,80,80,80,80,80,80,80,80,80,80,80,80,80],"card_choices":[{"not_picked":["Clash","Wild Strike","Reckless Charge"],"picked":"SKIP","floor":1},{"not_picked":["Body Slam","Combust"],"picked":"Twin Strike","floor":3},{"not_picked":["Flex","Clothesline"],"picked":"Pommel Strike","floor":7},{"not_picked":["Clash","Anger"],"picked":"Inflame","floor":12}],"player_experience":305712,"relics_obtained":[{"floor":7,"key":"Odd Mushroom"},{"floor":9,"key":"WingedGreaves"}],"event_choices":[{"cards_removed":["Strike_R"],"damage_healed":0,"gold_gain":0,"player_choice":"Card Removal","damage_taken":0,"max_hp_gain":0,"max_hp_loss":0,"event_name":"The Cleric","floor":2,"gold_loss":50},{"damage_healed":26,"gold_gain":0,"player_choice":"Banana","damage_taken":0,"max_hp_gain":0,"max_hp_loss":0,"event_name":"Big Fish","floor":4,"gold_loss":0},{"cards_removed":["Strike_R"],"damage_healed":0,"gold_gain":0,"player_choice":"Card Removal","damage_taken":7,"max_hp_gain":0,"max_hp_loss":0,"event_name":"Golden Wing","floor":5,"gold_loss":0},{"damage_healed":0,"gold_gain":0,"player_choice":"Fought Mushrooms","damage_taken":0,"max_hp_gain":0,"max_hp_loss":0,"event_name":"Mushrooms","floor":7,"gold_loss":0},{"damage_healed":0,"gold_gain":75,"player_choice":"Gather Gold","damage_taken":11,"max_hp_gain":0,"max_hp_loss":0,"event_name":"World of Goop","floor":13,"gold_loss":0}],"is_beta":false,"boss_relics":[],"items_purged_floors":[11,14],"is_endless":false,"potions_floor_spawned":[3],"killed_by":"Hexaghost","ascension_level":4}