{"gold_per_floor":[115,132,132,148,159,159,159,159,214,233,233,233,248,323,323,323],"floor_reached":16,"playtime":445,"items_purged":[],"score":170,"play_id":"f09f65c5-2538-4ecc-acb3-18ece6580705","local_time":"20190524140445","is_ascension_mode":true,"campfire_choices":[{"floor":6,"key":"REST"},{"floor":8,"key":"REST"},{"floor":15,"key":"REST"}],"neow_cost":"NONE","seed_source_timestamp":131949532261575,"circlet_count":0,"master_deck":["AscendersBane","Strike_B","Strike_B","Strike_B","Strike_B","Defend_B","Defend_B","Defend_B","Defend_B","Zap","Dualcast+1","Multi-Cast+1","Hologram","Melter","Pain","Undo","Coolheaded","Ball Lightning","Go for the Eyes"],"relics":["Cracked Core","WarpedTongs","Oddly Smooth Stone"],"potions_floor_usage":[13,16,16],"damage_taken":[{"damage":9,"enemies":"Jaw Worm","floor":1,"turns":3},{"damage":6,"enemies":"Cultist","floor":2,"turns":3},{"damage":0,"enemies":"2 Louse","floor":4,"turns":2},{"damage":41,"enemies":"Exordium Thugs","floor":5,"turns":5},{"damage":7,"enemies":"2 Fungi Beasts","floor":10,"turns":3},{"damage":4,"enemies":"Exordium Wildlife","floor":13,"turns":4},{"damage":33,"enemies":"Slime Boss","floor":16,"turns":5}],"seed_played":"4783373356424576708","potions_obtained":[{"floor":5,"key":"Block Potion"},{"floor":10,"key":"LiquidBronze"},{"floor":13,"key":"FearPotion"}],"is_trial":false,"path_per_floor":["M","M","?","M","M","R","?","R","T","M","?","?","M","?","R","B"],"character_chosen":"DEFECT","items_purchased":[],"campfire_rested":3,"item_purchase_floors":[],"current_hp_per_floor":[55,49,49,49,8,29,29,50,50,43,22,22,18,7,28,0],"gold":323,"neow_bonus":"ONE_RANDOM_RARE_CARD","is_prod":false,"is_daily":false,"chose_seed":false,"campfire_upgraded":0,"win_rate":0,"timestamp":1558731885,"path_taken":["M","M","?","M","?","R","?","R","T","M","?","?","?","?","R","BOSS"],"build_version":"2019-01-23","purchased_purges":0,"victory":false,"max_hp_per_floor":[71,71,71,71,71,71,71,71,71,71,71,71,71,71,71,71],"card_choices":[{"not_picked":["Steam","Barrage"],"picked":"Hologram","floor":1},{"not_picked":["Beam Cell","Chill"],"picked":"Melter","floor":2},{"not_picked":["Barrage","Stack"],"picked":"Undo","floor":4},{"not_picked":["Beam Cell","Go for the Eyes"],"picked":"Coolheaded","floor":5},{"not_picked":["Coolheaded","Scrape"],"picked":"Ball Lightning","floor":10},{"not_picked":["Gash","FTL"],"picked":"Go for the Eyes","floor":13}],"player_experience":729511,"relics_obtained":[{"floor":9,"key":"Oddly Smooth Stone"}],"event_choices":[{"damage_healed":0,"gold_gain":0,"player_choice":"Rummage","damage_taken":0,"relics_obtained":["WarpedTongs"],"max_hp_gain":0,"max_hp_loss":0,"event_name":"Accursed Blacksmith","floor":3,"gold_loss":0,"cards_obtained":["Pain"]},{"damage_healed":0,"gold_gain":0,"player_choice":"Fled","damage_taken":0,"max_hp_gain":0,"max_hp_loss":0,"event_name":"Scrap Ooze","floor":7,"gold_loss":0},{"damage_healed":0,"gold_gain":0,"player_choice":"Entered Light","damage_taken":21,"max_hp_gain":0,"max_hp_loss":0,"event_name":"Shining Light","floor":11,"gold_loss":0,"cards_upgraded":["Multi-Cast","Dualcast"]},{"damage_healed":0,"gold_gain":0,"player_choice":"Searched \u00270\u0027 times","damage_taken":0,"max_hp_gain":0,"max_hp_loss":0,"event_name":"Dead Adventurer","floor":12,"gold_loss":0},{"damage_healed":0,"gold_gain":75,"player_choice":"Gather Gold","damage_taken":11,"max_hp_gain":0,"max_hp_loss":0,"event_name":"World of Goop","floor":14,"gold_loss":0}],"is_beta":false,"boss_relics":[],"items_purged_floors":[],"is_endless":false,"potions_floor_spawned":[5,10,13],"killed_by":"Slime Boss","ascension_level":17}