{"gold_per_floor":[113,113,125,13,29,29,42,42,69,69,85,97,107,123,123,201,201,211,211,211,222,232,232,232],"floor_reached":24,"playtime":2015,"items_purged":["Strike_B"],"score":399,"play_id":"3cc0dc44-1e97-4be3-beb5-28dd72235ee9","local_time":"20190603172717","is_ascension_mode":true,"campfire_choices":[{"data":"Zap","floor":6,"key":"SMITH"},{"data":"Ball Lightning","floor":8,"key":"SMITH"},{"data":"Streamline","floor":10,"key":"SMITH"},{"data":"Fusion","floor":15,"key":"SMITH"},{"floor":23,"key":"REST"}],"neow_cost":"NONE","seed_source_timestamp":17265436527813,"circlet_count":0,"master_deck":["AscendersBane","Defend_B","Defend_B","Zap+1","Dualcast","Streamline+1","Ball Lightning+1","Auto Shields","Sweeping Beam","Glacier","Fusion+1","Machine Learning","Hologram","Glacier","Genetic Algorithm","RitualDagger","Glacier","Glacier"],"relics":["Cracked Core","NeowsBlessing","Bag of Preparation","Empty Cage"],"potions_floor_usage":[16,22],"damage_taken":[{"damage":0,"enemies":"Jaw Worm","floor":1,"turns":1},{"damage":0,"enemies":"Cultist","floor":3,"turns":1},{"damage":0,"enemies":"2 Louse","floor":5,"turns":1},{"damage":4,"enemies":"Large Slime","floor":7,"turns":4},{"damage":0,"enemies":"2 Fungi Beasts","floor":11,"turns":2},{"damage":6,"enemies":"Exordium Thugs","floor":12,"turns":3},{"damage":14,"enemies":"Red Slaver","floor":13,"turns":2},{"damage":0,"enemies":"Large Slime","floor":14,"turns":4},{"damage":33,"enemies":"Hexaghost","floor":16,"turns":10},{"damage":18,"enemies":"2 Thieves","floor":18,"turns":4},{"damage":30,"enemies":"3 Byrds","floor":21,"turns":7},{"damage":0,"enemies":"Snecko","floor":22,"turns":8},{"damage":51,"enemies":"Gremlin Leader","floor":24,"turns":4}],"seed_played":"7387502427155335590","potions_obtained":[{"floor":3,"key":"Swift Potion"},{"floor":13,"key":"FairyPotion"},{"floor":14,"key":"Block Potion"},{"floor":16,"key":"SpeedPotion"}],"is_trial":false,"path_per_floor":["M","?","M","$","M","R","M","R","T","R","M","M","M","M","R","B",null,"M","?","?","M","M","R","E"],"character_chosen":"DEFECT","items_purchased":["Auto Shields"],"campfire_rested":1,"item_purchase_floors":[4],"current_hp_per_floor":[64,64,64,64,64,64,60,60,60,60,60,54,40,40,40,7,55,37,37,31,1,1,22,0],"gold":232,"neow_bonus":"THREE_ENEMY_KILL","is_prod":false,"is_daily":false,"chose_seed":false,"campfire_upgraded":4,"win_rate":0,"timestamp":1559608037,"path_taken":["M","?","?","$","?","R","M","R","T","R","M","M","M","M","R","BOSS","M","?","?","M","M","R","E"],"build_version":"2019-01-23","purchased_purges":1,"victory":false,"max_hp_per_floor":[71,71,71,71,71,71,71,71,71,71,71,71,71,71,71,71,71,71,71,71,71,71,71,71],"card_choices":[{"not_picked":["Go for the Eyes","Darkness","FTL"],"picked":"SKIP","floor":1},{"not_picked":["BootSequence","Rebound"],"picked":"Ball Lightning","floor":3},{"not_picked":["Loop","Steam","Lockon"],"picked":"SKIP","floor":5},{"not_picked":["Beam Cell","Compile Driver","Sunder"],"picked":"SKIP","floor":7},{"not_picked":["Cold Snap","Steam Power"],"picked":"Sweeping Beam","floor":11},{"not_picked":["Streamline","Stack","Gash"],"picked":"SKIP","floor":12},{"not_picked":["Static Discharge","Sweeping Beam"],"picked":"Glacier","floor":13},{"not_picked":["Seek","Blizzard"],"picked":"Fusion","floor":14},{"not_picked":["Rainbow","Multi-Cast"],"picked":"Machine Learning","floor":16},{"not_picked":["Beam Cell","Conserve Battery"],"picked":"Hologram","floor":18},{"not_picked":["Double Energy+1","Force Field"],"picked":"Glacier","floor":21},{"not_picked":["Beam Cell","Loop"],"picked":"Glacier","floor":22}],"player_experience":815820,"relics_obtained":[{"floor":9,"key":"Bag of Preparation"}],"event_choices":[{"damage_healed":0,"gold_gain":0,"cards_transformed":["Strike_B"],"player_choice":"Transformed","damage_taken":0,"max_hp_gain":0,"max_hp_loss":0,"event_name":"Transmorgrifier","floor":2,"gold_loss":0,"cards_obtained":["Streamline"]},{"damage_healed":0,"gold_gain":0,"cards_transformed":["Defend_B","Defend_B"],"player_choice":"Became Test Subject","damage_taken":0,"max_hp_gain":0,"max_hp_loss":0,"event_name":"Drug Dealer","floor":19,"gold_loss":0,"cards_obtained":["Glacier","Genetic Algorithm"]},{"damage_healed":0,"gold_gain":0,"player_choice":"Joined the Cult","damage_taken":6,"max_hp_gain":0,"max_hp_loss":0,"event_name":"Nest","floor":20,"gold_loss":0,"cards_obtained":["RitualDagger"]}],"is_beta":false,"boss_relics":[{"not_picked":["FrozenCore","Cursed Key"],"picked":"Empty Cage"}],"items_purged_floors":[4],"is_endless":false,"potions_floor_spawned":[3,13,14,16,18],"killed_by":"Gremlin Leader","ascension_level":19}