{"gold_per_floor":[119,119,119,139,116,151,168,187,255,255,255,287,287,313,313,313],"floor_reached":16,"playtime":555,"items_purged":[],"score":193,"play_id":"c6d889ab-4c28-413b-aea7-e2894a595a51","local_time":"20190601223521","is_ascension_mode":true,"campfire_choices":[{"data":"Dualcast","floor":10.0,"key":"SMITH"},{"floor":13.0,"key":"REST"},{"floor":15,"key":"REST"}],"neow_cost":"NONE","seed_source_timestamp":67861523288900,"circlet_count":0,"master_deck":["Strike_B","Strike_B","Strike_B","Defend_B","Defend_B+1","Defend_B","Zap+1","Dualcast+1","Compile Driver","Barrage","Capacitor","Coolheaded","Gash","All For One","Regret","Streamline"],"special_seed":0,"relics":["Cracked Core","NeowsBlessing","Calipers","Dodecahedron","War Paint","Bottled Flame","Juzu Bracelet"],"potions_floor_usage":[16],"damage_taken":[{"damage":0.0,"enemies":"Small Slimes","floor":1.0,"turns":1.0},{"damage":0.0,"enemies":"Cultist","floor":4.0,"turns":1.0},{"damage":0.0,"enemies":"Gremlin Nob","floor":6.0,"turns":1.0},{"damage":5.0,"enemies":"Jaw Worm","floor":7.0,"turns":4.0},{"damage":20.0,"enemies":"Exordium Wildlife","floor":8.0,"turns":6.0},{"damage":24.0,"enemies":"Lagavulin","floor":12.0,"turns":7.0},{"damage":28,"enemies":"Gremlin Nob","floor":14,"turns":4},{"damage":30,"enemies":"The Guardian","floor":16,"turns":4}],"seed_played":"4199814619035914267","potions_obtained":[{"floor":1.0,"key":"Swift Potion"},{"floor":6.0,"key":"Energy Potion"},{"floor":12.0,"key":"Poison Potion"}],"is_trial":false,"path_per_floor":["M","?","?","M","$","E","M","M","T","R","?","E","R","E","R","B"],"character_chosen":"DEFECT","items_purchased":["Coolheaded"],"campfire_rested":2,"item_purchase_floors":[5],"current_hp_per_floor":[68,61,61,61,61,61,56,36,36,36,36,12,34,6,28,0],"gold":313,"neow_bonus":"THREE_ENEMY_KILL","is_prod":false,"is_daily":false,"chose_seed":false,"campfire_upgraded":1,"win_rate":0,"timestamp":1559453721,"path_taken":["M","?","?","M","$","E","M","?","T","R","?","E","R","E","R","BOSS"],"build_version":"2019-01-23","purchased_purges":0,"victory":false,"max_hp_per_floor":[75,75,75,75,75,75,75,75,75,75,75,75,75,75,75,75],"card_choices":[{"not_picked":["Darkness","Steam Power"],"picked":"Compile Driver","floor":1.0},{"not_picked":["Barrage","Aggregate"],"picked":"Capacitor","floor":4.0},{"not_picked":["Beam Cell","Genetic Algorithm"],"picked":"Gash","floor":6.0},{"not_picked":["Recycle","Streamline"],"picked":"All For One","floor":7.0},{"not_picked":["Stack","Rip and Tear","Storm"],"picked":"SKIP","floor":8.0},{"not_picked":["Coolheaded","Steam","Recycle"],"picked":"SKIP","floor":12.0},{"not_picked":["Reinforced Body","Rebound"],"picked":"Streamline","floor":14}],"player_experience":198261,"relics_obtained":[{"floor":6.0,"key":"Calipers"},{"floor":9.0,"key":"Dodecahedron"},{"floor":12.0,"key":"Bottled Flame"},{"floor":14,"key":"Juzu Bracelet"}],"event_choices":[{"cards_removed":["Defend_B"],"damage_healed":0.0,"max_hp_gain":0.0,"max_hp_loss":0.0,"gold_gain":0.0,"event_name":"Golden Wing","player_choice":"Card Removal","floor":2.0,"gold_loss":0.0,"damage_taken":7.0},{"damage_healed":0.0,"max_hp_gain":0.0,"max_hp_loss":0.0,"gold_gain":0.0,"cards_transformed":["Strike_B"],"event_name":"Transmorgrifier","player_choice":"Transformed","floor":3.0,"gold_loss":0.0,"damage_taken":0.0,"cards_obtained":["Barrage"]},{"damage_healed":0.0,"max_hp_gain":0.0,"max_hp_loss":0.0,"gold_gain":0.0,"event_name":"Big Fish","player_choice":"Box","floor":11.0,"gold_loss":0.0,"damage_taken":0.0,"relics_obtained":["War Paint"],"cards_obtained":["Regret"]}],"is_beta":false,"boss_relics":[],"items_purged_floors":[],"is_endless":false,"potions_floor_spawned":[1,6,12],"killed_by":"The Guardian","ascension_level":7}