{"gold_per_floor":[113,126,126,301,226,255,255,273,273,273,283,0,16,32,32,128,128,143,155,155],"floor_reached":20,"playtime":826,"items_purged":["Doubt"],"score":276,"play_id":"7a07892e-4c60-4efc-82aa-8908656ff348","local_time":"20180720224641","daily_mods":["Heirloom","Allstar","Time Dilation"],"is_ascension_mode":false,"campfire_choices":[{"data":"Carnage","floor":7,"key":"SMITH"},{"data":"Searing Blow","floor":15,"key":"SMITH"}],"neow_cost":"","seed_source_timestamp":0,"circlet_count":0,"master_deck":["Strike_R","Strike_R","Strike_R","Strike_R","Strike_R","Defend_R","Defend_R","Defend_R","Bash","Panacea","Magnetism","Dark Shackles","Thinking Ahead","Finesse","Heavy Blade+1","Warcry","Carnage+1","Double Tap+1","Pummel","Intimidate+1","Searing Blow+1","Shrug It Off+1","Offering+1","Normality","Regret","Doubt","Shrug It Off+1"],"relics":["Burning Blood","Champion Belt","Calipers","Toxic Egg 2","Mummified Hand","Calling Bell","Ancient Tea Set","Question Card","Nunchaku"],"potions_floor_usage":[19,19,19],"damage_taken":[{"damage":0,"enemies":"Small Slimes","floor":1,"turns":4},{"damage":0,"enemies":"Cultist","floor":2,"turns":3},{"damage":16,"enemies":"Lagavulin","floor":6,"turns":6},{"damage":11,"enemies":"Jaw Worm","floor":8,"turns":2},{"damage":12,"enemies":"Large Slime","floor":11,"turns":5},{"damage":9,"enemies":"3 Louse","floor":13,"turns":3},{"damage":14,"enemies":"Exordium Thugs","floor":14,"turns":3},{"damage":11,"enemies":"Slime Boss","floor":16,"turns":8},{"damage":42,"enemies":"3 Byrds","floor":18,"turns":6},{"damage":29,"enemies":"2 Thieves","floor":19,"turns":4},{"damage":40,"enemies":"3 Cultists","floor":20,"turns":4}],"seed_played":"4992936149857724495","potions_obtained":[{"floor":6,"key":"Regen Potion"},{"floor":11,"key":"EssenceOfSteel"},{"floor":14,"key":"AttackPotion"}],"is_trial":true,"path_per_floor":["M","M","?","?","$","E","R","M","T","?","M","$","M","M","R","B",null,"M","M"],"character_chosen":"IRONCLAD","items_purchased":["Mummified Hand","Intimidate+1"],"campfire_rested":0,"item_purchase_floors":[12,12],"current_hp_per_floor":[80,80,80,80,80,70,70,65,65,65,59,59,56,48,48,43,80,44,33,0],"gold":155,"neow_bonus":"","is_prod":false,"is_daily":false,"chose_seed":false,"campfire_upgraded":2,"win_rate":0,"timestamp":1532094401,"path_taken":["M","M","?","?","$","E","R","?","T","?","M","$","M","M","R","BOSS","M","?","M"],"build_version":"2018-07-19v2","purchased_purges":1,"victory":false,"max_hp_per_floor":[80,80,80,80,80,80,80,80,80,80,80,80,80,80,80,80,80,80,80,80],"card_choices":[{"not_picked":["Rage","Ghostly Armor"],"picked":"Heavy Blade","floor":1},{"not_picked":["Dropkick","Rage"],"picked":"Warcry","floor":2},{"not_picked":["True Grit","Dark Embrace"],"picked":"Carnage","floor":6},{"not_picked":["Iron Wave","Uppercut","Pommel Strike"],"picked":"SKIP","floor":8},{"not_picked":["Clash","Armaments+1"],"picked":"Pummel","floor":11},{"not_picked":["Perfected Strike","Fire Breathing"],"picked":"Searing Blow","floor":13},{"not_picked":["Cleave","Uppercut"],"picked":"Shrug It Off+1","floor":14},{"not_picked":["Exhume+1","Dark Embrace"],"picked":"Offering+1","floor":16},{"not_picked":["Armaments+1","Twin Strike","Searing Blow","Clash"],"picked":"SKIP","floor":18},{"not_picked":["Juggernaut","Warcry+1","Feel No Pain+1"],"picked":"Shrug It Off+1","floor":19}],"player_experience":215920,"relics_obtained":[{"floor":6,"key":"Calipers"},{"floor":9,"key":"Toxic Egg 2"},{"floor":17,"key":"Ancient Tea Set"},{"floor":17,"key":"Question Card"},{"floor":17,"key":"Nunchaku"}],"event_choices":[{"event_name":"Upgrade Shrine","player_choice":"Upgraded","floor":3,"damage_taken":0},{"event_name":"Liars Game","player_choice":"agreed","floor":4,"damage_taken":0},{"event_name":"Living Wall","player_choice":"Change","floor":10,"damage_taken":0}],"is_beta":false,"boss_relics":[{"not_picked":["Sozu","Mark of Pain"],"picked":"Calling Bell"}],"items_purged_floors":[5],"is_endless":true,"potions_floor_spawned":[6,11,14,18],"killed_by":"3 Cultists","ascension_level":0}