{"gold_per_floor":[115,115,115,136,136,136,136,160,160,160,176,176,201,201,201,325,325,340,520,520,539,539,638,638,638],"floor_reached":25,"playtime":1464,"items_purged":[],"score":193,"play_id":"1debb945-f9c2-46a4-a39d-2bd4c55d5df4","local_time":"20180714171515","is_ascension_mode":false,"campfire_choices":[{"data":"Defragment","floor":6,"key":"SMITH"},{"data":"Dualcast","floor":10,"key":"SMITH"},{"floor":12,"key":"REST"},{"data":"Zap","floor":15,"key":"SMITH"},{"floor":24,"key":"REST"}],"neow_cost":"","seed_source_timestamp":158931860556562,"circlet_count":0,"master_deck":["Strike_B","Strike_B","Strike_B","Strike_B","Defend_B","Defend_B","Defend_B","Defend_B","Zap+1","Dualcast+1","Defragment+1","Cold Snap","Stack","Glacier","Streamline","White Noise","Thunder Strike","Barrage+1","Madness","Melter"],"special_seed":17726,"relics":["Cracked Core","Peace Pipe","Golden Idol","Shuriken","Black Star"],"potions_floor_usage":[16,22],"damage_taken":[{"damage":0,"enemies":"2 Louse","floor":1,"turns":2},{"damage":4,"enemies":"Small Slimes","floor":4,"turns":3},{"damage":1,"enemies":"Cultist","floor":5,"turns":3},{"damage":14,"enemies":"Large Slime","floor":8,"turns":5},{"damage":0,"enemies":"2 Fungi Beasts","floor":11,"turns":5},{"damage":33,"enemies":"Gremlin Gang","floor":13,"turns":4},{"damage":3,"enemies":"The Guardian","floor":16,"turns":12},{"damage":5,"enemies":"Spheric Guardian","floor":18,"turns":6},{"damage":14,"enemies":"Shell Parasite","floor":21,"turns":8},{"damage":10,"enemies":"Cultist and Chosen","floor":22,"turns":4},{"damage":49,"enemies":"Gremlin Leader","floor":25,"turns":4}],"seed_played":"-1557900698408723444","potions_obtained":[{"floor":1,"key":"Strength Potion"},{"floor":5,"key":"SmokeBomb"}],"is_trial":false,"path_per_floor":["M","?","?","M","M","R","?","M","T","R","M","R","M","?","R","B",null,"M","?","?","M","M","?","R"],"character_chosen":"DEFECT","items_purchased":[],"campfire_rested":2,"item_purchase_floors":[],"current_hp_per_floor":[75,63,45,41,40,40,40,26,26,26,26,48,15,40,40,37,75,70,42,42,35,25,25,47,0],"gold":638,"neow_bonus":"","is_prod":false,"is_daily":false,"chose_seed":false,"campfire_upgraded":3,"win_rate":0.0,"timestamp":1531556115,"path_taken":["M","?","?","M","M","R","?","?","T","R","M","R","M","?","R","BOSS","M","?","?","M","M","?","R","E"],"build_version":"2018-07-12","purchased_purges":0,"victory":false,"max_hp_per_floor":[75,75,75,75,75,75,75,75,75,75,75,75,75,75,75,75,75,75,75,75,75,75,75,75,75],"card_choices":[{"not_picked":["Force Field","Rip and Tear"],"picked":"Defragment","floor":1},{"not_picked":["Compile Driver","Go for the Eyes"],"picked":"Cold Snap","floor":4},{"not_picked":["Scrape","Compile Driver"],"picked":"Stack","floor":5},{"not_picked":["Sweeping Beam","Beam Cell"],"picked":"Glacier","floor":8},{"not_picked":["Redo","Storm"],"picked":"Streamline","floor":11},{"not_picked":["Doom and Gloom","Storm"],"picked":"White Noise","floor":13},{"not_picked":["Creative AI","Biased Cognition"],"picked":"Thunder Strike","floor":16},{"not_picked":["Hologram","Go for the Eyes+1"],"picked":"Barrage+1","floor":18},{"not_picked":["Ball Lightning","Hologram"],"picked":"Melter","floor":21}],"player_experience":152770,"relics_obtained":[{"floor":9,"key":"Shuriken"}],"event_choices":[{"event_name":"Scrap Ooze","player_choice":"success","floor":2,"damage_taken":12},{"event_name":"Golden Idol","player_choice":"Take Damage","floor":3,"damage_taken":0},{"event_name":"Liars Game","player_choice":"disagreed","floor":7,"damage_taken":0},{"event_name":"Big Fish","player_choice":"Banana","floor":14,"damage_taken":0},{"event_name":"Knowing Skull","player_choice":"CARD GOLD GOLD ","floor":19,"damage_taken":0},{"event_name":"Drug Dealer","player_choice":"Ignored","floor":20,"damage_taken":0},{"event_name":"Nest","player_choice":"Stole From Cult","floor":23,"damage_taken":0}],"boss_relics":[{"not_picked":["Tiny House","Cursed Key"],"picked":"Black Star"}],"items_purged_floors":[],"is_endless":false,"potions_floor_spawned":[1,5],"killed_by":"Gremlin Leader","ascension_level":0}