{"gold_per_floor":[115,115,139,70,88,116,41,59,59,100,100,117,117,145,145,145],"floor_reached":16,"playtime":628,"items_purged":["Strike_B"],"score":110,"play_id":"79a038f7-6035-4e7e-ae87-b2b319ebe631","local_time":"20180715150854","is_ascension_mode":false,"campfire_choices":[{"data":"Zap","floor":11,"key":"SMITH"},{"floor":15,"key":"REST"}],"neow_cost":"NONE","seed_source_timestamp":0,"circlet_count":0,"master_deck":["Strike_B","Strike_B","Strike_B","Defend_B","Defend_B","Defend_B","Defend_B","Zap+1","Dualcast","Core Surge","Auto Shields","Self Repair","Gash","Hologram","Reprogram","BootSequence","Capacitor","Go for the Eyes","Redo"],"special_seed":0,"relics":["Cracked Core","Dream Catcher","Potion Belt","Mummified Hand","Odd Mushroom","Anchor","Strawberry"],"potions_floor_usage":[14,16],"damage_taken":[{"damage":0.0,"enemies":"2 Louse","floor":1.0,"turns":2.0},{"damage":5.0,"enemies":"Small Slimes","floor":5.0,"turns":3.0},{"damage":21.0,"enemies":"3 Sentries","floor":6.0,"turns":6.0},{"damage":3.0,"enemies":"Jaw Worm","floor":8.0,"turns":4.0},{"damage":17.0,"enemies":"Exordium Thugs","floor":10.0,"turns":4.0},{"damage":6,"enemies":"Exordium Thugs","floor":12,"turns":4},{"damage":44,"enemies":"Gremlin Nob","floor":14,"turns":5},{"damage":58,"enemies":"Hexaghost","floor":16,"turns":11}],"seed_played":"5070078785684298934","potions_obtained":[{"floor":5.0,"key":"AttackPotion"},{"floor":6.0,"key":"FocusPotion"},{"floor":12,"key":"AttackPotion"},{"floor":14,"key":"FocusPotion"}],"is_trial":false,"path_per_floor":["M","?","T","$","M","E","$","M","T","?","R","M","T","E","R"],"character_chosen":"DEFECT","items_purchased":["Self Repair"],"campfire_rested":1,"item_purchase_floors":[4],"current_hp_per_floor":[75,80,80,80,80,66,66,70,70,60,60,61,61,31,57,0],"gold":145,"neow_bonus":"ONE_RANDOM_RARE_CARD","is_prod":false,"is_daily":false,"chose_seed":false,"campfire_upgraded":1,"win_rate":0.0,"timestamp":1531634934,"path_taken":["M","?","?","$","?","E","?","M","T","?","R","M","?","E","R","BOSS"],"build_version":"2018-07-12","purchased_purges":1,"victory":false,"max_hp_per_floor":[75,80,80,80,80,80,80,80,80,80,80,80,80,87,87,87],"card_choices":[{"not_picked":["Leap","Reinforced Body"],"picked":"Auto Shields","floor":1.0},{"not_picked":["Capacitor","Redo"],"picked":"Gash","floor":5.0},{"not_picked":["Scrape","Coolheaded"],"picked":"Hologram","floor":6.0},{"not_picked":["Chaos","Leap"],"picked":"Reprogram","floor":8.0},{"not_picked":["Hello World","Hologram"],"picked":"BootSequence","floor":10},{"not_picked":["Heatsinks","Redo"],"picked":"Capacitor","floor":12},{"not_picked":["Aggregate","Fusion"],"picked":"Go for the Eyes","floor":14},{"not_picked":["Leap","Undo"],"picked":"Redo","floor":15}],"player_experience":166485,"relics_obtained":[{"floor":3.0,"key":"Dream Catcher"},{"floor":6.0,"key":"Potion Belt"},{"floor":9.0,"key":"Mummified Hand"},{"floor":10,"key":"Odd Mushroom"},{"floor":13,"key":"Anchor"},{"floor":14,"key":"Strawberry"}],"event_choices":[{"event_name":"Big Fish","player_choice":"Donut","floor":2.0,"damage_taken":0.0},{"event_name":"Mushrooms","player_choice":"Fought Mushrooms","floor":10,"damage_taken":0}],"boss_relics":[],"items_purged_floors":[7],"is_endless":false,"potions_floor_spawned":[5,6,12,14],"killed_by":"Hexaghost","ascension_level":0}