{"gold_per_floor":[109,109,34,34,53,392,392,71,71,71,90,111,154,154,154,273,273,297,297,42,42,67,67,111,132,132,132,171,171,204,222,222,342,342,367,390,390,411,744,744,237,459,482,78,78,95,138,152,152,152],"floor_reached":51,"playtime":2505,"items_purged":["Rainbow","Force Field","Strike_B"],"score":893,"play_id":"1d2173d6-7240-4519-bbc4-3dbeeab9980b","local_time":"20180718171250","daily_mods":["Heirloom","Insanity","Time Dilation","Vintage"],"is_ascension_mode":false,"campfire_choices":[{"data":"Consume","floor":7.0,"key":"SMITH"},{"data":"Zap","floor":10.0,"key":"SMITH"},{"data":"Glacier","floor":15.0,"key":"SMITH"},{"floor":23.0,"key":"DIG"},{"data":"Seek","floor":27.0,"key":"SMITH"},{"data":"Genetic Algorithm","floor":29.0,"key":"SMITH"},{"data":"Amplify","floor":32.0,"key":"SMITH"},{"data":"Apotheosis","floor":40,"key":"SMITH"},{"data":"Self Repair","floor":45,"key":"PURGE"},{"data":"Darkness","floor":49,"key":"PURGE"}],"neow_cost":"","seed_source_timestamp":0,"circlet_count":0,"master_deck":["Reinforced Body","All For One+1","Scrape","Meteor Strike","Biased Cognition","Streamline","Static Discharge","Lockon","Self Repair","Blizzard","Reboot","Leap","Chill","Storm","Multi-Cast","Chill","Heatsinks","Redo","Fission","Beam Cell+1","Echo Form","BootSequence","Zap+1","Genetic Algorithm+1","Ball Lightning","Loop","Scrape","Tempest","Auto Shields","Glacier+1","Chill","Fission","Conserve Battery","Sunder","Creative AI","Hyperbeam","Tempest","Rainbow+1","Zap","Self Repair","Sunder","Steam","Compile Driver","Consume+1","FTL","Seek+1","Coolheaded+1","Amplify+1","Beam Cell+1","Seek","Apotheosis+1","Panacea","Mind Blast+1","Magnetism+1"],"special_seed":0,"relics":["Cracked Core","Shovel","Blood Vial","Cables","Old Coin","Whetstone","Meat on the Bone","Juzu Bracelet","Calipers","Bronze Scales","Blue Candle","Coffee Dripper","Omamori","Bottled Lightning","Ginger","The Courier","Oddly Smooth Stone","Bag of Marbles","Frozen Egg 2","Red Mask","Mummified Hand","War Paint","Art of War","Sozu","Happy Flower","Molten Egg 2","Singing Bowl","Prayer Wheel","Dream Catcher","DataDisk","Peace Pipe","Boot","Tiny Chest","Torii"],"potions_floor_usage":[],"damage_taken":[{"damage":0.0,"enemies":"2 Louse","floor":1.0,"turns":2.0},{"damage":1.0,"enemies":"Jaw Worm","floor":5.0,"turns":2.0},{"damage":10.0,"enemies":"3 Sentries","floor":6.0,"turns":6.0},{"damage":0.0,"enemies":"Small Slimes","floor":11.0,"turns":3.0},{"damage":0.0,"enemies":"Looter","floor":12.0,"turns":2.0},{"damage":14.0,"enemies":"Gremlin Nob","floor":13.0,"turns":3.0},{"damage":11.0,"enemies":"Hexaghost","floor":16.0,"turns":8.0},{"damage":2.0,"enemies":"3 Byrds","floor":18.0,"turns":2.0},{"damage":0.0,"enemies":"Chosen","floor":22.0,"turns":4.0},{"damage":27.0,"enemies":"Slavers","floor":24.0,"turns":5.0},{"damage":9.0,"enemies":"Centurion and Healer","floor":25.0,"turns":5.0},{"damage":10.0,"floor":28.0,"turns":4.0},{"damage":12.0,"enemies":"Book of Stabbing","floor":30.0,"turns":4.0},{"damage":2.0,"enemies":"Snake Plant","floor":31.0,"turns":2.0},{"damage":1.0,"enemies":"Champ","floor":33.0,"turns":7.0},{"damage":0,"enemies":"3 Shapes","floor":35,"turns":2},{"damage":0,"enemies":"Orb Walker","floor":36,"turns":2},{"damage":1,"enemies":"Sphere and 2 Shapes","floor":38,"turns":2},{"damage":0,"enemies":"3 Darklings","floor":46,"turns":2},{"damage":0,"enemies":"Spire Growth","floor":47,"turns":3},{"damage":0,"enemies":"Sphere and 2 Shapes","floor":48,"turns":3},{"damage":0,"enemies":"Donu and Deca","floor":50,"turns":5}],"seed_played":"3533844483908991942","potions_obtained":[{"floor":5.0,"key":"Ancient Potion"},{"floor":12.0,"key":"Energy Potion"},{"floor":16.0,"key":"Dexterity Potion"},{"floor":22.0,"key":"Weak Potion"},{"floor":28.0,"key":"PowerPotion"},{"floor":30.0,"key":"SteroidPotion"},{"floor":33.0,"key":"GamblersBrew"}],"is_trial":true,"path_per_floor":["M","?","$","?","M","E","R","$","T","R","M","M","E","?","R","B",null,"M","?","$","?","M","R","E","M","T","R","?","R","E","M","R","B",null,"M","M","?","M","?","R","$","?","T","$","R","M","M","M","R","B"],"character_chosen":"DEFECT","items_purchased":["FTL","Whetstone","Bottled Lightning","Magnetism+1","Prayer Wheel","DataDisk","Peace Pipe"],"campfire_rested":0,"item_purchase_floors":[8,8,20,41,41,44,44],"current_hp_per_floor":[75,68,68,50,51,57,57,57,57,57,59,68,56,56,56,61,75,73,73,73,73,75,75,48,48,48,48,54,54,58,65,65,75,75,75,75,65,66,66,66,66,66,66,66,66,68,75,75,75,75],"gold":152,"neow_bonus":"","is_prod":false,"is_daily":false,"chose_seed":false,"campfire_upgraded":7,"win_rate":0,"timestamp":1531901570,"path_taken":["M","?","$","?","M","E","R","?","T","R","M","M","E","?","R","BOSS","M","?","$","?","M","R","E","M","T","R","?","R","E","M","R","BOSS","M","M","?","M","?","R","$","?","T","?","R","M","M","M","R","BOSS"],"build_version":"2018-07-12","purchased_purges":3,"victory":true,"max_hp_per_floor":[75,75,75,75,75,75,75,75,75,75,75,75,75,75,75,75,75,75,75,75,75,75,75,75,75,75,75,75,75,75,75,75,75,75,75,75,75,75,75,75,75,75,75,75,75,75,75,75,75,75],"card_choices":[{"not_picked":["Steam","Coolheaded"],"picked":"Consume","floor":6.0},{"not_picked":["Fission","BootSequence","Cold Snap"],"picked":"SKIP","floor":13.0},{"not_picked":["Machine Learning","Rainbow"],"picked":"Seek","floor":16.0},{"not_picked":["Reprogram+1","Turbo+1"],"picked":"Amplify","floor":24.0},{"not_picked":["Consume","Streamline"],"picked":"Beam Cell+1","floor":30.0},{"not_picked":["All For One","Multi-Cast"],"picked":"Seek","floor":33.0},{"not_picked":["Bandage Up","Good Instincts"],"picked":"Apotheosis","floor":37},{"not_picked":["Purity","Blind"],"picked":"Panacea","floor":37},{"not_picked":["Deep Breath","Jack Of All Trades"],"picked":"Mind Blast+1","floor":37}],"player_experience":197738,"relics_obtained":[{"floor":1.0,"key":"Blood Vial"},{"floor":5.0,"key":"Cables"},{"floor":6.0,"key":"Old Coin"},{"floor":9.0,"key":"Meat on the Bone"},{"floor":11.0,"key":"Juzu Bracelet"},{"floor":12.0,"key":"Calipers"},{"floor":13.0,"key":"Bronze Scales"},{"floor":16.0,"key":"Blue Candle"},{"floor":18.0,"key":"Omamori"},{"floor":22.0,"key":"Ginger"},{"floor":23.0,"key":"The Courier"},{"floor":24.0,"key":"Oddly Smooth Stone"},{"floor":25.0,"key":"Bag of Marbles"},{"floor":26.0,"key":"Frozen Egg 2"},{"floor":28.0,"key":"Red Mask"},{"floor":30.0,"key":"Mummified Hand"},{"floor":31.0,"key":"War Paint"},{"floor":33.0,"key":"Art of War"},{"floor":35,"key":"Happy Flower"},{"floor":36,"key":"Molten Egg 2"},{"floor":38,"key":"Singing Bowl"},{"floor":43,"key":"Dream Catcher"},{"floor":46,"key":"Boot"},{"floor":47,"key":"Tiny Chest"},{"floor":48,"key":"Torii"}],"event_choices":[{"event_name":"Golden Wing","player_choice":"Card Removal","floor":2.0,"damage_taken":0.0},{"event_name":"Golden Idol","player_choice":"Take Damage","floor":4.0,"damage_taken":0.0},{"event_name":"The Woman in Blue","player_choice":"Bought 0 Potions","floor":14.0,"damage_taken":0.0},{"event_name":"Purifier","player_choice":"One Purge","floor":19.0,"damage_taken":0.0},{"event_name":"The Library","player_choice":"Read","floor":21.0,"damage_taken":0.0},{"event_name":"Masked Bandits","player_choice":"Fought over 132 gold","floor":28.0,"damage_taken":0.0},{"event_name":"SensoryStone","player_choice":"Memory 3","floor":37,"damage_taken":0},{"event_name":"The Moai Head","player_choice":"Gave Idol","floor":39,"damage_taken":0},{"event_name":"Tomb of Lord Red Mask","player_choice":"Wore Mask","floor":42,"damage_taken":0}],"boss_relics":[{"not_picked":["Fusion Hammer","Runic Dome"],"picked":"Coffee Dripper"},{"not_picked":["Philosopher\u0027s Stone","Tiny House"],"picked":"Sozu"}],"items_purged_floors":[3,8,41],"is_endless":false,"potions_floor_spawned":[5,12,16,22,24,28,30,33,36,46,47],"ascension_level":0}