{"gold_per_floor":[112,387,399,418,378,378,413,413,465,475,488,21,21,50,50,127,127,137,154,166,4,20,20,53,53,79,91,103],"floor_reached":28,"playtime":1263,"items_purged":["Regret"],"score":459,"play_id":"f35fba8e-1cd5-4792-99bf-bcc21355c590","local_time":"20190405154625","is_ascension_mode":true,"campfire_choices":[{"data":"Bash","floor":6.0,"key":"SMITH"},{"data":"Spot Weakness","floor":8.0,"key":"SMITH"},{"data":"True Grit","floor":13.0,"key":"SMITH"},{"data":"Flame Barrier","floor":15.0,"key":"SMITH"},{"data":"Limit Break","floor":23.0,"key":"SMITH"},{"data":"Havoc","floor":25,"key":"SMITH"}],"neow_cost":"NONE","seed_source_timestamp":43938442486032,"circlet_count":0,"master_deck":["AscendersBane","Strike_R","Strike_R","Strike_R","Strike_R","Strike_R","Defend_R","Defend_R","Defend_R","Defend_R","Bash+1","Armaments","True Grit+1","Sword Boomerang","Feel No Pain","Spot Weakness+1","Flame Barrier+1","Clothesline","Shrug It Off","Feed","Havoc+1","True Grit","Limit Break+1","Shrug It Off","Sword Boomerang+1"],"special_seed":0,"relics":["Burning Blood","NeowsBlessing","Blood Vial","Strawberry","Ice Cream","Darkstone Periapt","Coffee Dripper","Meat on the Bone","MawBank"],"potions_floor_usage":[24,24],"damage_taken":[{"damage":0.0,"enemies":"Small Slimes","floor":1.0,"turns":1.0},{"damage":0.0,"enemies":"Cultist","floor":3.0,"turns":1.0},{"damage":0.0,"enemies":"2 Louse","floor":4.0,"turns":1.0},{"damage":12.0,"enemies":"Looter","floor":5.0,"turns":4.0},{"damage":24.0,"enemies":"3 Sentries","floor":7.0,"turns":15.0},{"damage":20.0,"enemies":"Red Slaver","floor":10.0,"turns":4.0},{"damage":2.0,"enemies":"2 Fungi Beasts","floor":11.0,"turns":4.0},{"damage":26.0,"enemies":"Gremlin Nob","floor":14.0,"turns":5.0},{"damage":10.0,"enemies":"The Guardian","floor":16.0,"turns":11.0},{"damage":23.0,"enemies":"3 Byrds","floor":18.0,"turns":6.0},{"damage":11.0,"enemies":"Shell Parasite","floor":19.0,"turns":7.0},{"damage":9.0,"enemies":"Snecko","floor":20.0,"turns":9.0},{"damage":7.0,"enemies":"Centurion and Healer","floor":22.0,"turns":7.0},{"damage":25,"enemies":"Gremlin Leader","floor":24,"turns":5},{"damage":2,"enemies":"3 Cultists","floor":28,"turns":3}],"seed_played":"6412177046271202692","potions_obtained":[{"floor":4.0,"key":"Block Potion"},{"floor":10.0,"key":"EntropicBrew"},{"floor":14.0,"key":"Strength Potion"},{"floor":24,"key":"Ancient Potion"}],"is_trial":false,"path_per_floor":["M","?","M","M","M","R","E","R","T","M","M","$","R","E","R","B",null,"M","M","M","$","M","R","E","R","T","$","M"],"character_chosen":"IRONCLAD","items_purchased":["Ice Cream","Shrug It Off","Limit Break"],"campfire_rested":0,"item_purchase_floors":[12,12,21],"current_hp_per_floor":[74,74,75,75,69,69,51,51,58,46,52,52,52,48,48,46,73,58,58,57,57,61,61,47,47,47,47,47],"gold":103,"neow_bonus":"THREE_ENEMY_KILL","is_prod":false,"is_daily":false,"chose_seed":false,"campfire_upgraded":6,"win_rate":0,"timestamp":1554453985,"path_taken":["M","?","M","M","M","R","E","R","T","M","M","$","R","E","R","BOSS","M","M","?","$","M","R","E","R","T","?","M"],"build_version":"2019-01-23","purchased_purges":1,"victory":false,"max_hp_per_floor":[75,75,75,75,75,75,75,75,82,82,82,82,82,82,82,82,82,82,85,85,85,88,88,91,91,91,91,91],"card_choices":[{"not_picked":["Clash","Sword Boomerang"],"picked":"Armaments","floor":1.0},{"not_picked":["Warcry","Cleave"],"picked":"True Grit","floor":3.0},{"not_picked":["Rupture","Sentinel"],"picked":"Sword Boomerang","floor":4.0},{"not_picked":["Clash","Burning Pact"],"picked":"Feel No Pain","floor":5.0},{"not_picked":["Perfected Strike","Pommel Strike"],"picked":"Spot Weakness","floor":7.0},{"not_picked":["Flex","Heavy Blade"],"picked":"Flame Barrier","floor":10.0},{"not_picked":["Second Wind","Brutality"],"picked":"Clothesline","floor":11.0},{"not_picked":["Armaments","Twin Strike","Bloodletting"],"picked":"SKIP","floor":14.0},{"not_picked":["Berserk","Exhume"],"picked":"Feed","floor":16.0},{"not_picked":["Infernal Blade","Flex","Perfected Strike"],"picked":"SKIP","floor":18.0},{"not_picked":["Corruption","Rupture","Havoc"],"picked":"SKIP","floor":19.0},{"not_picked":["Corruption","Rupture"],"picked":"Havoc","floor":19.0},{"not_picked":["Inflame","Sword Boomerang"],"picked":"True Grit","floor":20.0},{"not_picked":["Metallicize","Armaments"],"picked":"Shrug It Off","floor":22.0},{"not_picked":["Power Through","Demon Form"],"picked":"Sword Boomerang+1","floor":24}],"player_experience":416747,"relics_obtained":[{"floor":7.0,"key":"Blood Vial"},{"floor":9.0,"key":"Strawberry"},{"floor":14.0,"key":"Darkstone Periapt"},{"floor":24,"key":"Meat on the Bone"},{"floor":26,"key":"MawBank"}],"event_choices":[{"damage_healed":0.0,"max_hp_gain":0.0,"max_hp_loss":0.0,"gold_gain":275.0,"event_name":"Golden Shrine","player_choice":"Desecrate","floor":2.0,"gold_loss":0.0,"damage_taken":0.0,"cards_obtained":["Regret"]}],"is_beta":false,"boss_relics":[{"not_picked":["Snecko Eye","Runic Dome"],"picked":"Coffee Dripper"}],"items_purged_floors":[12],"is_endless":false,"potions_floor_spawned":[4,10,14,16,18,20,24],"killed_by":"3 Cultists","ascension_level":17}