{"gold_per_floor":[115,165,8,8,27,27,61,61,113,125,159,175,7,27,27,105,105,125,125,136,186,202,202,202],"floor_reached":24,"playtime":836,"items_purged":[],"score":391,"play_id":"03e63fa8-502e-4216-9e5a-b6e7465193f3","local_time":"20190406144626","is_ascension_mode":true,"campfire_choices":[{"data":"Bash","floor":6.0,"key":"SMITH"},{"data":"Inflame","floor":8.0,"key":"SMITH"},{"data":"Havoc","floor":15.0,"key":"SMITH"},{"data":"Uppercut","floor":23,"key":"SMITH"}],"neow_cost":"NONE","seed_source_timestamp":78767249448075,"circlet_count":0,"master_deck":["AscendersBane","Strike_R","Strike_R","Strike_R","Strike_R","Strike_R","Defend_R","Defend_R","Defend_R","Defend_R","Bash+1","Hemokinesis","Inflame+1","Battle Trance","Power Through","Ghostly Armor","True Grit","Burning Pact","Pommel Strike","Uppercut+1","Feel No Pain","Havoc+1","Offering","Headbutt+1","Inflame","Warcry+1"],"special_seed":0,"relics":["Burning Blood","Vajra","Blood Vial","Happy Flower","Sozu"],"potions_floor_usage":[],"damage_taken":[{"damage":4.0,"enemies":"2 Louse","floor":1.0,"turns":3.0},{"damage":4.0,"enemies":"Cultist","floor":5.0,"turns":3.0},{"damage":42.0,"enemies":"Gremlin Nob","floor":7.0,"turns":4.0},{"damage":2.0,"enemies":"Jaw Worm","floor":10.0,"turns":4.0},{"damage":21.0,"enemies":"3 Sentries","floor":11.0,"turns":9.0},{"damage":8.0,"enemies":"Exordium Thugs","floor":12.0,"turns":6.0},{"damage":0.0,"enemies":"Red Slaver","floor":14.0,"turns":3.0},{"damage":16.0,"enemies":"The Guardian","floor":16.0,"turns":7.0},{"damage":4.0,"enemies":"Chosen","floor":18.0,"turns":5.0},{"damage":15,"enemies":"Shell Parasite","floor":20,"turns":4},{"damage":42,"enemies":"Cultist and Chosen","floor":22,"turns":6},{"damage":27,"enemies":"Gremlin Leader","floor":24,"turns":4}],"seed_played":"-3301363115028294836","potions_obtained":[{"floor":0.0,"key":"EssenceOfSteel"},{"floor":0.0,"key":"Weak Potion"},{"floor":5.0,"key":"Fire Potion"},{"floor":11.0,"key":"Energy Potion"},{"floor":16.0,"key":"Ancient Potion"}],"is_trial":false,"path_per_floor":["M","?","$","?","M","R","E","R","T","M","E","M","$","M","R","B",null,"M","?","M","?","M","R","E"],"character_chosen":"IRONCLAD","items_purchased":["Inflame","Battle Trance","Uppercut","Feel No Pain","Havoc"],"campfire_rested":0,"item_purchase_floors":[3,3,13,13,13],"current_hp_per_floor":[70,70,70,70,72,72,36,36,36,42,29,29,29,37,37,29,64,68,68,61,61,27,27,2],"gold":202,"neow_bonus":"THREE_SMALL_POTIONS","is_prod":false,"is_daily":false,"chose_seed":false,"campfire_upgraded":4,"win_rate":0,"timestamp":1554536786,"path_taken":["M","?","?","?","M","R","E","R","T","?","E","M","?","M","R","BOSS","M","?","M","?","M","R","E"],"build_version":"2019-01-23","purchased_purges":0,"victory":false,"max_hp_per_floor":[75,75,75,75,75,75,75,75,75,75,75,75,75,75,75,75,75,75,75,75,75,75,75,75],"card_choices":[{"not_picked":["Feel No Pain","Blood for Blood"],"picked":"Hemokinesis","floor":1.0},{"not_picked":["Havoc","Perfected Strike"],"picked":"Power Through","floor":5.0},{"not_picked":["Rupture","Headbutt"],"picked":"Ghostly Armor","floor":7.0},{"not_picked":["Heavy Blade","Sword Boomerang"],"picked":"True Grit","floor":10.0},{"not_picked":["Rupture","Perfected Strike"],"picked":"Burning Pact","floor":11.0},{"not_picked":["Armaments","Seeing Red"],"picked":"Pommel Strike","floor":12.0},{"not_picked":["Twin Strike","Clash","Hemokinesis"],"picked":"SKIP","floor":14.0},{"not_picked":["Impervious","Reaper"],"picked":"Offering","floor":16.0},{"not_picked":["Perfected Strike+1","Cleave"],"picked":"Headbutt+1","floor":18.0},{"not_picked":["True Grit","Intimidate"],"picked":"Inflame","floor":20},{"not_picked":["Power Through","Dropkick"],"picked":"Warcry+1","floor":22}],"player_experience":428305,"relics_obtained":[{"floor":7.0,"key":"Vajra"},{"floor":9.0,"key":"Blood Vial"},{"floor":11.0,"key":"Happy Flower"}],"event_choices":[{"damage_healed":0.0,"max_hp_gain":0.0,"max_hp_loss":0.0,"gold_gain":50.0,"event_name":"Golden Shrine","player_choice":"Pray","floor":2.0,"gold_loss":0.0,"damage_taken":0.0},{"damage_healed":0.0,"max_hp_gain":0.0,"max_hp_loss":0.0,"gold_gain":0.0,"event_name":"The Cleric","player_choice":"Leave","floor":4.0,"gold_loss":0.0,"damage_taken":0.0},{"damage_healed":0.0,"max_hp_gain":0.0,"max_hp_loss":0.0,"gold_gain":0.0,"event_name":"Ghosts","player_choice":"Ignored","floor":19.0,"gold_loss":0.0,"damage_taken":0.0},{"damage_healed":0,"gold_gain":50,"player_choice":"Pray","damage_taken":0,"max_hp_gain":0,"max_hp_loss":0,"event_name":"Golden Shrine","floor":21,"gold_loss":0}],"is_beta":false,"boss_relics":[{"not_picked":["Cursed Key","Snecko Eye"],"picked":"Sozu"}],"items_purged_floors":[],"is_endless":false,"potions_floor_spawned":[5,10,11,16],"killed_by":"Gremlin Leader","ascension_level":18}