{"gold_per_floor":[117,136,211,211,224,224,237,252,252,252,252,10,10],"floor_reached":13,"playtime":805,"items_purged":["Strike_B"],"score":143,"play_id":"b6b3c2e7-9a9d-491c-bf32-d9a9868cbb8a","local_time":"20190527214309","is_ascension_mode":true,"campfire_choices":[{"data":"Darkness","floor":6,"key":"SMITH"}],"neow_cost":"CURSE","seed_source_timestamp":238639788275533,"circlet_count":0,"master_deck":["AscendersBane","Strike_B","Defend_B","Defend_B","Defend_B","Defend_B","Zap","Dualcast","Clumsy","Echo Form","Rainbow","Ball Lightning","Darkness+1","BootSequence","Redo"],"relics":["Cracked Core","Orichalcum","Darkstone Periapt","Dream Catcher"],"potions_floor_usage":[13],"damage_taken":[{"damage":10,"enemies":"Small Slimes","floor":1,"turns":3},{"damage":12,"enemies":"Jaw Worm","floor":2,"turns":5},{"damage":0,"enemies":"Cultist","floor":5,"turns":4},{"damage":12,"enemies":"3 Louse","floor":7,"turns":3},{"damage":6,"enemies":"Blue Slaver","floor":8,"turns":3},{"damage":14,"enemies":"Exordium Wildlife","floor":13,"turns":3}],"seed_played":"2778154650442978197","potions_obtained":[{"floor":5,"key":"SkillPotion"},{"floor":8,"key":"LiquidBronze"}],"is_trial":false,"path_per_floor":["M","M","?","T","M","R","M","M","T","?","$","$","M"],"character_chosen":"DEFECT","items_purchased":["Dream Catcher"],"campfire_rested":0,"item_purchase_floors":[12],"current_hp_per_floor":[54,42,31,31,31,31,19,13,13,13,13,13,0],"gold":10,"neow_bonus":"TRANSFORM_TWO_CARDS","is_prod":false,"is_daily":false,"chose_seed":false,"campfire_upgraded":1,"win_rate":0,"timestamp":1559018589,"path_taken":["M","M","?","?","M","R","M","M","T","?","?","$","?"],"build_version":"2019-01-23","purchased_purges":1,"victory":false,"max_hp_per_floor":[71,71,71,71,71,71,71,71,71,71,71,71,71],"card_choices":[{"not_picked":["Compile Driver","Barrage","Beam Cell"],"picked":"SKIP","floor":1},{"not_picked":["Gash","Sweeping Beam"],"picked":"Ball Lightning","floor":2},{"not_picked":["Compile Driver","Rebound"],"picked":"Darkness","floor":5},{"not_picked":["Chill","Buffer"],"picked":"BootSequence","floor":7},{"not_picked":["Barrage","Coolheaded"],"picked":"Redo","floor":8}],"player_experience":778084,"relics_obtained":[{"floor":4,"key":"Orichalcum"},{"floor":9,"key":"Darkstone Periapt"}],"event_choices":[{"damage_healed":0,"gold_gain":75,"player_choice":"Gather Gold","damage_taken":11,"max_hp_gain":0,"max_hp_loss":0,"event_name":"World of Goop","floor":3,"gold_loss":0},{"damage_healed":0,"gold_gain":0,"player_choice":"Ignored","damage_taken":0,"max_hp_gain":0,"max_hp_loss":0,"event_name":"Shining Light","floor":10,"gold_loss":0}],"is_beta":false,"boss_relics":[],"items_purged_floors":[12],"is_endless":false,"potions_floor_spawned":[5,8],"killed_by":"Exordium Wildlife","ascension_level":18}