{"gold_per_floor":[359,359,359,374,385,385,404,415,415,50,64,99,99,99,99,194,194,214,139,156,181,4,4,15,15,39,39,54,4,17,33,33,136,136,149,149,160,160,160,180,180,180,180,15,35,35,35,45,45,45],"floor_reached":50,"playtime":2114,"items_purged":["Regret","Strike_R","Fire Breathing"],"score":494,"play_id":"933f2093-3919-4f8c-b9f5-b3535c580eac","local_time":"20190126011536","is_ascension_mode":false,"campfire_choices":[{"data":"Iron Wave","floor":6,"key":"SMITH"},{"floor":15,"key":"RECALL"},{"data":"Armaments","floor":23,"key":"SMITH"},{"floor":32,"key":"REST"},{"data":"Barricade","floor":41,"key":"SMITH"},{"floor":46,"key":"REST"},{"data":"Impervious","floor":49,"key":"SMITH"}],"neow_cost":"CURSE","seed_source_timestamp":48189402097372,"circlet_count":0,"master_deck":["Strike_R+1","Strike_R+1","Strike_R+1","Defend_R+1","Defend_R+1","Defend_R+1","Defend_R+1","Bash","Iron Wave+1","Flex","Body Slam+1","Metallicize","Armaments+1","Impervious+1","Body Slam+1","Fire Breathing","Reaper+1","Iron Wave+1","Demon Form","Barricade+1","Enlightenment","Madness","Madness","Inflame"],"relics":["Burning Blood","Molten Egg 2","Thread and Needle","Singing Bowl","Charon\u0027s Ashes","Paper Frog","Black Star","Red Mask","Busted Crown","Ornamental Fan"],"potions_floor_usage":[4,12,24,30,33,33,45,50],"damage_taken":[{"damage":13,"enemies":"Jaw Worm","floor":1,"turns":4},{"damage":17,"enemies":"Cultist","floor":4,"turns":5},{"damage":0,"enemies":"Small Slimes","floor":5,"turns":3},{"damage":18,"enemies":"Exordium Wildlife","floor":7,"turns":6},{"damage":3,"enemies":"2 Fungi Beasts","floor":8,"turns":4},{"damage":0,"enemies":"Looter","floor":11,"turns":4},{"damage":9,"enemies":"Lagavulin","floor":12,"turns":9},{"damage":52,"enemies":"The Guardian","floor":16,"turns":11},{"damage":13,"enemies":"2 Thieves","floor":18,"turns":5},{"damage":27,"enemies":"3 Byrds","floor":20,"turns":7},{"damage":24,"enemies":"Masked Bandits","floor":21,"turns":6},{"damage":20,"enemies":"Cultist and Chosen","floor":24,"turns":7},{"damage":15,"enemies":"Colosseum Slavers","floor":25,"turns":5},{"damage":0,"enemies":"Centurion and Healer","floor":28,"turns":8},{"damage":7,"enemies":"Snake Plant","floor":30,"turns":6},{"damage":6,"enemies":"Snecko","floor":31,"turns":7},{"damage":48,"enemies":"Automaton","floor":33,"turns":13},{"damage":0,"enemies":"3 Shapes","floor":35,"turns":6},{"damage":38,"enemies":"3 Darklings","floor":37,"turns":6},{"damage":0,"enemies":"Maw","floor":40,"turns":5},{"damage":34,"enemies":"Spire Growth","floor":45,"turns":5},{"damage":0,"enemies":"3 Darklings","floor":48,"turns":6},{"damage":104,"enemies":"Donu and Deca","floor":50,"turns":8}],"seed_played":"7885661779917305322","potions_obtained":[{"floor":1,"key":"BloodPotion"},{"floor":5,"key":"Ancient Potion"},{"floor":12,"key":"GamblersBrew"},{"floor":24,"key":"Block Potion"},{"floor":28,"key":"Dexterity Potion"},{"floor":31,"key":"Block Potion"},{"floor":37,"key":"SkillPotion"},{"floor":48,"key":"Weak Potion"}],"is_trial":false,"path_per_floor":["M","?","?","M","M","R","M","M","T","$","M","E","T","?","R","B",null,"M","?","M","?","$","R","M","?","T","?","M","$","M","M","R","B",null,"M","?","M","?","?","M","R","?","T","$","M","R","$","M","R","B"],"character_chosen":"IRONCLAD","items_purchased":["Metallicize","Singing Bowl","Fire Breathing","Iron Wave+1","Inflame"],"campfire_rested":2,"item_purchase_floors":[10,10,22,29,44],"current_hp_per_floor":[73,55,55,52,58,58,46,49,49,49,55,54,54,54,54,8,82,77,77,56,40,40,40,28,19,19,19,25,25,32,37,64,43,90,92,92,76,76,76,92,92,80,80,80,59,88,88,100,100,0],"gold":45,"neow_bonus":"TWO_FIFTY_GOLD","is_prod":false,"is_daily":false,"chose_seed":false,"campfire_upgraded":4,"win_rate":0,"timestamp":1548461736,"path_taken":["M","?","?","?","M","R","M","M","T","$","M","E","?","?","R","BOSS","M","?","M","?","$","R","M","?","T","?","M","$","M","M","R","BOSS","M","?","M","?","?","M","R","?","T","$","M","R","?","M","R","BOSS"],"build_version":"2019-01-23","purchased_purges":3,"victory":false,"max_hp_per_floor":[80,80,80,80,80,80,80,80,80,80,80,82,82,82,82,82,82,84,84,84,86,86,86,88,88,88,88,88,88,90,90,90,90,90,92,92,94,94,94,96,96,96,96,96,98,98,98,100,100,100],"card_choices":[{"not_picked":["Pommel Strike","Clothesline"],"picked":"Iron Wave","floor":1},{"not_picked":["Power Through","Warcry"],"picked":"Flex","floor":4},{"not_picked":["Warcry","Wild Strike+1"],"picked":"Body Slam+1","floor":5},{"not_picked":["Ghostly Armor","True Grit"],"picked":"Anger+1","floor":7},{"not_picked":["Shrug It Off","Havoc"],"picked":"Fire Breathing","floor":8},{"not_picked":["Warcry","Rampage+1"],"picked":"Armaments","floor":11},{"not_picked":["Clothesline+1","Whirlwind+1","Anger+1"],"picked":"Singing Bowl","floor":12},{"not_picked":["Brutality","Double Tap"],"picked":"Impervious","floor":16},{"not_picked":["Flex","Twin Strike+1","Warcry"],"picked":"Singing Bowl","floor":18},{"not_picked":["Dual Wield","Whirlwind+1"],"picked":"Body Slam+1","floor":20},{"not_picked":["Headbutt+1","Shockwave","Wild Strike+1"],"picked":"Singing Bowl","floor":21},{"not_picked":["Perfected Strike+1","Heavy Blade+1","Clash+1"],"picked":"Singing Bowl","floor":24},{"not_picked":["Clothesline+1","Armaments"],"picked":"Reaper+1","floor":28},{"not_picked":["Headbutt+1","Twin Strike+1","Burning Pact+1"],"picked":"Singing Bowl","floor":30},{"not_picked":["Iron Wave+1","Clothesline+1"],"picked":"Demon Form","floor":31},{"not_picked":["Double Tap","Juggernaut"],"picked":"Barricade","floor":33},{"not_picked":["Flex+1"],"picked":"Singing Bowl","floor":35},{"not_picked":[],"picked":"Enlightenment","floor":36},{"not_picked":["Warcry"],"picked":"Singing Bowl","floor":37},{"not_picked":["Sword Boomerang+1"],"picked":"Singing Bowl","floor":40},{"not_picked":["Flame Barrier"],"picked":"Singing Bowl","floor":45},{"not_picked":["Thunderclap+1"],"picked":"Singing Bowl","floor":48}],"player_experience":190020,"relics_obtained":[{"floor":9,"key":"Thread and Needle"},{"floor":12,"key":"Charon\u0027s Ashes"},{"floor":13,"key":"Paper Frog"},{"floor":21,"key":"Red Mask"},{"floor":43,"key":"Ornamental Fan"}],"event_choices":[{"damage_healed":0,"gold_gain":0,"player_choice":"Success","damage_taken":18,"relics_obtained":["Molten Egg 2"],"max_hp_gain":0,"max_hp_loss":0,"event_name":"Scrap Ooze","floor":2,"gold_loss":0},{"damage_healed":0,"gold_gain":0,"player_choice":"Bought 0 Potions","damage_taken":0,"max_hp_gain":0,"max_hp_loss":0,"event_name":"The Woman in Blue","floor":3,"gold_loss":0},{"damage_healed":0,"gold_gain":0,"player_choice":"Searched \u00271\u0027 times","damage_taken":0,"max_hp_gain":0,"max_hp_loss":0,"event_name":"Dead Adventurer","floor":14,"gold_loss":0},{"cards_removed":["Strike_R"],"damage_healed":0,"gold_gain":0,"player_choice":"Gave Gold","damage_taken":0,"max_hp_gain":0,"max_hp_loss":0,"event_name":"Beggar","floor":19,"gold_loss":75},{"damage_healed":0,"gold_gain":0,"player_choice":"Fought Bandits","damage_taken":0,"max_hp_gain":0,"max_hp_loss":0,"event_name":"Masked Bandits","floor":21,"gold_loss":0},{"damage_healed":0,"gold_gain":0,"player_choice":"Fight","damage_taken":0,"max_hp_gain":0,"max_hp_loss":0,"event_name":"Colosseum","floor":25,"gold_loss":0},{"damage_healed":0,"gold_gain":0,"player_choice":"Fled From Nobs","damage_taken":0,"max_hp_gain":0,"max_hp_loss":0,"event_name":"Colosseum","floor":25,"gold_loss":0},{"damage_healed":0,"gold_gain":0,"player_choice":"Simplicity","damage_taken":0,"max_hp_gain":0,"max_hp_loss":0,"event_name":"Back to Basics","floor":27,"gold_loss":0,"cards_upgraded":["Strike_R","Strike_R","Strike_R","Defend_R","Defend_R","Defend_R","Defend_R"]},{"damage_healed":0,"gold_gain":0,"player_choice":"Memory 1","damage_taken":0,"max_hp_gain":0,"max_hp_loss":0,"event_name":"SensoryStone","floor":36,"gold_loss":0},{"damage_healed":0,"gold_gain":0,"player_choice":"Ignored","damage_taken":0,"max_hp_gain":0,"max_hp_loss":0,"event_name":"Tomb of Lord Red Mask","floor":38,"gold_loss":0},{"cards_removed":["Anger"],"damage_healed":0,"gold_gain":0,"player_choice":"Removed Attack","damage_taken":0,"max_hp_gain":0,"max_hp_loss":0,"event_name":"Falling","floor":39,"gold_loss":0},{"damage_healed":0,"gold_gain":0,"player_choice":"Embrace Madness","damage_taken":12,"max_hp_gain":0,"max_hp_loss":0,"event_name":"Winding Halls","floor":42,"gold_loss":0,"cards_obtained":["Madness","Madness"]}],"is_beta":false,"boss_relics":[{"not_picked":["Mark of Pain","Tiny House"],"picked":"Black Star"},{"not_picked":["Runic Pyramid","Black Blood"],"picked":"Busted Crown"}],"items_purged_floors":[10,22,44],"is_endless":false,"potions_floor_spawned":[1,5,12,24,25,28,31,37,48],"killed_by":"Donu and Deca","ascension_level":0}