{"gold_per_floor":[117,117,5,20,50,50,88,88],"floor_reached":8,"playtime":173,"items_purged":[],"score":95,"play_id":"bda9e785-f514-473f-84ea-f9159c06a36d","local_time":"20190319184141","is_ascension_mode":true,"campfire_choices":[{"data":"Uppercut","floor":6.0,"key":"SMITH"}],"neow_cost":"NONE","seed_source_timestamp":0,"circlet_count":0,"master_deck":["AscendersBane","Strike_R","Strike_R","Strike_R","Strike_R","Strike_R","Defend_R","Defend_R","Defend_R","Defend_R","Bash","Forethought","Wild Strike","Metallicize","Uppercut+1","True Grit","Clothesline"],"special_seed":0,"relics":["Burning Blood","Golden Idol","Tiny Chest","Blue Candle"],"potions_floor_usage":[],"damage_taken":[{"damage":11.0,"enemies":"Jaw Worm","floor":1.0,"turns":4.0},{"damage":11.0,"enemies":"2 Louse","floor":4.0,"turns":3.0},{"damage":22.0,"enemies":"Gremlin Nob","floor":7.0,"turns":5.0},{"damage":0,"enemies":"Small Slimes","floor":8,"turns":1}],"seed_played":"-6549976800859525040","potions_obtained":[{"floor":4.0,"key":"LiquidBronze"},{"floor":7.0,"key":"Swift Potion"}],"is_trial":false,"path_per_floor":["M","?","$","M","?","R","E","M"],"character_chosen":"IRONCLAD","items_purchased":["Metallicize","Uppercut"],"campfire_rested":0,"item_purchase_floors":[3,3],"current_hp_per_floor":[63,37,37,32,27,27,11,11],"gold":88,"neow_bonus":"RANDOM_COLORLESS","is_prod":false,"is_daily":false,"chose_seed":false,"campfire_upgraded":1,"win_rate":0,"timestamp":1552995701,"path_taken":["M","?","$","M","?","R","E","M"],"build_version":"2019-01-23","purchased_purges":0,"victory":false,"max_hp_per_floor":[75,75,75,75,75,75,75,75],"card_choices":[{"not_picked":["Feel No Pain","Ghostly Armor"],"picked":"Wild Strike","floor":1.0},{"not_picked":["Perfected Strike","Seeing Red"],"picked":"True Grit","floor":4.0},{"not_picked":["Searing Blow","Thunderclap"],"picked":"Clothesline","floor":7.0}],"player_experience":399007,"relics_obtained":[{"floor":7.0,"key":"Blue Candle"}],"event_choices":[{"damage_healed":0.0,"max_hp_gain":0.0,"max_hp_loss":0.0,"gold_gain":0.0,"event_name":"Golden Idol","player_choice":"Take Damage","floor":2.0,"gold_loss":0.0,"damage_taken":26.0,"relics_obtained":["Golden Idol"]},{"damage_healed":0.0,"max_hp_gain":0.0,"max_hp_loss":0.0,"gold_gain":0.0,"event_name":"Scrap Ooze","player_choice":"Success","floor":5.0,"gold_loss":0.0,"damage_taken":5.0,"relics_obtained":["Tiny Chest"]}],"is_beta":false,"boss_relics":[],"items_purged_floors":[],"is_endless":false,"potions_floor_spawned":[4,7],"killed_by":"Small Slimes","ascension_level":15}