{"gold_per_floor":[112,123,73,148,168,168,203,203,203,203,213,388,388,403,403,403],"floor_reached":16,"playtime":625,"items_purged":[],"score":100,"play_id":"3c276058-d9a0-412f-9952-d9801ebea3fe","local_time":"20180624224759","is_ascension_mode":false,"campfire_choices":[{"data":"Bash","floor":6,"key":"SMITH"},{"floor":8,"key":"REST"},{"floor":15,"key":"REST"}],"neow_cost":"NONE","seed_source_timestamp":208789935764357,"circlet_count":0,"master_deck":["Strike_R","Strike_R","Strike_R","Strike_R","Defend_R","Defend_R","Defend_R+1","Defend_R+1","Bash+1","Cleave","Shrug It Off","Cleave","Ghostly Armor","Headbutt","Disarm","Doubt","Injury","Armaments"],"relics":["Burning Blood","Unceasing Top","Gambling Chip","Golden Idol"],"potions_floor_usage":[14],"damage_taken":[{"damage":3,"enemies":"2 Louse","floor":1,"turns":3},{"damage":6,"enemies":"Cultist","floor":2,"turns":3},{"damage":10,"enemies":"Jaw Worm","floor":5,"turns":3},{"damage":52,"enemies":"Lagavulin","floor":7,"turns":9},{"damage":0,"enemies":"2 Fungi Beasts","floor":11,"turns":3},{"damage":4,"enemies":"3 Louse","floor":14,"turns":3},{"damage":69,"enemies":"Hexaghost","floor":16,"turns":16}],"seed_played":"-5393093921413505224","potions_obtained":[{"floor":5,"key":"Swift Potion"},{"floor":11,"key":"Regen Potion"}],"is_trial":false,"path_per_floor":["M","M","?","?","M","R","E","R","T","?","M","?","?","M","R"],"character_chosen":"IRONCLAD","items_purchased":[],"campfire_rested":2,"item_purchase_floors":[],"current_hp_per_floor":[80,80,80,69,65,65,19,43,43,27,33,33,33,44,68,0],"gold":403,"neow_bonus":"THREE_CARDS","is_prod":false,"is_daily":false,"chose_seed":false,"campfire_upgraded":1,"win_rate":0,"timestamp":1529873279,"path_taken":["M","M","?","?","?","R","E","R","T","?","M","?","?","?","R","BOSS"],"build_version":"2018-06-21v2","purchased_purges":0,"victory":false,"max_hp_per_floor":[80,80,80,80,80,80,80,80,80,80,80,80,80,80,80,80],"card_choices":[{"not_picked":["Thunderclap","Carnage"],"picked":"Cleave","floor":0},{"not_picked":["Perfected Strike","Thunderclap"],"picked":"Shrug It Off","floor":1},{"not_picked":["True Grit","Body Slam"],"picked":"Cleave","floor":2},{"not_picked":["Battle Trance","Twin Strike"],"picked":"Ghostly Armor","floor":5},{"not_picked":["Rupture","Fiend Fire"],"picked":"Headbutt","floor":7},{"not_picked":["Sword Boomerang","Wild Strike"],"picked":"Disarm","floor":11},{"not_picked":["Iron Wave","Inflame"],"picked":"Armaments","floor":14}],"player_experience":38860,"relics_obtained":[{"floor":7,"key":"Unceasing Top"},{"floor":9,"key":"Gambling Chip"}],"event_choices":[{"event_name":"The Cleric","player_choice":"Card Removal","floor":3,"damage_taken":0},{"event_name":"World of Goop","player_choice":"Gather Gold","floor":4,"damage_taken":0},{"event_name":"Shining Light","player_choice":"Entered Light","floor":10,"damage_taken":0},{"event_name":"Liars Game","player_choice":"agreed","floor":12,"damage_taken":0},{"event_name":"Golden Idol","player_choice":"Take Wound","floor":13,"damage_taken":0}],"boss_relics":[],"items_purged_floors":[],"is_endless":false,"potions_floor_spawned":[5,11],"killed_by":"Hexaghost","ascension_level":0}