{"gold_per_floor":[112,129,143,143,162,162,175,194,194,211,224,224,149,164,164,267,267,282,96,96,41,41,41,7,7,56,56,56,56,85,96,96,96],"floor_reached":33,"playtime":1745,"items_purged":["Strike_B","Strike_B"],"score":345,"play_id":"c221cd66-2768-480a-ab9b-956257ae4f41","local_time":"20190503210615","is_ascension_mode":true,"campfire_choices":[{"data":"White Noise","floor":6,"key":"SMITH"},{"floor":15,"key":"REST"},{"floor":23,"key":"REST"},{"data":"Rainbow","floor":25,"key":"SMITH"},{"floor":32,"key":"REST"}],"neow_cost":"NONE","seed_source_timestamp":225167558935926,"circlet_count":0,"master_deck":["Strike_B","Strike_B","Defend_B","Defend_B","Defend_B","Defend_B","Zap","Dualcast","Echo Form","Cold Snap","White Noise+1","Cold Snap","Chill","Cold Snap","Defragment","Rainbow+1","Cold Snap+1","Melter","Hologram","Decay","Chill","Cold Snap+1","Stack"],"relics":["Cracked Core","WarpedTongs","Kunai","Spirit Poop","Inserter","Tiny Chest","PreservedInsect","Darkstone Periapt","Shuriken","Ice Cream"],"potions_floor_usage":[16,16,16,31],"damage_taken":[{"damage":1,"enemies":"Small Slimes","floor":1,"turns":3},{"damage":4,"enemies":"Cultist","floor":2,"turns":3},{"damage":2,"enemies":"Jaw Worm","floor":3,"turns":3},{"damage":15,"enemies":"Red Slaver","floor":5,"turns":4},{"damage":4,"enemies":"Looter","floor":7,"turns":3},{"damage":0,"enemies":"2 Fungi Beasts","floor":8,"turns":3},{"damage":8,"enemies":"Large Slime","floor":10,"turns":6},{"damage":11,"enemies":"Gremlin Gang","floor":11,"turns":6},{"damage":0,"enemies":"2 Fungi Beasts","floor":14,"turns":3},{"damage":3,"enemies":"The Guardian","floor":16,"turns":13},{"damage":22,"enemies":"3 Byrds","floor":18,"turns":7},{"damage":63,"enemies":"Book of Stabbing","floor":30,"turns":8},{"damage":0,"enemies":"Shell Parasite","floor":31,"turns":5},{"damage":30,"enemies":"Champ","floor":33,"turns":9}],"seed_played":"5472546478368642897","potions_obtained":[{"floor":1,"key":"Ancient Potion"},{"floor":3,"key":"Strength Potion"},{"floor":7,"key":"Ancient Potion"},{"floor":10,"key":"EssenceOfSteel"},{"floor":16,"key":"SteroidPotion"},{"floor":30,"key":"SkillPotion"}],"is_trial":false,"path_per_floor":["M","M","M","?","M","R","M","M","T","M","M","?","$","M","R","B",null,"M","$","?","?","$","R","$","R","T","?","T","T","E","M","R","B"],"character_chosen":"DEFECT","items_purchased":["Melter","Hologram","Chill"],"campfire_rested":3,"item_purchase_floors":[19,19,24],"current_hp_per_floor":[74,70,68,68,53,53,49,49,49,41,30,30,30,30,52,49,69,47,47,47,47,47,69,69,69,69,69,69,69,6,6,28,0],"gold":96,"neow_bonus":"ONE_RANDOM_RARE_CARD","is_prod":false,"is_daily":false,"chose_seed":false,"campfire_upgraded":2,"win_rate":0,"timestamp":1556942775,"path_taken":["M","M","M","?","M","R","M","M","T","?","M","?","$","M","R","BOSS","M","$","?","?","$","R","$","R","T","?","?","?","E","M","R","BOSS"],"build_version":"2019-01-23","purchased_purges":2,"victory":false,"max_hp_per_floor":[75,75,75,75,75,75,75,75,75,75,75,75,75,75,75,75,75,75,75,75,75,75,75,75,75,75,75,75,75,75,75,75,75],"card_choices":[{"not_picked":["Auto Shields","Sweeping Beam"],"picked":"Cold Snap","floor":1},{"not_picked":["Loop","Barrage"],"picked":"White Noise","floor":2},{"not_picked":["Streamline","Gash"],"picked":"Cold Snap","floor":3},{"not_picked":["Reboot","Rebound"],"picked":"Chill","floor":5},{"not_picked":["Redo","Tempest"],"picked":"Cold Snap","floor":7},{"not_picked":["Compile Driver","Gash"],"picked":"Defragment","floor":8},{"not_picked":["Streamline","Steam Power","Rebound"],"picked":"SKIP","floor":10},{"not_picked":["Scrape","Biased Cognition","Redo"],"picked":"SKIP","floor":11},{"not_picked":["Heatsinks","Static Discharge","Loop"],"picked":"SKIP","floor":14},{"not_picked":["Multi-Cast","Creative AI"],"picked":"Rainbow","floor":16},{"not_picked":["Steam","Gash+1"],"picked":"Cold Snap+1","floor":18},{"not_picked":["Steam","Turbo"],"picked":"Cold Snap+1","floor":30},{"not_picked":["Compile Driver","Doom and Gloom"],"picked":"Stack","floor":31}],"player_experience":252034,"relics_obtained":[{"floor":9,"key":"Kunai"},{"floor":26,"key":"PreservedInsect"},{"floor":28,"key":"Darkstone Periapt"},{"floor":29,"key":"Shuriken"},{"floor":30,"key":"Ice Cream"}],"event_choices":[{"damage_healed":0,"gold_gain":0,"player_choice":"Rummage","damage_taken":0,"relics_obtained":["WarpedTongs"],"max_hp_gain":0,"max_hp_loss":0,"event_name":"Accursed Blacksmith","floor":4,"gold_loss":0,"cards_obtained":["Pain"]},{"cards_removed":["Pain"],"damage_healed":0,"gold_gain":0,"player_choice":"Offered Curse","damage_taken":0,"relics_obtained":["Spirit Poop"],"max_hp_gain":0,"max_hp_loss":0,"event_name":"Bonfire Elementals","floor":12,"gold_loss":0},{"damage_healed":0,"gold_gain":0,"player_choice":"Smashed Altar","damage_taken":0,"max_hp_gain":0,"max_hp_loss":0,"event_name":"Forgotten Altar","floor":20,"gold_loss":0,"cards_obtained":["Decay"]},{"damage_healed":0,"gold_gain":0,"player_choice":"Obtained Relic","damage_taken":0,"relics_obtained":["Tiny Chest"],"max_hp_gain":0,"max_hp_loss":0,"event_name":"Addict","floor":21,"gold_loss":85},{"damage_healed":0,"gold_gain":0,"player_choice":"Ignored","damage_taken":0,"max_hp_gain":0,"max_hp_loss":0,"event_name":"Ghosts","floor":27,"gold_loss":0}],"is_beta":false,"boss_relics":[{"not_picked":["Black Star","Runic Dome"],"picked":"Inserter"}],"items_purged_floors":[13,19],"is_endless":false,"potions_floor_spawned":[1,3,7,10,14,16,30],"killed_by":"Champ","ascension_level":5}