{"gold_per_floor":[112,112,130,130,145,145,165,11,36,46,46,61,236,316,316,316],"floor_reached":16,"playtime":410,"items_purged":[],"score":92,"play_id":"09f30d1e-ec90-41f5-85f4-72a7dff19599","local_time":"20190126004006","is_ascension_mode":false,"campfire_choices":[{"data":"Consume","floor":6,"key":"SMITH"},{"data":"Self Repair","floor":11,"key":"SMITH"},{"data":"Redo","floor":15,"key":"SMITH"}],"neow_cost":"NONE","seed_source_timestamp":47764122601383,"circlet_count":0,"master_deck":["Strike_B","Strike_B","Strike_B","Defend_B","Defend_B","Defend_B","Defend_B","Zap","Dualcast","Consume+1","Redo+1","Pain","Conserve Battery","Self Repair+1","Consume","Self Repair","Ball Lightning","Doubt"],"relics":["Cracked Core","NeowsBlessing","WarpedTongs","Blood Vial","Matryoshka"],"potions_floor_usage":[16],"damage_taken":[{"damage":0,"enemies":"Jaw Worm","floor":1,"turns":1},{"damage":0,"enemies":"Small Slimes","floor":3,"turns":1},{"damage":0,"enemies":"Cultist","floor":5,"turns":1},{"damage":12,"enemies":"2 Fungi Beasts","floor":7,"turns":3},{"damage":13,"enemies":"Exordium Wildlife","floor":10,"turns":5},{"damage":27,"enemies":"3 Louse","floor":12,"turns":3},{"damage":48,"enemies":"Slime Boss","floor":16,"turns":5}],"seed_played":"819221991971128141","potions_obtained":[{"floor":3,"key":"GamblersBrew"},{"floor":5,"key":"Dexterity Potion"}],"is_trial":false,"path_per_floor":["M","?","M","?","M","R","M","$","T","M","R","M","?","T","R","B"],"character_chosen":"DEFECT","items_purchased":["Self Repair","Consume"],"campfire_rested":0,"item_purchase_floors":[8,8],"current_hp_per_floor":[75,68,68,68,68,68,56,56,56,45,45,40,40,40,40,0],"gold":316,"neow_bonus":"THREE_ENEMY_KILL","is_prod":false,"is_daily":false,"chose_seed":false,"campfire_upgraded":3,"win_rate":0,"timestamp":1548459606,"path_taken":["M","?","M","?","?","R","M","$","T","M","R","M","?","?","R","BOSS"],"build_version":"2019-01-23","purchased_purges":0,"victory":false,"max_hp_per_floor":[75,75,75,75,75,75,75,75,75,75,75,75,75,75,75,75],"card_choices":[{"not_picked":["Leap","Redo"],"picked":"Consume","floor":1},{"not_picked":["Scrape","Chaos"],"picked":"Redo","floor":3},{"not_picked":["Scrape","Recycle"],"picked":"Conserve Battery","floor":5},{"not_picked":["Barrage","Beam Cell","Rebound"],"picked":"SKIP","floor":7},{"not_picked":["Auto Shields","Go for the Eyes"],"picked":"Self Repair","floor":10},{"not_picked":["Sunder","Steam"],"picked":"Ball Lightning","floor":12}],"player_experience":189610,"relics_obtained":[{"floor":9,"key":"Blood Vial"},{"floor":14,"key":"Matryoshka"}],"event_choices":[{"cards_removed":["Strike_B"],"damage_healed":0,"gold_gain":0,"player_choice":"Card Removal","damage_taken":7,"max_hp_gain":0,"max_hp_loss":0,"event_name":"Golden Wing","floor":2,"gold_loss":0},{"damage_healed":0,"gold_gain":0,"player_choice":"Rummage","damage_taken":0,"relics_obtained":["WarpedTongs"],"max_hp_gain":0,"max_hp_loss":0,"event_name":"Accursed Blacksmith","floor":4,"gold_loss":0,"cards_obtained":["Pain"]},{"damage_healed":0,"gold_gain":175,"player_choice":"AGREE","damage_taken":0,"max_hp_gain":0,"max_hp_loss":0,"event_name":"Liars Game","floor":13,"gold_loss":0,"cards_obtained":["Doubt"]}],"is_beta":false,"boss_relics":[],"items_purged_floors":[],"is_endless":false,"potions_floor_spawned":[3,5],"killed_by":"Slime Boss","ascension_level":0}