{"gold_per_floor":[119,119,130,143,143,143,155,155,231,231,231,251,314,45,45,146,146,158,174,74,84,95,95,109,109,109,129,156,166,177,277,277,277],"floor_reached":33,"playtime":2937,"items_purged":["Strike_B","Defend_B"],"score":312,"play_id":"785259fb-dc73-418e-bf1e-f50367a8c45b","local_time":"20190427204013","is_ascension_mode":true,"campfire_choices":[{"data":"Dramatic Entrance","floor":6,"key":"SMITH"},{"data":"Self Repair","floor":8,"key":"SMITH"},{"floor":10,"key":"REST"},{"data":"Zap","floor":15,"key":"SMITH"},{"floor":23,"key":"REST"},{"floor":32,"key":"REST"}],"neow_cost":"NONE","seed_source_timestamp":1082235227699513,"circlet_count":0,"master_deck":["Strike_B","Strike_B","Defend_B","Defend_B","Zap+1","Dualcast","Scrape","Dramatic Entrance+1","Self Repair+1","Scrape","Reboot","Beam Cell","BootSequence","Beam Cell+1","Go for the Eyes","White Noise+1"],"relics":["Cracked Core","Dodecahedron","Tiny Chest","Lee\u0027s Waffle","Fusion Hammer","Blue Candle","Bottled Lightning","Gambling Chip","Ice Cream","Bottled Tornado"],"potions_floor_usage":[13,13,16,24,24,28,31],"damage_taken":[{"damage":3,"enemies":"Jaw Worm","floor":1,"turns":4},{"damage":0,"enemies":"Cultist","floor":3,"turns":2},{"damage":7,"enemies":"Small Slimes","floor":4,"turns":2},{"damage":6,"enemies":"Looter","floor":7,"turns":4},{"damage":10,"enemies":"2 Fungi Beasts","floor":12,"turns":3},{"damage":31,"enemies":"Lagavulin","floor":13,"turns":7},{"damage":75,"enemies":"The Guardian","floor":16,"turns":12},{"damage":47,"enemies":"2 Thieves","floor":18,"turns":4},{"damage":20,"enemies":"Shell Parasite","floor":19,"turns":4},{"damage":7,"enemies":"Cultist and Chosen","floor":21,"turns":4},{"damage":33,"enemies":"Snake Plant","floor":22,"turns":3},{"damage":18,"enemies":"Snecko","floor":24,"turns":3},{"damage":21,"enemies":"Sentry and Sphere","floor":27,"turns":5},{"damage":18,"enemies":"Gremlin Leader","floor":28,"turns":6},{"damage":2,"enemies":"Cultist and Chosen","floor":29,"turns":4},{"damage":8,"enemies":"Snake Plant","floor":30,"turns":3},{"damage":5,"enemies":"Colosseum Slavers","floor":31,"turns":4},{"damage":38,"enemies":"Colosseum Nobs","floor":31,"turns":5},{"damage":44,"enemies":"Champ","floor":33,"turns":7}],"seed_played":"6504859500983386831","potions_obtained":[{"floor":1,"key":"SpeedPotion"},{"floor":12,"key":"Block Potion"},{"floor":13,"key":"Fire Potion"},{"floor":19,"key":"GamblersBrew"},{"floor":21,"key":"Poison Potion"},{"floor":27,"key":"Regen Potion"},{"floor":30,"key":"Block Potion"}],"is_trial":false,"path_per_floor":["M","?","M","M","?","R","M","R","T","R","?","M","E","$","R","B",null,"M","M","$","M","M","R","M","?","T","M","E","M","M","?","R","B"],"character_chosen":"DEFECT","items_purchased":["Lee\u0027s Waffle"],"campfire_rested":3,"item_purchase_floors":[14],"current_hp_per_floor":[72,72,72,65,65,65,59,59,59,75,68,68,47,82,82,7,82,45,35,35,38,15,39,31,31,31,20,27,35,37,14,38,0],"gold":277,"neow_bonus":"THREE_CARDS","is_prod":false,"is_daily":false,"chose_seed":false,"campfire_upgraded":3,"win_rate":0,"timestamp":1556422813,"path_taken":["M","?","M","?","?","R","M","R","T","R","?","M","E","$","R","BOSS","M","M","$","M","M","R","M","?","T","M","E","M","?","?","R","BOSS"],"build_version":"2019-01-23","purchased_purges":2,"victory":false,"max_hp_per_floor":[75,75,75,75,75,75,75,75,75,75,75,75,75,82,82,82,82,82,82,82,82,82,82,82,82,82,82,82,82,82,82,82,82],"card_choices":[{"not_picked":["Stack","Streamline"],"picked":"Scrape","floor":0},{"not_picked":["Storm","Ball Lightning","Conserve Battery"],"picked":"SKIP","floor":1},{"not_picked":["White Noise","Ball Lightning","Compile Driver"],"picked":"SKIP","floor":3},{"not_picked":["Ball Lightning","Rebound","Rip and Tear"],"picked":"SKIP","floor":4},{"not_picked":["Ball Lightning","Beam Cell"],"picked":"Self Repair","floor":7},{"not_picked":["Lockon","Coolheaded","Leap"],"picked":"SKIP","floor":12},{"not_picked":["Rip and Tear","Electrodynamics"],"picked":"Scrape","floor":13},{"not_picked":["Core Surge","Electrodynamics"],"picked":"Reboot","floor":16},{"not_picked":["Self Repair","Leap+1"],"picked":"Beam Cell","floor":18},{"not_picked":["Darkness","Recycle"],"picked":"BootSequence","floor":19},{"not_picked":["Darkness","Streamline"],"picked":"Beam Cell+1","floor":21},{"not_picked":["Hologram+1","Beam Cell+1"],"picked":"Go for the Eyes","floor":22},{"not_picked":["Defragment","Chaos+1","Barrage"],"picked":"SKIP","floor":24},{"not_picked":["Hologram","Steam","Aggregate"],"picked":"SKIP","floor":27},{"not_picked":["Blizzard+1","Rip and Tear"],"picked":"White Noise+1","floor":28},{"not_picked":["Multi-Cast","Cold Snap","Chaos"],"picked":"SKIP","floor":29},{"not_picked":["Ball Lightning","Sweeping Beam+1","Hologram"],"picked":"SKIP","floor":30}],"player_experience":142820,"relics_obtained":[{"floor":9,"key":"Dodecahedron"},{"floor":13,"key":"Tiny Chest"},{"floor":25,"key":"Blue Candle"},{"floor":26,"key":"Bottled Lightning"},{"floor":28,"key":"Gambling Chip"},{"floor":31,"key":"Ice Cream"},{"floor":31,"key":"Bottled Tornado"}],"event_choices":[{"damage_healed":0,"gold_gain":0,"player_choice":"1 cards matched","damage_taken":0,"max_hp_gain":0,"max_hp_loss":0,"event_name":"Match and Keep!","floor":2,"gold_loss":0,"cards_obtained":["Dramatic Entrance"]},{"cards_removed":["Strike_B"],"damage_healed":0,"gold_gain":0,"player_choice":"Forget","damage_taken":0,"max_hp_gain":0,"max_hp_loss":0,"event_name":"Living Wall","floor":5,"gold_loss":0},{"cards_removed":["Defend_B"],"damage_healed":0,"gold_gain":0,"player_choice":"Card Removal","damage_taken":7,"max_hp_gain":0,"max_hp_loss":0,"event_name":"Golden Wing","floor":11,"gold_loss":0},{"damage_healed":0,"gold_gain":0,"player_choice":"Relic","damage_taken":0,"max_hp_gain":0,"max_hp_loss":0,"event_name":"Wheel of Change","floor":25,"gold_loss":0},{"damage_healed":0,"gold_gain":0,"player_choice":"Fight","damage_taken":0,"max_hp_gain":0,"max_hp_loss":0,"event_name":"Colosseum","floor":31,"gold_loss":0},{"damage_healed":0,"gold_gain":0,"player_choice":"Fought Nobs","damage_taken":0,"max_hp_gain":0,"max_hp_loss":0,"event_name":"Colosseum","floor":31,"gold_loss":0}],"is_beta":false,"boss_relics":[{"not_picked":["Busted Crown","Ectoplasm"],"picked":"Fusion Hammer"}],"items_purged_floors":[14,20],"is_endless":false,"potions_floor_spawned":[1,12,13,19,21,27,30,31],"killed_by":"Champ","ascension_level":3}