{"gold_per_floor":[119,135,135,145,158,158,184,184,184,184,214,278,303,322,322,418,418,429,445,460,231,241,276,296,331,331,344,376,376,391,424,424,521,521,534,579,598,610,610,644,644,675,675,703,722,733,61,96,96,96],"floor_reached":51,"playtime":3748,"items_purged":["Defend_B"],"score":983,"play_id":"ab1f95fe-2797-4ab5-a4a6-d25b0b7da185","local_time":"20190503142252","is_ascension_mode":true,"campfire_choices":[{"data":"Sunder","floor":6.0,"key":"SMITH"},{"data":"Dualcast","floor":10.0,"key":"SMITH"},{"data":"Defragment","floor":15.0,"key":"SMITH"},{"data":"Fission","floor":29,"key":"SMITH"},{"data":"Defragment","floor":32,"key":"SMITH"},{"floor":41,"key":"REST"},{"data":"Seek","floor":49,"key":"SMITH"}],"neow_cost":"NONE","seed_source_timestamp":0,"circlet_count":0,"master_deck":["Strike_B+1","Strike_B+1","Strike_B+1","Strike_B","Defend_B+1","Defend_B","Defend_B","Zap","Dualcast+1","Sunder+1","Self Repair","Ball Lightning","Conserve Battery","Seek+1","Defragment+1","Fission+1","Consume+1","Defragment+1","Blizzard+1","Loop","Loop","Cold Snap+1","Glacier+1","Loop","Creative AI","Echo Form","Electrodynamics","Double Energy+1","Seek","Flash of Steel+1"],"special_seed":0,"relics":["FrozenCore","Ancient Tea Set","Centennial Puzzle","Happy Flower","Gremlin Horn","Molten Egg 2","Smiling Mask","PreservedInsect","Girya","Darkstone Periapt","Blood Vial","Ornamental Fan","Art of War","Inserter","Nunchaku","Oddly Smooth Stone","Boot","Strawberry","Whetstone","Mummified Hand","Vajra","Singing Bowl"],"potions_floor_usage":[24,25,28,30,40,45,50,50,50],"damage_taken":[{"damage":0.0,"enemies":"Small Slimes","floor":1.0,"turns":3.0},{"damage":7.0,"enemies":"Jaw Worm","floor":2.0,"turns":4.0},{"damage":0.0,"enemies":"2 Louse","floor":4.0,"turns":1.0},{"damage":2.0,"enemies":"2 Fungi Beasts","floor":5.0,"turns":3.0},{"damage":14.0,"enemies":"Gremlin Nob","floor":7.0,"turns":3.0},{"damage":1.0,"enemies":"3 Sentries","floor":11.0,"turns":5.0},{"damage":13.0,"enemies":"Lagavulin","floor":13.0,"turns":5.0},{"damage":0.0,"enemies":"Lots of Slimes","floor":14.0,"turns":2.0},{"damage":25.0,"enemies":"The Guardian","floor":16.0,"turns":8.0},{"damage":1.0,"enemies":"Spheric Guardian","floor":18.0,"turns":4.0},{"damage":11.0,"enemies":"Shell Parasite","floor":19.0,"turns":8.0},{"damage":8.0,"enemies":"Cultist and Chosen","floor":20.0,"turns":7.0},{"damage":14.0,"enemies":"Snake Plant","floor":22.0,"turns":8.0},{"damage":17.0,"enemies":"Slavers","floor":23.0,"turns":5.0},{"damage":13,"enemies":"Centurion and Healer","floor":24,"turns":10},{"damage":18,"enemies":"Book of Stabbing","floor":25,"turns":7},{"damage":6,"enemies":"Cultist and Chosen","floor":27,"turns":6},{"damage":2,"enemies":"Gremlin Leader","floor":28,"turns":6},{"damage":11,"enemies":"Snake Plant","floor":30,"turns":5},{"damage":2,"enemies":"Book of Stabbing","floor":31,"turns":7},{"damage":25,"enemies":"Automaton","floor":33,"turns":11},{"damage":6,"enemies":"Orb Walker","floor":35,"turns":7},{"damage":10,"enemies":"2 Orb Walkers","floor":36,"turns":10},{"damage":8,"enemies":"3 Shapes","floor":37,"turns":4},{"damage":53,"enemies":"Transient","floor":38,"turns":5},{"damage":0,"enemies":"Giant Head","floor":40,"turns":7},{"damage":0,"enemies":"Nemesis","floor":42,"turns":11},{"damage":0,"enemies":"Giant Head","floor":44,"turns":8},{"damage":27,"enemies":"4 Shapes","floor":45,"turns":6},{"damage":21,"enemies":"Sphere and 2 Shapes","floor":46,"turns":4},{"damage":3,"enemies":"Nemesis","floor":48,"turns":3},{"damage":15,"enemies":"Awakened One","floor":50,"turns":7}],"seed_played":"-3412220406008371058","potions_obtained":[{"floor":1.0,"key":"Regen Potion"},{"floor":5.0,"key":"FocusPotion"},{"floor":11.0,"key":"SpeedPotion"},{"floor":13.0,"key":"Swift Potion"},{"floor":19.0,"key":"Strength Potion"},{"floor":20.0,"key":"FocusPotion"},{"floor":23.0,"key":"Regen Potion"},{"floor":25,"key":"FearPotion"},{"floor":27,"key":"Weak Potion"},{"floor":35,"key":"SteroidPotion"},{"floor":36,"key":"Strength Potion"},{"floor":38,"key":"PowerPotion"},{"floor":39,"key":"PowerPotion"},{"floor":39,"key":"Swift Potion"},{"floor":44,"key":"Strength Potion"},{"floor":45,"key":"EssenceOfSteel"}],"is_trial":false,"path_per_floor":["M","M","?","M","M","R","E","T","T","R","E","?","E","M","R","B",null,"M","M","M","$","M","E","M","E","T","M","E","R","M","E","R","B",null,"M","?","M","M","?","E","R","E","T","E","M","M","$","E","R","B",null],"character_chosen":"DEFECT","items_purchased":["PreservedInsect","Defragment","Mummified Hand","Vajra","Seek","Flash of Steel+1"],"campfire_rested":1,"item_purchase_floors":[21,21,47,47,47,47],"current_hp_per_floor":[75,68,53,53,58,58,60,60,60,60,66,66,60,67,67,49,75,75,71,70,70,63,53,62,51,51,54,61,61,59,66,66,50,75,69,68,69,25,25,41,63,72,79,82,62,57,57,65,65,59],"gold":96,"neow_bonus":"RANDOM_COMMON_RELIC","is_prod":false,"is_daily":false,"chose_seed":false,"campfire_upgraded":6,"win_rate":0,"timestamp":1556907772,"path_taken":["M","M","?","M","M","R","E","?","T","R","E","?","E","M","R","BOSS","M","M","M","$","M","E","M","E","T","M","E","R","M","E","R","BOSS","M","?","M","M","?","E","R","E","T","E","M","M","$","E","R","BOSS"],"build_version":"2019-01-23","purchased_purges":1,"victory":true,"max_hp_per_floor":[75,75,75,75,75,75,75,75,75,75,75,75,75,75,75,75,75,75,75,75,75,75,75,75,75,75,75,75,75,75,75,75,75,75,75,75,75,75,75,75,75,75,82,82,82,82,82,84,84,84],"card_choices":[{"not_picked":["Fusion","Streamline","Steam Power"],"picked":"SKIP","floor":1.0},{"not_picked":["Conserve Battery","Sweeping Beam"],"picked":"Sunder","floor":2.0},{"not_picked":["Steam","Barrage"],"picked":"Self Repair","floor":4.0},{"not_picked":["Conserve Battery","Gash"],"picked":"Ball Lightning","floor":5.0},{"not_picked":["Reinforced Body","Leap"],"picked":"Conserve Battery","floor":7.0},{"not_picked":["Darkness","Machine Learning"],"picked":"Seek","floor":11.0},{"not_picked":["Beam Cell+1","Barrage+1"],"picked":"Defragment","floor":13.0},{"not_picked":["Gash+1","Stack","Tempest"],"picked":"SKIP","floor":14.0},{"not_picked":["Multi-Cast","Thunder Strike+1"],"picked":"Fission","floor":16.0},{"not_picked":["Lockon+1","Melter+1","Scrape+1"],"picked":"SKIP","floor":18.0},{"not_picked":["Chill+1","Lockon+1"],"picked":"Consume+1","floor":19.0},{"not_picked":["Redo","Ball Lightning+1","Heatsinks"],"picked":"SKIP","floor":20.0},{"not_picked":["Go for the Eyes+1","BootSequence"],"picked":"Blizzard+1","floor":22.0},{"not_picked":["Blizzard+1","Hologram"],"picked":"Loop","floor":23.0},{"not_picked":["Turbo+1","Melter+1","Undo+1"],"picked":"SKIP","floor":24},{"not_picked":["Doom and Gloom+1","Chaos","Static Discharge"],"picked":"SKIP","floor":25},{"not_picked":["Streamline+1","Compile Driver+1"],"picked":"Loop","floor":27},{"not_picked":["Reinforced Body","Heatsinks+1"],"picked":"Cold Snap+1","floor":28},{"not_picked":["Chill","Compile Driver+1"],"picked":"Glacier+1","floor":30},{"not_picked":["Rebound+1","Skim+1"],"picked":"Loop","floor":31},{"not_picked":["Fission","Buffer"],"picked":"Creative AI","floor":33},{"not_picked":["Undo+1","Rebound+1","Beam Cell+1"],"picked":"SKIP","floor":35},{"not_picked":["Multi-Cast","Hologram","Sweeping Beam+1"],"picked":"SKIP","floor":37},{"not_picked":["Steam+1","Beam Cell+1","Sweeping Beam+1"],"picked":"SKIP","floor":38},{"not_picked":["Auto Shields+1","Steam"],"picked":"Echo Form","floor":40},{"not_picked":["Heatsinks+1","Rebound+1","Hyperbeam+1"],"picked":"SKIP","floor":42},{"not_picked":["Conserve Battery","Consume"],"picked":"Electrodynamics","floor":44},{"not_picked":["Double Energy+1","Melter+1","Reprogram"],"picked":"SKIP","floor":45},{"not_picked":["Melter+1","Reprogram"],"picked":"Double Energy+1","floor":45},{"not_picked":["Compile Driver+1","Sweeping Beam+1","Chaos+1"],"picked":"SKIP","floor":46},{"not_picked":["Recycle","Sunder+1","FTL+1"],"picked":"Singing Bowl","floor":48}],"player_experience":722578,"relics_obtained":[{"floor":7.0,"key":"Centennial Puzzle"},{"floor":8.0,"key":"Happy Flower"},{"floor":9.0,"key":"Gremlin Horn"},{"floor":11.0,"key":"Molten Egg 2"},{"floor":13.0,"key":"Smiling Mask"},{"floor":23.0,"key":"Girya"},{"floor":25,"key":"Darkstone Periapt"},{"floor":26,"key":"Blood Vial"},{"floor":28,"key":"Ornamental Fan"},{"floor":31,"key":"Art of War"},{"floor":36,"key":"Nunchaku"},{"floor":40,"key":"Oddly Smooth Stone"},{"floor":42,"key":"Boot"},{"floor":43,"key":"Strawberry"},{"floor":44,"key":"Whetstone"},{"floor":48,"key":"Singing Bowl"}],"event_choices":[{"damage_healed":0.0,"max_hp_gain":0.0,"max_hp_loss":0.0,"gold_gain":0.0,"event_name":"Shining Light","player_choice":"Entered Light","floor":3.0,"gold_loss":0.0,"damage_taken":15.0,"cards_upgraded":["Strike_B","Defend_B"]},{"damage_healed":0.0,"max_hp_gain":0.0,"max_hp_loss":0.0,"gold_gain":64.0,"event_name":"Golden Wing","player_choice":"Gained Gold","floor":12.0,"gold_loss":0.0,"damage_taken":0.0},{"damage_healed":0,"gold_gain":0,"player_choice":"Fight","damage_taken":0,"max_hp_gain":0,"max_hp_loss":0,"event_name":"Mysterious Sphere","floor":36,"gold_loss":0},{"damage_healed":0,"gold_gain":0,"player_choice":"Got Potions","damage_taken":0,"max_hp_gain":0,"max_hp_loss":0,"event_name":"Lab","floor":39,"gold_loss":0}],"is_beta":false,"boss_relics":[{"not_picked":["Calling Bell","Lizard Tail"],"picked":"FrozenCore"},{"not_picked":["Tiny House","Sozu"],"picked":"Inserter"}],"items_purged_floors":[47],"is_endless":false,"potions_floor_spawned":[1,5,11,13,19,20,23,25,27,35,36,38,44,45,48],"ascension_level":2}