{"gold_per_floor":[112,122,122,372,447,447,18,18,42,55,75,75,85,260,260,355,355,369,73,91,109,34,34,48,48,74,74],"floor_reached":27,"playtime":1193,"items_purged":["Doubt"],"score":203,"play_id":"a717911a-0043-4fa8-a22e-d3a25becad2a","local_time":"20180623165441","is_ascension_mode":false,"campfire_choices":[{"data":"Dagger Spray","floor":6,"key":"SMITH"},{"data":"Infinite Blades","floor":8,"key":"SMITH"},{"floor":15,"key":"REST"},{"floor":23,"key":"REST"},{"floor":25,"key":"REST"}],"neow_cost":"TEN_PERCENT_HP_LOSS","seed_source_timestamp":100601889090409,"circlet_count":0,"master_deck":["Defend_G","Defend_G","Defend_G","Defend_G","Strike_G","Strike_G","Strike_G","Strike_G","Survivor","Neutralize","Dagger Spray+1","Backflip","All Out Attack","Infinite Blades+1","Accuracy","All Out Attack","Dash","Envenom","Dagger Throw","Dagger Spray","Distraction+1","Flying Knee","After Image"],"relics":["Ring of the Snake","Torii","Anchor","White Beast Statue","Pantograph","Pen Nib"],"potions_floor_usage":[13,16,16,21,24,27],"damage_taken":[{"damage":0,"enemies":"Jaw Worm","floor":1,"turns":4},{"damage":1,"enemies":"Cultist","floor":2,"turns":3},{"damage":0,"enemies":"Small Slimes","floor":10,"turns":2},{"damage":6,"enemies":"Exordium Thugs","floor":11,"turns":4},{"damage":1,"enemies":"Exordium Wildlife","floor":13,"turns":2},{"damage":57,"enemies":"The Guardian","floor":16,"turns":19},{"damage":10,"enemies":"2 Thieves","floor":18,"turns":4},{"damage":15,"enemies":"Chosen","floor":20,"turns":6},{"damage":17,"enemies":"Centurion and Healer","floor":21,"turns":6},{"damage":38,"enemies":"Snake Plant","floor":24,"turns":6},{"damage":28,"enemies":"Slaver and Parasite","floor":27,"turns":2}],"seed_played":"-7076518539085379572","potions_obtained":[{"floor":2,"key":"Dexterity Potion"},{"floor":3,"key":"FairyPotion"},{"floor":3,"key":"SkillPotion"},{"floor":3,"key":"Explosive Potion"},{"floor":13,"key":"GhostInAJar"},{"floor":18,"key":"Swift Potion"},{"floor":20,"key":"Poison Potion"},{"floor":21,"key":"EntropicBrew"},{"floor":24,"key":"SteroidPotion"}],"is_trial":false,"path_per_floor":["M","M","?","?","?","R","$","R","T","M","M","?","M","?","R","B",null,"M","$","M","M","$","R","M","R","T"],"character_chosen":"THE_SILENT","items_purchased":["Torii","All Out Attack","Infinite Blades","Dagger Spray","Pantograph"],"campfire_rested":3,"item_purchase_floors":[7,7,7,19,19],"current_hp_per_floor":[63,62,62,62,51,51,51,51,51,51,45,45,44,44,62,5,63,53,53,38,21,21,39,1,19,19,0],"gold":74,"neow_bonus":"REMOVE_TWO","is_prod":false,"is_daily":false,"chose_seed":false,"campfire_upgraded":2,"win_rate":0,"timestamp":1529765681,"path_taken":["M","M","?","?","?","R","$","R","T","M","?","?","?","?","R","BOSS","M","$","M","M","$","R","?","R","T","M"],"build_version":"2018-06-21v2","purchased_purges":1,"victory":false,"max_hp_per_floor":[63,63,63,63,63,63,63,63,63,63,63,63,63,63,63,63,63,63,63,63,63,63,63,63,63,63,63],"card_choices":[{"not_picked":["Cloak And Dagger","Bouncing Flask"],"picked":"Dagger Spray","floor":1},{"not_picked":["Heel Hook","Escape Plan"],"picked":"Backflip","floor":2},{"not_picked":["Flying Knee","PiercingWail"],"picked":"Accuracy","floor":10},{"not_picked":["Underhanded Strike","Accuracy"],"picked":"All Out Attack","floor":11},{"not_picked":["Slice","Flechettes"],"picked":"Dash","floor":13},{"not_picked":["Adrenaline","Night Terror"],"picked":"Envenom","floor":16},{"not_picked":["Expertise","Dodge and Roll"],"picked":"Dagger Throw","floor":18},{"not_picked":["Choke","Bane"],"picked":"Distraction+1","floor":20},{"not_picked":["Caltrops","Dodge and Roll+1"],"picked":"Flying Knee","floor":21},{"not_picked":["Expertise","Endless Agony+1"],"picked":"After Image","floor":24}],"player_experience":23822,"relics_obtained":[{"floor":9,"key":"Anchor"},{"floor":26,"key":"Pen Nib"}],"event_choices":[{"event_name":"The Lab","player_choice":"Got Potions","floor":3,"damage_taken":0},{"event_name":"Golden Shrine","player_choice":"Desecrate","floor":4,"damage_taken":0},{"event_name":"World of Goop","player_choice":"Gather Gold","floor":5,"damage_taken":0},{"event_name":"Purifier","player_choice":"One Purge","floor":12,"damage_taken":0},{"event_name":"Liars Game","player_choice":"agreed","floor":14,"damage_taken":0}],"boss_relics":[{"not_picked":["Ectoplasm","Calling Bell"],"picked":"White Beast Statue"}],"items_purged_floors":[22],"is_endless":false,"potions_floor_spawned":[2,13,18,20,21,24],"killed_by":"Slaver and Parasite","ascension_level":0}