{"gold_per_floor":[211,224,17,30,44,44,112,112,157,157,170,204,204,204,204,301,301,320,23,23,23,53,79,79,113,137,147,177,193,193,209,209,306,306,324,334,357,376,71,71,89,114,114,14,32,32,43,61,61,61],"floor_reached":51,"playtime":6600,"items_purged":["Strike_R","Strike_R"],"score":822,"play_id":"208f636a-dc40-4300-a415-f08d27b6beb6","local_time":"20190202023931","is_ascension_mode":true,"campfire_choices":[{"data":"Bash","floor":6.0,"key":"SMITH"},{"data":"Metallicize","floor":8.0,"key":"SMITH"},{"floor":10.0,"key":"REST"},{"data":"Barricade","floor":13.0,"key":"SMITH"},{"data":"Rage","floor":15.0,"key":"SMITH"},{"floor":24.0,"key":"REST"},{"floor":30.0,"key":"REST"},{"floor":32.0,"key":"REST"},{"data":"Shrug It Off","floor":40,"key":"SMITH"},{"data":"Berserk","floor":46,"key":"SMITH"},{"floor":49,"key":"REST"}],"neow_cost":"NONE","seed_source_timestamp":0,"circlet_count":0,"master_deck":["Strike_R","Strike_R","Defend_R","Defend_R","Defend_R","Defend_R","Bash+1","Twin Strike","Rage+1","Shrug It Off+1","Cleave","Metallicize+1","Flex","Barricade+1","Berserk+1","Iron Wave+1","True Grit+1","Evolve+1","Entrench+1","Disarm+1","Entrench+1","Ghostly Armor+1","True Grit+1","Body Slam+1","Dual Wield+1","Shrug It Off+1","Burning Pact+1","Shrug It Off+1"],"special_seed":0,"relics":["Burning Blood","Toolbox","Self Forming Clay","PreservedInsect","Bronze Scales","Philosopher\u0027s Stone","Toxic Egg 2","Darkstone Periapt","Tiny Chest","Pen Nib","Frozen Egg 2","Boot","Bottled Tornado","White Beast Statue","Potion Belt","Lee\u0027s Waffle","Vajra","Blue Candle"],"potions_floor_usage":[38,38,38,47,50],"damage_taken":[{"damage":1.0,"enemies":"Cultist","floor":1.0,"turns":4.0},{"damage":7.0,"enemies":"Small Slimes","floor":2.0,"turns":3.0},{"damage":4.0,"enemies":"Jaw Worm","floor":4.0,"turns":4.0},{"damage":6.0,"enemies":"Looter","floor":5.0,"turns":4.0},{"damage":41.0,"enemies":"3 Sentries","floor":7.0,"turns":8.0},{"damage":4.0,"enemies":"Gremlin Gang","floor":11.0,"turns":5.0},{"damage":4.0,"enemies":"Lagavulin","floor":12.0,"turns":6.0},{"damage":32.0,"enemies":"Hexaghost","floor":16.0,"turns":10.0},{"damage":11.0,"enemies":"3 Byrds","floor":18.0,"turns":4.0},{"damage":32.0,"enemies":"Book of Stabbing","floor":23.0,"turns":7.0},{"damage":30.0,"enemies":"Gremlin Leader","floor":25.0,"turns":6.0},{"damage":0.0,"enemies":"Shell Parasite","floor":27.0,"turns":6.0},{"damage":28.0,"enemies":"Slavers","floor":28.0,"turns":6.0},{"damage":29.0,"enemies":"Snake Plant","floor":29.0,"turns":4.0},{"damage":1.0,"enemies":"Cultist and Chosen","floor":31.0,"turns":9.0},{"damage":4.0,"enemies":"Champ","floor":33.0,"turns":28.0},{"damage":25.0,"enemies":"3 Darklings","floor":35.0,"turns":12.0},{"damage":8.0,"enemies":"Orb Walker","floor":36.0,"turns":7.0},{"damage":49,"enemies":"Transient","floor":38,"turns":5},{"damage":8,"enemies":"4 Shapes","floor":41,"turns":12},{"damage":0,"enemies":"Giant Head","floor":42,"turns":5},{"damage":23,"enemies":"3 Darklings","floor":45,"turns":9},{"damage":6,"enemies":"Transient","floor":47,"turns":5},{"damage":0,"enemies":"Sphere and 2 Shapes","floor":48,"turns":11},{"damage":1,"enemies":"Time Eater","floor":50,"turns":12}],"seed_played":"-179142573088471910","potions_obtained":[{"floor":5.0,"key":"Block Potion"},{"floor":7.0,"key":"Ancient Potion"},{"floor":11.0,"key":"SpeedPotion"},{"floor":16.0,"key":"Poison Potion"},{"floor":25.0,"key":"FearPotion"},{"floor":28.0,"key":"Poison Potion"},{"floor":33.0,"key":"SteroidPotion"},{"floor":35.0,"key":"FearPotion"},{"floor":36.0,"key":"Dexterity Potion"},{"floor":38,"key":"SteroidPotion"},{"floor":41,"key":"PowerPotion"},{"floor":42,"key":"AttackPotion"},{"floor":45,"key":"SpeedPotion"},{"floor":47,"key":"Fire Potion"},{"floor":48,"key":"BloodPotion"}],"is_trial":false,"path_per_floor":["M","M","$","M","M","R","E","R","T","R","M","E","R","?","R","B",null,"M","$","?","$","?","E","R","E","T","M","E","M","R","M","R","B",null,"M","M","T","M","$","R","M","E","T","$","M","R","M","M","R","B",null],"character_chosen":"IRONCLAD","items_purchased":["Toolbox","Toxic Egg 2","True Grit+1","Lee\u0027s Waffle","Shrug It Off+1"],"campfire_rested":5,"item_purchase_floors":[3,19,19,39,39],"current_hp_per_floor":[80,79,79,80,80,80,45,45,45,69,71,73,73,66,66,40,80,75,75,75,75,75,49,73,49,49,55,33,10,34,39,63,65,80,61,59,59,16,87,87,85,87,87,87,70,70,70,76,87,87],"gold":61,"neow_bonus":"HUNDRED_GOLD","is_prod":false,"is_daily":false,"chose_seed":false,"campfire_upgraded":6,"win_rate":0,"timestamp":1549093171,"path_taken":["M","?","$","M","M","R","E","R","T","R","M","E","R","?","R","BOSS","M","$","?","$","?","E","R","E","T","M","E","M","R","M","R","BOSS","M","?","?","M","$","R","M","E","T","?","M","R","M","?","R","BOSS"],"build_version":"2019-01-23","purchased_purges":2,"victory":true,"max_hp_per_floor":[80,80,80,80,80,80,80,80,80,80,80,80,80,80,80,80,80,80,80,80,80,80,80,80,80,80,80,80,80,80,80,80,80,80,80,80,80,80,87,87,87,87,87,87,87,87,87,87,87,87],"card_choices":[{"not_picked":["Sword Boomerang","Havoc"],"picked":"Twin Strike","floor":1.0},{"not_picked":["True Grit","Thunderclap"],"picked":"Rage","floor":2.0},{"not_picked":["Dark Embrace","Entrench"],"picked":"Shrug It Off","floor":4.0},{"not_picked":["Iron Wave","Shrug It Off"],"picked":"Cleave","floor":5.0},{"not_picked":["Sword Boomerang","Dropkick"],"picked":"Metallicize","floor":7.0},{"not_picked":["Sword Boomerang","True Grit"],"picked":"Flex","floor":11.0},{"not_picked":["Wild Strike","Evolve"],"picked":"Barricade","floor":12.0},{"not_picked":["Immolate","Barricade"],"picked":"Berserk","floor":16.0},{"not_picked":["Twin Strike","Warcry"],"picked":"Iron Wave+1","floor":18.0},{"not_picked":["Combust","Rampage","Cleave"],"picked":"SKIP","floor":23.0},{"not_picked":["Iron Wave","Twin Strike"],"picked":"Evolve+1","floor":25.0},{"not_picked":["Inflame+1","Anger"],"picked":"Entrench+1","floor":27.0},{"not_picked":["Reckless Charge+1","Limit Break+1"],"picked":"Disarm+1","floor":28.0},{"not_picked":["Twin Strike+1","Sword Boomerang+1"],"picked":"Entrench+1","floor":29.0},{"not_picked":["Shockwave+1","Corruption+1"],"picked":"Ghostly Armor+1","floor":31.0},{"not_picked":["Pommel Strike+1","Clothesline"],"picked":"True Grit+1","floor":35.0},{"not_picked":["Seeing Red+1","Dropkick"],"picked":"Body Slam+1","floor":36.0},{"not_picked":["Clash","Flex+1"],"picked":"Dual Wield+1","floor":38},{"not_picked":["Headbutt+1","Inflame+1","Sword Boomerang+1"],"picked":"SKIP","floor":41},{"not_picked":["Pommel Strike","Thunderclap+1","Wild Strike"],"picked":"SKIP","floor":42},{"not_picked":["True Grit+1","Heavy Blade"],"picked":"Burning Pact+1","floor":45},{"not_picked":["Brutality+1","Havoc+1"],"picked":"Shrug It Off+1","floor":47},{"not_picked":["Sword Boomerang","Seeing Red+1","Anger+1"],"picked":"SKIP","floor":48}],"player_experience":123865,"relics_obtained":[{"floor":7.0,"key":"Self Forming Clay"},{"floor":9.0,"key":"PreservedInsect"},{"floor":12.0,"key":"Bronze Scales"},{"floor":23.0,"key":"Pen Nib"},{"floor":25.0,"key":"Frozen Egg 2"},{"floor":26.0,"key":"Boot"},{"floor":28.0,"key":"Bottled Tornado"},{"floor":37.0,"key":"Potion Belt"},{"floor":42,"key":"Vajra"},{"floor":43,"key":"Blue Candle"}],"event_choices":[{"cards_removed":["Strike_R"],"damage_healed":0.0,"max_hp_gain":0.0,"max_hp_loss":0.0,"gold_gain":0.0,"event_name":"Golden Wing","player_choice":"Card Removal","floor":14.0,"gold_loss":0.0,"damage_taken":7.0},{"damage_healed":0.0,"max_hp_gain":0.0,"max_hp_loss":0.0,"gold_gain":0.0,"event_name":"The Mausoleum","player_choice":"Opened","floor":20.0,"gold_loss":0.0,"damage_taken":0.0,"relics_obtained":["Darkstone Periapt"]},{"damage_healed":0.0,"max_hp_gain":0.0,"max_hp_loss":0.0,"gold_gain":0.0,"event_name":"WeMeetAgain","player_choice":"Gave Potion","floor":22.0,"gold_loss":0.0,"damage_taken":0.0,"relics_obtained":["Tiny Chest"]}],"is_beta":false,"boss_relics":[{"not_picked":["Ectoplasm","Orrery"],"picked":"Philosopher\u0027s Stone"},{"not_picked":["Busted Crown","Coffee Dripper"],"picked":"White Beast Statue"}],"items_purged_floors":[39,44],"is_endless":false,"potions_floor_spawned":[5,7,11,16,18,25,28,29,33,35,36,38,41,42,45,47,48],"ascension_level":2}