{"gold_per_floor":[110,185,204,219,219,252,252,284,284,284],"floor_reached":10,"playtime":719,"items_purged":[],"score":99,"play_id":"908d7c91-17b9-4498-bafb-d78371d61040","local_time":"20190228023110","is_ascension_mode":true,"campfire_choices":[{"data":"Perfected Strike","floor":7,"key":"SMITH"}],"neow_cost":"NONE","seed_source_timestamp":208664735291308,"circlet_count":0,"master_deck":["Strike_R","Strike_R","Strike_R","Strike_R","Strike_R","Defend_R","Defend_R","Defend_R","Bash","Trip","Infernal Blade","Rampage","Perfected Strike+1","Disarm","Armaments"],"relics":["Burning Blood","Self Forming Clay","Ice Cream","Girya"],"potions_floor_usage":[6],"damage_taken":[{"damage":3,"enemies":"Jaw Worm","floor":1,"turns":4},{"damage":2,"enemies":"2 Louse","floor":3,"turns":3},{"damage":5,"enemies":"Small Slimes","floor":4,"turns":3},{"damage":28,"enemies":"Lagavulin","floor":6,"turns":5},{"damage":21,"enemies":"3 Sentries","floor":8,"turns":7},{"damage":25,"enemies":"The Mushroom Lair","floor":10,"turns":3}],"seed_played":"5646978669995104381","potions_obtained":[{"floor":3,"key":"Block Potion"}],"is_trial":false,"path_per_floor":["M","?","M","M","?","E","R","E","T","?"],"character_chosen":"IRONCLAD","items_purchased":[],"campfire_rested":0,"item_purchase_floors":[],"current_hp_per_floor":[75,64,68,69,62,40,40,25,25,0],"gold":284,"neow_bonus":"RANDOM_COLORLESS","is_prod":false,"is_daily":false,"chose_seed":false,"campfire_upgraded":1,"win_rate":0,"timestamp":1551339070,"path_taken":["M","?","M","M","?","E","R","E","T","?"],"build_version":"2019-01-23","purchased_purges":0,"victory":false,"max_hp_per_floor":[80,80,80,80,80,80,80,80,80,80],"card_choices":[{"not_picked":["Hemokinesis","Heavy Blade"],"picked":"Infernal Blade","floor":1},{"not_picked":["Power Through","Iron Wave"],"picked":"Rampage","floor":3},{"not_picked":["Dual Wield","Sever Soul"],"picked":"Perfected Strike","floor":4},{"not_picked":["Rupture","Sword Boomerang"],"picked":"Disarm","floor":6},{"not_picked":["Rupture","Pummel"],"picked":"Armaments","floor":8}],"player_experience":214732,"relics_obtained":[{"floor":6,"key":"Self Forming Clay"},{"floor":8,"key":"Ice Cream"},{"floor":9,"key":"Girya"}],"event_choices":[{"damage_healed":0,"gold_gain":75,"player_choice":"Gather Gold","damage_taken":11,"max_hp_gain":0,"max_hp_loss":0,"event_name":"World of Goop","floor":2,"gold_loss":0},{"cards_removed":["Defend_R"],"damage_healed":0,"gold_gain":0,"player_choice":"Card Removal","damage_taken":7,"max_hp_gain":0,"max_hp_loss":0,"event_name":"Golden Wing","floor":5,"gold_loss":0},{"damage_healed":0,"gold_gain":0,"player_choice":"Fought Mushrooms","damage_taken":0,"max_hp_gain":0,"max_hp_loss":0,"event_name":"Mushrooms","floor":10,"gold_loss":0}],"is_beta":false,"boss_relics":[],"items_purged_floors":[],"is_endless":false,"potions_floor_spawned":[3],"killed_by":"The Mushroom Lair","ascension_level":6}