{"gold_per_floor":[117,117,117,133,20,20,20,95,177,177,188,205,215,215,215,318,318,329,329,329,345,6,105,120,120,120,120,135,152,152,172,172,172],"floor_reached":33,"playtime":2708,"items_purged":["Strike_R"],"score":237,"play_id":"ef761b64-c968-4d12-badb-f4323a56dc79","local_time":"20190116023113","is_ascension_mode":false,"campfire_choices":[{"data":"Battle Trance","floor":6,"key":"SMITH"},{"floor":10,"key":"REST"},{"floor":15,"key":"REST"},{"floor":27,"key":"REST"},{"floor":30,"key":"REST"},{"floor":32,"key":"REST"}],"neow_cost":"NONE","seed_source_timestamp":477581236760486,"circlet_count":0,"master_deck":["Strike_R","Strike_R","Defend_R+1","Defend_R+1","Defend_R","Defend_R","Bash","Deep Breath","Pommel Strike","Searing Blow","Rupture","Battle Trance+1","Heavy Blade","Spot Weakness","Metallicize","Demon Form","Flex+1","Spot Weakness","Flame Barrier","Pummel","Decay","Thunderclap","Dual Wield","Warcry"],"relics":["Burning Blood","Sundial","Girya","Busted Crown","Enchiridion","Torii","Smiling Mask"],"potions_floor_usage":[29,33,33],"damage_taken":[{"damage":10,"enemies":"Small Slimes","floor":1,"turns":3},{"damage":0,"enemies":"2 Louse","floor":4,"turns":3},{"damage":0,"enemies":"Cultist","floor":11,"turns":3},{"damage":5,"enemies":"2 Fungi Beasts","floor":12,"turns":4},{"damage":5,"enemies":"Large Slime","floor":13,"turns":5},{"damage":48,"enemies":"Hexaghost","floor":16,"turns":9},{"damage":8,"enemies":"Shell Parasite","floor":18,"turns":5},{"damage":21,"enemies":"3 Byrds","floor":21,"turns":5},{"damage":36,"enemies":"Cultist and Chosen","floor":24,"turns":5},{"damage":8,"enemies":"Centurion and Healer","floor":28,"turns":5},{"damage":24,"enemies":"Shelled Parasite and Fungi","floor":29,"turns":4},{"damage":18,"enemies":"Snake Plant","floor":31,"turns":4},{"damage":72,"enemies":"Collector","floor":33,"turns":5}],"seed_played":"-1698841213053108376","potions_obtained":[{"floor":13,"key":"Ancient Potion"},{"floor":24,"key":"SkillPotion"},{"floor":28,"key":"SteroidPotion"},{"floor":29,"key":"SpeedPotion"}],"is_trial":false,"path_per_floor":["M","?","?","M","$","R","$","?","T","R","M","M","M","?","R","B",null,"M","?","?","M","$","?","M","?","T","R","M","M","R","M","R","B"],"character_chosen":"IRONCLAD","items_purchased":["Battle Trance","Torii","Flame Barrier"],"campfire_rested":5,"item_purchase_floors":[5,22,22],"current_hp_per_floor":[76,60,60,66,66,66,66,55,55,79,80,80,80,55,79,37,80,78,62,62,47,47,47,17,17,17,41,39,21,45,33,57,0],"gold":172,"neow_bonus":"RANDOM_COLORLESS","is_prod":false,"is_daily":false,"chose_seed":false,"campfire_upgraded":1,"win_rate":0.0,"timestamp":1547623873,"path_taken":["M","?","?","M","$","R","$","?","T","R","M","M","M","?","R","BOSS","M","?","?","?","$","?","M","?","T","R","M","M","R","M","R","BOSS"],"build_version":"2019-01-10","purchased_purges":1,"victory":false,"max_hp_per_floor":[80,80,80,80,80,80,80,80,80,80,80,80,80,80,80,80,80,80,80,80,80,80,80,80,80,80,80,80,80,80,80,80,80],"card_choices":[{"not_picked":["Body Slam","Cleave"],"picked":"Pommel Strike","floor":1},{"not_picked":["Warcry","Flex"],"picked":"Rupture","floor":4},{"not_picked":["Thunderclap","Clothesline"],"picked":"Heavy Blade","floor":11},{"not_picked":["Whirlwind","Entrench"],"picked":"Spot Weakness","floor":12},{"not_picked":["Warcry","Fire Breathing"],"picked":"Metallicize","floor":13},{"not_picked":["Double Tap","Reaper"],"picked":"Demon Form","floor":16},{"not_picked":[],"picked":"Flex+1","floor":18},{"not_picked":["Perfected Strike"],"picked":"SKIP","floor":21},{"not_picked":[],"picked":"Pummel","floor":24},{"not_picked":[],"picked":"Thunderclap","floor":28},{"not_picked":[],"picked":"Dual Wield","floor":29},{"not_picked":[],"picked":"Warcry","floor":31}],"player_experience":54574,"relics_obtained":[{"floor":9,"key":"Sundial"},{"floor":19,"key":"Enchiridion"},{"floor":26,"key":"Smiling Mask"}],"event_choices":[{"damage_healed":0,"gold_gain":0,"player_choice":"Entered Light","damage_taken":16,"max_hp_gain":0,"max_hp_loss":0,"event_name":"Shining Light","floor":2,"gold_loss":0,"cards_upgraded":["Defend_R","Defend_R"]},{"damage_healed":0,"gold_gain":0,"cards_transformed":["Strike_R"],"player_choice":"Change","damage_taken":0,"max_hp_gain":0,"max_hp_loss":0,"event_name":"Living Wall","floor":3,"gold_loss":0,"cards_obtained":["Searing Blow"]},{"damage_healed":0,"gold_gain":75,"player_choice":"Gather Gold","damage_taken":11,"max_hp_gain":0,"max_hp_loss":0,"event_name":"World of Goop","floor":8,"gold_loss":0},{"damage_healed":0,"gold_gain":0,"player_choice":"Success","damage_taken":25,"relics_obtained":["Girya"],"max_hp_gain":0,"max_hp_loss":0,"event_name":"Scrap Ooze","floor":14,"gold_loss":0},{"damage_healed":0,"gold_gain":0,"player_choice":"Obtained Book","damage_taken":16,"max_hp_gain":0,"max_hp_loss":0,"event_name":"Cursed Tome","floor":19,"gold_loss":0},{"damage_healed":0,"gold_gain":0,"cards_transformed":["Strike_R"],"player_choice":"Transformed","damage_taken":0,"max_hp_gain":0,"max_hp_loss":0,"event_name":"Transmorgrifier","floor":20,"gold_loss":0,"cards_obtained":["Spot Weakness"]},{"damage_healed":0,"gold_gain":99,"player_choice":"Stole From Cult","damage_taken":0,"max_hp_gain":0,"max_hp_loss":0,"event_name":"Nest","floor":23,"gold_loss":0},{"damage_healed":0,"gold_gain":0,"player_choice":"Smashed Altar","damage_taken":0,"max_hp_gain":0,"max_hp_loss":0,"event_name":"Forgotten Altar","floor":25,"gold_loss":0,"cards_obtained":["Decay"]}],"is_beta":false,"boss_relics":[{"not_picked":["Pandora\u0027s Box","Runic Dome"],"picked":"Busted Crown"}],"items_purged_floors":[5],"is_endless":false,"potions_floor_spawned":[13,24,28,29],"killed_by":"Collector","ascension_level":0}