{"gold_per_floor":[117,117,267,267,137,166,166,166,166,166,166,176,176,201,201,275,275,275],"floor_reached":18,"playtime":500,"items_purged":["Strike_R"],"score":295,"play_id":"6058eb21-ec8f-478a-8bad-c080265ee3b5","local_time":"20190326102713","is_ascension_mode":true,"campfire_choices":[{"data":"Bash","floor":7,"key":"SMITH"},{"floor":10,"key":"REST"},{"data":"Havoc","floor":13,"key":"SMITH"},{"data":"Strike_R","floor":15,"key":"PURGE"}],"neow_cost":"NONE","seed_source_timestamp":5121877928890,"circlet_count":0,"master_deck":["AscendersBane","Strike_R","Defend_R","Defend_R","Defend_R","Defend_R","Bash+1","Hemokinesis","Shrug It Off","Anger","Havoc+1","Burning Pact","Feel No Pain","Fiend Fire"],"relics":["Burning Blood","Gambling Chip","Shuriken","Calipers","Peace Pipe","Black Star"],"potions_floor_usage":[14,16],"damage_taken":[{"damage":21,"enemies":"Jaw Worm","floor":1,"turns":6},{"damage":38,"enemies":"Gremlin Nob","floor":6,"turns":4},{"damage":3,"enemies":"Small Slimes","floor":12,"turns":3},{"damage":30,"enemies":"3 Sentries","floor":14,"turns":5},{"damage":9,"enemies":"Hexaghost","floor":16,"turns":9},{"damage":0,"enemies":"2 Thieves","floor":18,"turns":1}],"seed_played":"-2152009697690797145","potions_obtained":[{"floor":1,"key":"BloodPotion"},{"floor":6,"key":"Weak Potion"}],"is_trial":false,"path_per_floor":["M","?","?","?","$","E","R","T","T","R","?","M","R","E","R","B",null,"M"],"character_chosen":"IRONCLAD","items_purchased":["Shrug It Off"],"campfire_rested":1,"item_purchase_floors":[5],"current_hp_per_floor":[53,53,53,46,46,14,14,14,14,36,36,39,39,22,22,19,61,61],"gold":275,"neow_bonus":"REMOVE_CARD","is_prod":false,"is_daily":false,"chose_seed":false,"campfire_upgraded":2,"win_rate":0,"timestamp":1553570833,"path_taken":["M","?","?","?","$","E","R","?","T","R","?","M","R","E","R","BOSS","M"],"build_version":"2019-01-23","purchased_purges":1,"victory":false,"max_hp_per_floor":[75,75,75,75,75,75,75,75,75,75,75,75,75,75,75,75,75,75],"card_choices":[{"not_picked":["Rupture","Wild Strike"],"picked":"Hemokinesis","floor":1},{"not_picked":["Brutality","Cleave"],"picked":"Anger","floor":6},{"not_picked":["Bloodletting","Rage"],"picked":"Burning Pact","floor":12},{"not_picked":["Intimidate","Pummel"],"picked":"Feel No Pain","floor":14},{"not_picked":["Exhume","Juggernaut"],"picked":"Fiend Fire","floor":16}],"player_experience":411940,"relics_obtained":[{"floor":6,"key":"Gambling Chip"},{"floor":8,"key":"Shuriken"},{"floor":9,"key":"Calipers"},{"floor":14,"key":"Peace Pipe"}],"event_choices":[{"damage_healed":0,"gold_gain":0,"player_choice":"Ignored","damage_taken":0,"max_hp_gain":0,"max_hp_loss":0,"event_name":"Golden Idol","floor":2,"gold_loss":0},{"damage_healed":0,"gold_gain":150,"player_choice":"AGREE","damage_taken":0,"max_hp_gain":0,"max_hp_loss":0,"event_name":"Liars Game","floor":3,"gold_loss":0,"cards_obtained":["Doubt"]},{"cards_removed":["Doubt"],"damage_healed":0,"gold_gain":0,"player_choice":"Card Removal","damage_taken":7,"max_hp_gain":0,"max_hp_loss":0,"event_name":"Golden Wing","floor":4,"gold_loss":0},{"damage_healed":0,"gold_gain":0,"cards_transformed":["Strike_R"],"player_choice":"Transformed","damage_taken":0,"max_hp_gain":0,"max_hp_loss":0,"event_name":"Transmorgrifier","floor":11,"gold_loss":0,"cards_obtained":["Havoc"]}],"is_beta":false,"boss_relics":[{"not_picked":["Astrolabe","Black Blood"],"picked":"Black Star"}],"items_purged_floors":[5],"is_endless":false,"potions_floor_spawned":[1,6],"killed_by":"2 Thieves","ascension_level":16}