{"gold_per_floor":[112,112,112,136,57,101,101,101,101,115,135,135,151,166,166,294,294,307,117,117,137,137,137,62,96,123,123,8,108,131,144,144,269,269,293,307,640,0,17,45,45,59,59,75,89,105,105,116,116,116],"floor_reached":50,"playtime":4213,"items_purged":["Strike_G","Strike_G"],"score":620,"play_id":"3f6c1d3f-e64a-479f-b84a-55b4b2389734","local_time":"20190201044651","is_ascension_mode":true,"campfire_choices":[{"floor":7,"key":"REST"},{"data":"Footwork","floor":15,"key":"SMITH"},{"data":"A Thousand Cuts","floor":23,"key":"SMITH"},{"data":"Tactician","floor":27,"key":"SMITH"},{"floor":32,"key":"REST"},{"floor":47,"key":"REST"},{"floor":49,"key":"REST"}],"neow_cost":"NONE","seed_source_timestamp":1866615111299526,"circlet_count":0,"master_deck":["Defend_G","Defend_G","Defend_G+1","Defend_G","Strike_G","Strike_G+1","Survivor","Neutralize","Dagger Throw","Footwork+1","Terror","Sucker Punch","Distraction","Acrobatics","Predator","Tactician+1","Die Die Die","Dodge and Roll","A Thousand Cuts+1","Backflip","RitualDagger","Dodge and Roll","Dagger Spray","Dagger Throw+1","Noxious Fumes","Tactician","Poisoned Stab","Catalyst+1","Calculated Gamble+1","Night Terror","Escape Plan","Dodge and Roll+1","Leg Sweep+1","Catalyst","Quick Slash+1","Choke","Underhanded Strike+1","Sadistic Nature","Tactician+1","Backflip","Underhanded Strike","Bouncing Flask","Caltrops+1","Bane+1","Deadly Poison+1"],"relics":["Philosopher\u0027s Stone","Matryoshka","Meat on the Bone","Bag of Marbles","Sozu","Mercury Hourglass","Dream Catcher","Snake Skull","Orrery","TwistedFunnel","Anchor","Juzu Bracelet","Kunai"],"potions_floor_usage":[16,16,50],"damage_taken":[{"damage":2,"enemies":"Jaw Worm","floor":1,"turns":4},{"damage":0,"enemies":"2 Louse","floor":4,"turns":4},{"damage":33,"enemies":"Gremlin Nob","floor":6,"turns":5},{"damage":4,"enemies":"Small Slimes","floor":10,"turns":2},{"damage":4,"enemies":"Exordium Wildlife","floor":11,"turns":6},{"damage":2,"enemies":"2 Fungi Beasts","floor":13,"turns":4},{"damage":1,"enemies":"Large Slime","floor":14,"turns":3},{"damage":13,"enemies":"Hexaghost","floor":16,"turns":8},{"damage":3,"enemies":"Chosen","floor":18,"turns":3},{"damage":16,"enemies":"2 Thieves","floor":21,"turns":4},{"damage":10,"enemies":"Gremlin Leader","floor":25,"turns":4},{"damage":0,"enemies":"Snecko","floor":30,"turns":3},{"damage":3,"enemies":"Snake Plant","floor":31,"turns":3},{"damage":38,"enemies":"Automaton","floor":33,"turns":8},{"damage":10,"enemies":"3 Shapes","floor":35,"turns":2},{"damage":4,"enemies":"Orb Walker","floor":36,"turns":3},{"damage":0,"enemies":"Sphere and 2 Shapes","floor":39,"turns":3},{"damage":19,"enemies":"Reptomancer","floor":40,"turns":6},{"damage":0,"enemies":"Transient","floor":42,"turns":5},{"damage":4,"enemies":"Maw","floor":44,"turns":6},{"damage":3,"enemies":"Spire Growth","floor":45,"turns":3},{"damage":30,"enemies":"Jaw Worm Horde","floor":46,"turns":3},{"damage":32,"enemies":"Transient","floor":48,"turns":5},{"damage":64,"enemies":"Awakened One","floor":50,"turns":8}],"seed_played":"-1846663692101008301","potions_obtained":[{"floor":6,"key":"Dexterity Potion"},{"floor":10,"key":"SkillPotion"},{"floor":11,"key":"SteroidPotion"},{"floor":16,"key":"Energy Potion"}],"is_trial":false,"path_per_floor":["M","?","?","M","$","E","R","?","T","M","M","?","M","M","R","B",null,"M","$","?","M","?","R","?","E","T","R","$","?","M","M","R","B",null,"M","M","?","$","M","E","?","M","T","M","M","M","R","M","R","B"],"character_chosen":"THE_SILENT","items_purchased":["Terror","A Thousand Cuts","Backflip","Noxious Fumes","Tactician","TwistedFunnel","Anchor","Sadistic Nature"],"campfire_rested":4,"item_purchase_floors":[5,19,19,28,28,38,38,38],"current_hp_per_floor":[68,61,44,44,44,11,32,37,37,45,41,26,36,47,47,46,75,72,72,66,50,50,50,50,40,40,40,40,40,40,49,71,45,75,65,61,61,61,61,42,42,42,42,38,47,29,50,30,51,0],"gold":116,"neow_bonus":"BOSS_RELIC","is_prod":false,"is_daily":false,"chose_seed":false,"campfire_upgraded":3,"win_rate":0,"timestamp":1549014411,"path_taken":["M","?","?","M","$","E","R","?","T","M","M","?","M","M","R","BOSS","M","$","?","M","?","R","?","E","T","R","$","?","?","?","R","BOSS","M","?","?","$","M","E","?","M","T","M","M","M","R","M","R","BOSS"],"build_version":"2019-01-23","purchased_purges":2,"victory":false,"max_hp_per_floor":[70,70,70,70,70,70,70,75,75,75,75,75,75,75,75,75,75,75,75,75,75,75,75,75,75,75,75,75,75,75,75,75,75,75,75,75,75,75,75,75,71,71,71,71,71,71,71,71,71,71],"card_choices":[{"not_picked":["Skewer","Slice"],"picked":"Dagger Throw","floor":1},{"not_picked":["Caltrops","Distraction"],"picked":"Footwork","floor":4},{"not_picked":["Night Terror","Dodge and Roll"],"picked":"Sucker Punch","floor":6},{"not_picked":["Prepared","Skewer"],"picked":"Distraction","floor":10},{"not_picked":["Prepared","Calculated Gamble"],"picked":"Acrobatics","floor":11},{"not_picked":["Accuracy","Blade Dance"],"picked":"Predator","floor":13},{"not_picked":["Caltrops","Catalyst"],"picked":"Tactician","floor":14},{"not_picked":["Doppelganger","Malaise"],"picked":"Die Die Die","floor":16},{"not_picked":["Quick Slash","Acrobatics+1"],"picked":"Dodge and Roll","floor":18},{"not_picked":["Acrobatics","Noxious Fumes"],"picked":"Dodge and Roll","floor":21},{"not_picked":["Expertise","Bane"],"picked":"Dagger Throw+1","floor":25},{"not_picked":["Quick Slash","Skewer"],"picked":"Poisoned Stab","floor":30},{"not_picked":["Outmaneuver","Caltrops+1"],"picked":"Catalyst+1","floor":31},{"not_picked":["Masterful Stab","Reflex"],"picked":"Calculated Gamble+1","floor":32},{"not_picked":["Storm of Steel","Grand Finale"],"picked":"Night Terror","floor":33},{"not_picked":["Quick Slash","Slice"],"picked":"Escape Plan","floor":34},{"not_picked":["Slice","Backstab"],"picked":"Dodge and Roll+1","floor":34},{"not_picked":["Outmaneuver","Slice+1"],"picked":"Leg Sweep+1","floor":34},{"not_picked":["Distraction+1","Dagger Spray"],"picked":"Catalyst","floor":34},{"not_picked":["Deadly Poison","Heel Hook"],"picked":"Quick Slash+1","floor":34},{"not_picked":["Cloak And Dagger","Endless Agony"],"picked":"Choke","floor":35},{"not_picked":["Quick Slash","Skewer+1"],"picked":"Underhanded Strike+1","floor":36},{"not_picked":["Poisoned Stab+1","Deadly Poison+1"],"picked":"Tactician+1","floor":39},{"not_picked":["Grand Finale","Concentrate+1"],"picked":"Backflip","floor":40},{"not_picked":["Flying Knee","Backflip","Calculated Gamble+1"],"picked":"SKIP","floor":42},{"not_picked":["Deflect","Acrobatics"],"picked":"Underhanded Strike","floor":44},{"not_picked":["Flechettes+1","Dash"],"picked":"Bouncing Flask","floor":45},{"not_picked":["Cloak And Dagger+1","Outmaneuver","Bouncing Flask"],"picked":"SKIP","floor":46},{"not_picked":["Blade Dance+1","Acrobatics"],"picked":"Caltrops+1","floor":47},{"not_picked":["Caltrops","Cloak And Dagger"],"picked":"Bane+1","floor":48},{"not_picked":["Blade Dance","Flying Knee+1"],"picked":"Deadly Poison+1","floor":49}],"player_experience":119652,"relics_obtained":[{"floor":6,"key":"Matryoshka"},{"floor":9,"key":"Meat on the Bone"},{"floor":9,"key":"Bag of Marbles"},{"floor":25,"key":"Mercury Hourglass"},{"floor":26,"key":"Dream Catcher"},{"floor":26,"key":"Snake Skull"},{"floor":40,"key":"Juzu Bracelet"},{"floor":43,"key":"Kunai"}],"event_choices":[{"cards_removed":["Strike_G"],"damage_healed":0,"gold_gain":0,"player_choice":"Card Removal","damage_taken":7,"max_hp_gain":0,"max_hp_loss":0,"event_name":"Golden Wing","floor":2,"gold_loss":0},{"damage_healed":0,"gold_gain":0,"player_choice":"Take Damage","damage_taken":17,"relics_obtained":["Golden Idol"],"max_hp_gain":0,"max_hp_loss":0,"event_name":"Golden Idol","floor":3,"gold_loss":0},{"damage_healed":0,"gold_gain":0,"player_choice":"Donut","damage_taken":0,"max_hp_gain":5,"max_hp_loss":0,"event_name":"Big Fish","floor":8,"gold_loss":0},{"damage_healed":0,"gold_gain":0,"player_choice":"Entered Light","damage_taken":15,"max_hp_gain":0,"max_hp_loss":0,"event_name":"Shining Light","floor":12,"gold_loss":0,"cards_upgraded":["Strike_G","Defend_G"]},{"damage_healed":0,"gold_gain":0,"player_choice":"Joined the Cult","damage_taken":6,"max_hp_gain":0,"max_hp_loss":0,"event_name":"Nest","floor":20,"gold_loss":0,"cards_obtained":["RitualDagger"]},{"damage_healed":0,"gold_gain":0,"player_choice":"Read","damage_taken":0,"max_hp_gain":0,"max_hp_loss":0,"event_name":"The Library","floor":22,"gold_loss":0,"cards_obtained":["Dagger Spray"]},{"cards_removed":["Defend_G"],"damage_healed":0,"gold_gain":0,"player_choice":"Gave Gold","damage_taken":0,"max_hp_gain":0,"max_hp_loss":0,"event_name":"Beggar","floor":24,"gold_loss":75},{"damage_healed":0,"gold_gain":100,"player_choice":"Pray","damage_taken":0,"max_hp_gain":0,"max_hp_loss":0,"event_name":"Golden Shrine","floor":29,"gold_loss":0},{"damage_healed":0,"gold_gain":333,"player_choice":"Gave Idol","damage_taken":0,"max_hp_gain":0,"max_hp_loss":0,"event_name":"The Moai Head","floor":37,"relics_lost":["Golden Idol"],"gold_loss":0},{"damage_healed":0,"gold_gain":0,"player_choice":"Max HP","damage_taken":0,"max_hp_gain":0,"max_hp_loss":4,"event_name":"Winding Halls","floor":41,"gold_loss":0}],"is_beta":false,"boss_relics":[{"not_picked":["Ectoplasm","Cursed Key"],"picked":"Sozu"},{"not_picked":["Fusion Hammer","Busted Crown"],"picked":"Orrery"}],"items_purged_floors":[19,38],"is_endless":false,"potions_floor_spawned":[6,10,11,16,25,30,33,35,39,48],"killed_by":"Awakened One","ascension_level":3}