{"gold_per_floor":[110,129,144,144,156,156,169,419,442,453,2,13,26,26,26,131,131,145,179,179,197,197],"floor_reached":22,"playtime":1276,"items_purged":[],"score":180,"play_id":"b15a65cc-c2f9-40a9-b08b-9078b1016731","local_time":"20180624230928","is_ascension_mode":false,"campfire_choices":[{"floor":6,"key":"REST"},{"floor":15,"key":"REST"}],"neow_cost":"NONE","seed_source_timestamp":209426806955132,"circlet_count":0,"master_deck":["Defend_G+1","Defend_G+1","Defend_G+1","Strike_G+1","Strike_G+1","Strike_G+1","Survivor","Neutralize","Flying Knee","Bouncing Flask","Sucker Punch","Dodge and Roll+1","Venomology","Deadly Poison","Regret","Dagger Spray","Bane","Deflect","Bane","Malaise","Backflip","Die Die Die","Eviscerate+1","Malaise+1","Deflect+1","Deadly Poison","Poisoned Stab","Poisoned Stab+1"],"relics":["Ring of the Snake","Dream Catcher","Happy Flower","Bronze Scales","Matryoshka","War Paint","Astrolabe","Red Mask"],"potions_floor_usage":[7,12,13,16,16,16,19,19,22,22,22],"damage_taken":[{"damage":4,"enemies":"Cultist","floor":1,"turns":4},{"damage":0,"enemies":"2 Louse","floor":2,"turns":3},{"damage":3,"enemies":"Jaw Worm","floor":3,"turns":3},{"damage":27,"enemies":"Exordium Thugs","floor":5,"turns":5},{"damage":6,"enemies":"Gremlin Gang","floor":7,"turns":6},{"damage":4,"enemies":"Blue Slaver","floor":10,"turns":3},{"damage":3,"enemies":"Large Slime","floor":12,"turns":5},{"damage":4,"enemies":"Looter","floor":13,"turns":3},{"damage":41,"enemies":"Slime Boss","floor":16,"turns":16},{"damage":16,"enemies":"Shell Parasite","floor":18,"turns":6},{"damage":13,"floor":19,"turns":4},{"damage":4,"enemies":"3 Byrds","floor":21,"turns":2},{"damage":46,"enemies":"Slaver and Parasite","floor":22,"turns":5}],"seed_played":"2707051059752186662","potions_obtained":[{"floor":3,"key":"Dexterity Potion"},{"floor":5,"key":"SpeedPotion"},{"floor":12,"key":"Block Potion"},{"floor":16,"key":"SpeedPotion"},{"floor":19,"key":"Strength Potion"},{"floor":21,"key":"Fruit Juice"}],"is_trial":false,"path_per_floor":["M","M","M","?","M","R","M","?","T","M","$","M","M","?","R","B",null,"M","?","?","M"],"character_chosen":"THE_SILENT","items_purchased":["Matryoshka","Bane","War Paint"],"campfire_rested":2,"item_purchase_floors":[11,11,11],"current_hp_per_floor":[66,66,63,60,33,54,48,48,48,44,44,41,37,37,58,17,70,54,41,41,37,0],"gold":197,"neow_bonus":"RANDOM_COMMON_RELIC","is_prod":false,"is_daily":false,"chose_seed":false,"campfire_upgraded":0,"win_rate":0,"timestamp":1529874568,"path_taken":["M","M","M","?","M","R","?","?","T","?","$","M","M","?","R","BOSS","M","?","?","?","M"],"build_version":"2018-06-21v2","purchased_purges":0,"victory":false,"max_hp_per_floor":[70,70,70,70,70,70,70,70,70,70,70,70,70,70,70,70,70,70,70,70,70,75],"card_choices":[{"not_picked":["Flechettes","Dash"],"picked":"Flying Knee","floor":1},{"not_picked":["Flying Knee","Dash"],"picked":"Bouncing Flask","floor":2},{"not_picked":["Skewer","Quick Slash"],"picked":"Sucker Punch","floor":3},{"not_picked":["Reflex","Sucker Punch"],"picked":"Dodge and Roll","floor":5},{"not_picked":["Predator","Blur"],"picked":"Venomology","floor":6},{"not_picked":["Quick Slash","Outmaneuver"],"picked":"Deadly Poison","floor":7},{"not_picked":["Sucker Punch","Escape Plan"],"picked":"Dagger Spray","floor":10},{"not_picked":["Cloak And Dagger","Choke"],"picked":"Deflect","floor":12},{"not_picked":["Underhanded Strike","Acrobatics"],"picked":"Bane","floor":13},{"not_picked":["Underhanded Strike","Reflex"],"picked":"Backflip","floor":15},{"not_picked":["Glass Knife","Tools of the Trade"],"picked":"Die Die Die","floor":16},{"not_picked":["Dodge and Roll","Backflip"],"picked":"Deadly Poison","floor":18},{"not_picked":["Deflect","Prepared"],"picked":"Poisoned Stab","floor":19},{"not_picked":["Doppelganger","Dash+1"],"picked":"Poisoned Stab+1","floor":21}],"player_experience":39485,"relics_obtained":[{"floor":9,"key":"Bronze Scales"},{"floor":19,"key":"Red Mask"}],"event_choices":[{"event_name":"Scrap Ooze","player_choice":"success","floor":4,"damage_taken":3},{"event_name":"Golden Shrine","player_choice":"Desecrate","floor":8,"damage_taken":0},{"event_name":"Living Wall","player_choice":"Change","floor":14,"damage_taken":0},{"event_name":"Masked Bandits","player_choice":"Fought over 145 gold","floor":19,"damage_taken":0},{"event_name":"Back to Basics","player_choice":"Simplicity","floor":20,"damage_taken":0}],"boss_relics":[{"not_picked":["Velvet Choker","Tiny House"],"picked":"Astrolabe"}],"items_purged_floors":[],"is_endless":false,"potions_floor_spawned":[3,5,12,16,19,21],"killed_by":"Slaver and Parasite","ascension_level":0}