{"gold_per_floor":[115,115,128,0,0,18,18,35,115,290,32,32,61,76,76,178,178,192,192,192,205,225,225,241,241,241,241,266,282,299,3,3,3],"floor_reached":33,"playtime":893,"items_purged":["Strike_R","Regret"],"score":297,"play_id":"b9b68741-4651-4268-892a-69b3ff5cb660","local_time":"20180720203934","daily_mods":["Diverse"],"is_ascension_mode":false,"campfire_choices":[{"data":"Armaments","floor":12,"key":"SMITH"},{"data":"Auto Shields","floor":15,"key":"SMITH"},{"data":"Glass Knife","floor":23,"key":"SMITH"},{"floor":25,"key":"REST"},{"data":"Hello World","floor":27,"key":"SMITH"},{"floor":32,"key":"REST"}],"neow_cost":"","seed_source_timestamp":72583821452793,"circlet_count":0,"master_deck":["Bash","Armaments+1","Rip and Tear","Cleave","Thunderclap","Deflect","Cold Snap","Doubt","Glass Knife+1","Juggernaut","Auto Shields+1","Juggernaut","Twin Strike","Underhanded Strike","Combust","Dagger Throw","Dagger Spray","Dagger Throw","Combust","Prepared","Bite","Bite","Bite","Bite","Bite","Hello World+1","Dodge and Roll","Riddle With Holes","Spot Weakness+1","Self Repair","Electrodynamics"],"relics":["Burning Blood","Pear","Strawberry","Pandora\u0027s Box","Boot","Gremlin Horn","Dream Catcher","Juzu Bracelet"],"potions_floor_usage":[18,22,24,29,33],"damage_taken":[{"damage":0,"enemies":"Small Slimes","floor":1,"turns":3},{"damage":1,"enemies":"Jaw Worm","floor":3,"turns":3},{"damage":3,"enemies":"Cultist","floor":6,"turns":3},{"damage":8,"enemies":"Blue Slaver","floor":8,"turns":5},{"damage":27,"enemies":"Lagavulin","floor":13,"turns":6},{"damage":4,"enemies":"2 Fungi Beasts","floor":14,"turns":3},{"damage":74,"enemies":"The Guardian","floor":16,"turns":11},{"damage":19,"enemies":"3 Byrds","floor":18,"turns":3},{"damage":26,"enemies":"Spheric Guardian","floor":21,"turns":4},{"damage":45,"enemies":"Cultist and Chosen","floor":22,"turns":6},{"damage":50,"enemies":"Centurion and Healer","floor":24,"turns":6},{"damage":23,"enemies":"Snake Plant","floor":29,"turns":4},{"damage":23,"enemies":"3 Cultists","floor":30,"turns":4},{"damage":70,"enemies":"Collector","floor":33,"turns":5}],"seed_played":"-1108065112418631770","potions_obtained":[{"floor":1,"key":"Ancient Potion"},{"floor":6,"key":"Dexterity Potion"},{"floor":14,"key":"BloodPotion"},{"floor":16,"key":"Regen Potion"},{"floor":18,"key":"Fire Potion"},{"floor":21,"key":"FearPotion"}],"is_trial":true,"path_per_floor":["M","?","M","$","?","M","$","M","T","?","$","R","E","M","R","B",null,"M","?","?","M","M","R","M","R","T","R","T","M","M","$","R"],"character_chosen":"IRONCLAD","items_purchased":["Thunderclap","Glass Knife","Self Repair","Juzu Bracelet","BloodPotion"],"campfire_rested":2,"item_purchase_floors":[4,11,31,31,31],"current_hp_per_floor":[80,80,80,80,80,80,80,78,88,88,88,88,76,80,80,14,97,93,93,93,77,59,59,21,50,50,50,50,35,25,25,54,0],"gold":3,"neow_bonus":"","is_prod":false,"is_daily":false,"chose_seed":false,"campfire_upgraded":4,"win_rate":0,"timestamp":1532111974,"path_taken":["M","?","?","$","?","M","?","?","T","?","$","R","E","M","R","BOSS","M","?","?","M","?","R","M","R","T","R","?","M","M","$","R","BOSS"],"build_version":"2018-07-19v2","purchased_purges":2,"victory":false,"max_hp_per_floor":[80,80,80,80,80,80,80,80,90,90,90,90,97,97,97,97,97,97,97,97,97,97,97,97,97,97,97,97,97,97,97,97,97],"card_choices":[{"not_picked":["Sever Soul","Clothesline"],"picked":"Armaments","floor":1},{"not_picked":["Ball Lightning","Barrage"],"picked":"Cleave","floor":3},{"not_picked":["Dropkick","Bane"],"picked":"Deflect","floor":6},{"not_picked":["Darkness","Concentrate"],"picked":"Cold Snap","floor":8},{"not_picked":["Ball Lightning","Prepared"],"picked":"Juggernaut","floor":13},{"not_picked":["Redo","Lockon"],"picked":"Auto Shields","floor":14},{"not_picked":["Immolate","Burst"],"picked":"Juggernaut","floor":16},{"not_picked":["Cold Snap","Go for the Eyes+1"],"picked":"Prepared","floor":18},{"not_picked":["Hemokinesis+1","Distraction"],"picked":"Hello World","floor":21},{"not_picked":["Rampage","Go for the Eyes"],"picked":"Dodge and Roll","floor":22},{"not_picked":["Barrage","PiercingWail"],"picked":"Riddle With Holes","floor":24},{"not_picked":["Redo","Double Energy"],"picked":"Spot Weakness+1","floor":29},{"not_picked":["Catalyst+1","Turbo","Endless Agony"],"picked":"SKIP","floor":30},{"not_picked":["Combust+1","Clash"],"picked":"Electrodynamics","floor":32}],"player_experience":89786,"relics_obtained":[{"floor":9,"key":"Pear"},{"floor":13,"key":"Strawberry"},{"floor":26,"key":"Gremlin Horn"},{"floor":28,"key":"Dream Catcher"}],"event_choices":[{"event_name":"Living Wall","player_choice":"Change","floor":2,"damage_taken":0},{"event_name":"Big Fish","player_choice":"Box","floor":5,"damage_taken":0},{"event_name":"Liars Game","player_choice":"agreed","floor":10,"damage_taken":0},{"event_name":"Vampires","player_choice":"Became a vampire (Vial)","floor":19,"damage_taken":0},{"event_name":"The Mausoleum","player_choice":"Yes","floor":20,"damage_taken":0}],"is_beta":false,"boss_relics":[{"not_picked":["Runic Cube","Lizard Tail"],"picked":"Pandora\u0027s Box"}],"items_purged_floors":[4,11],"is_endless":true,"potions_floor_spawned":[1,6,14,16,18,21],"killed_by":"Collector","ascension_level":0}