{"gold_per_floor":[115,1,19,29,29,29,42,42,42,42,42,60,60,60,60,186,186,210,135,158,158,158],"floor_reached":22,"playtime":998,"items_purged":["Strike_B"],"score":191,"play_id":"f2760605-408a-4e58-b58f-c12516549ee9","local_time":"20190128043941","is_ascension_mode":true,"campfire_choices":[{"data":"Loop","floor":6,"key":"SMITH"},{"floor":8,"key":"REST"},{"data":"Tempest","floor":10,"key":"SMITH"},{"floor":15,"key":"REST"}],"neow_cost":"NONE","seed_source_timestamp":1523799169842554,"circlet_count":0,"master_deck":["Strike_B+1","Defend_B","Defend_B","Defend_B+1","Defend_B","Zap","Dualcast","Barrage","Tempest+1","Stack","Loop+1","Sweeping Beam","Echo Form","Core Surge","Redo"],"relics":["FrozenCore","NeowsBlessing","Golden Idol","Bottled Tornado"],"potions_floor_usage":[16,18,22],"damage_taken":[{"damage":0,"enemies":"Small Slimes","floor":1,"turns":1},{"damage":0,"enemies":"2 Louse","floor":3,"turns":1},{"damage":0,"enemies":"Cultist","floor":4,"turns":1},{"damage":21,"enemies":"3 Louse","floor":7,"turns":3},{"damage":9,"enemies":"Exordium Wildlife","floor":12,"turns":3},{"damage":46,"enemies":"Hexaghost","floor":16,"turns":8},{"damage":10,"enemies":"Chosen","floor":18,"turns":4},{"damage":27,"enemies":"Shell Parasite","floor":20,"turns":7},{"damage":23,"enemies":"Centurion and Healer","floor":22,"turns":2}],"seed_played":"3860583766304701448","potions_obtained":[{"floor":3,"key":"GamblersBrew"},{"floor":7,"key":"FearPotion"},{"floor":14,"key":"PowerPotion"},{"floor":14,"key":"Energy Potion"},{"floor":14,"key":"AttackPotion"},{"floor":18,"key":"Fire Potion"},{"floor":20,"key":"Swift Potion"}],"is_trial":false,"path_per_floor":["M","$","M","M","?","R","M","R","T","R","?","M","?","?","R","B",null,"M","?","M","?","M"],"character_chosen":"DEFECT","items_purchased":["Tempest"],"campfire_rested":2,"item_purchase_floors":[2],"current_hp_per_floor":[75,75,75,75,57,57,36,58,58,58,43,34,27,27,49,3,75,65,65,38,38,15],"gold":158,"neow_bonus":"THREE_ENEMY_KILL","is_prod":false,"is_daily":false,"chose_seed":false,"campfire_upgraded":2,"win_rate":0,"timestamp":1548668381,"path_taken":["M","$","M","M","?","R","M","R","T","R","?","M","?","?","R","BOSS","M","?","M","?","M"],"build_version":"2019-01-23","purchased_purges":1,"victory":false,"max_hp_per_floor":[75,75,75,75,75,75,75,75,75,75,75,75,75,75,75,75,75,75,75,75,75,75],"card_choices":[{"not_picked":["Beam Cell","Leap"],"picked":"Barrage","floor":1},{"not_picked":["Recycle","Coolheaded"],"picked":"Stack","floor":3},{"not_picked":["Rebound","Glacier"],"picked":"Loop","floor":4},{"not_picked":["Chaos","Beam Cell"],"picked":"Sweeping Beam","floor":7},{"not_picked":["Gash","Coolheaded"],"picked":"Echo Form","floor":12},{"not_picked":["Hyperbeam","Fission"],"picked":"Core Surge","floor":16},{"not_picked":["Streamline","Conserve Battery","Melter"],"picked":"SKIP","floor":18},{"not_picked":["Stack","Consume"],"picked":"Redo","floor":20}],"player_experience":108829,"relics_obtained":[{"floor":9,"key":"Bottled Tornado"}],"event_choices":[{"damage_healed":0,"gold_gain":0,"player_choice":"Take Damage","damage_taken":18,"relics_obtained":["Golden Idol"],"max_hp_gain":0,"max_hp_loss":0,"event_name":"Golden Idol","floor":5,"gold_loss":0},{"damage_healed":0,"gold_gain":0,"player_choice":"Entered Light","damage_taken":15,"max_hp_gain":0,"max_hp_loss":0,"event_name":"Shining Light","floor":11,"gold_loss":0,"cards_upgraded":["Strike_B","Defend_B"]},{"cards_removed":["Strike_B"],"damage_healed":0,"gold_gain":0,"player_choice":"Card Removal","damage_taken":7,"max_hp_gain":0,"max_hp_loss":0,"event_name":"Golden Wing","floor":13,"gold_loss":0},{"damage_healed":0,"gold_gain":0,"player_choice":"Got Potions","damage_taken":0,"max_hp_gain":0,"max_hp_loss":0,"event_name":"Lab","floor":14,"gold_loss":0},{"cards_removed":["Strike_B"],"damage_healed":0,"gold_gain":0,"player_choice":"Gave Gold","damage_taken":0,"max_hp_gain":0,"max_hp_loss":0,"event_name":"Beggar","floor":19,"gold_loss":75},{"damage_healed":0,"gold_gain":0,"player_choice":"Ignored","damage_taken":0,"max_hp_gain":0,"max_hp_loss":0,"event_name":"Ghosts","floor":21,"gold_loss":0}],"is_beta":false,"boss_relics":[{"not_picked":["Runic Dome","Fusion Hammer"],"picked":"FrozenCore"}],"items_purged_floors":[2],"is_endless":false,"potions_floor_spawned":[3,7,18,20],"killed_by":"Centurion and Healer","ascension_level":2}