{"gold_per_floor":[115,65,77,77,87,114,114,114,114,176,176],"floor_reached":11,"playtime":690,"items_purged":[],"score":107,"play_id":"98333302-ff64-4cf3-9cd6-02f22692f18a","local_time":"20190424024026","is_ascension_mode":true,"campfire_choices":[{"floor":8,"key":"REST"}],"neow_cost":"NONE","seed_source_timestamp":2775630369205787,"circlet_count":0,"master_deck":["AscendersBane","Defend_G+1","Defend_G+1","Defend_G","Defend_G","Defend_G","Strike_G","Strike_G","Strike_G","Survivor","Neutralize","Backstab","Quick Slash","Dodge and Roll","Crippling Poison"],"relics":["Fusion Hammer","Pear","Bottled Lightning","Kunai"],"potions_floor_usage":[10,11,11,11],"damage_taken":[{"damage":1,"enemies":"Small Slimes","floor":1,"turns":4},{"damage":1,"enemies":"2 Louse","floor":3,"turns":3},{"damage":0,"enemies":"Jaw Worm","floor":5,"turns":3},{"damage":34,"enemies":"Lagavulin","floor":6,"turns":12},{"damage":8,"enemies":"3 Sentries","floor":10,"turns":17},{"damage":30,"enemies":"Gremlin Nob","floor":11,"turns":4}],"seed_played":"5657221678635224265","potions_obtained":[{"floor":1,"key":"EssenceOfSteel"},{"floor":5,"key":"Energy Potion"},{"floor":6,"key":"EntropicBrew"}],"is_trial":false,"path_per_floor":["M","?","M","?","M","E","?","R","T","?","E"],"character_chosen":"THE_SILENT","items_purchased":[],"campfire_rested":1,"item_purchase_floors":[],"current_hp_per_floor":[62,62,61,54,54,30,14,38,38,30,0],"gold":176,"neow_bonus":"BOSS_RELIC","is_prod":false,"is_daily":false,"chose_seed":false,"campfire_upgraded":0,"win_rate":0,"timestamp":1556088026,"path_taken":["M","?","M","?","M","E","?","R","T","?","E"],"build_version":"2019-01-23","purchased_purges":0,"victory":false,"max_hp_per_floor":[70,70,70,70,70,80,80,80,80,80,80],"card_choices":[{"not_picked":["Flying Knee","Dagger Spray"],"picked":"Backstab","floor":1},{"not_picked":["Deflect","Slice"],"picked":"Quick Slash","floor":3},{"not_picked":["Flying Knee","Reflex"],"picked":"Dodge and Roll","floor":5},{"not_picked":["Flying Knee","Backflip"],"picked":"Crippling Poison","floor":6}],"player_experience":323733,"relics_obtained":[{"floor":6,"key":"Pear"},{"floor":9,"key":"Bottled Lightning"},{"floor":10,"key":"Kunai"}],"event_choices":[{"cards_removed":["Strike_G"],"damage_healed":0,"gold_gain":0,"player_choice":"Card Removal","damage_taken":0,"max_hp_gain":0,"max_hp_loss":0,"event_name":"The Cleric","floor":2,"gold_loss":50},{"cards_removed":["Strike_G"],"damage_healed":0,"gold_gain":0,"player_choice":"Card Removal","damage_taken":7,"max_hp_gain":0,"max_hp_loss":0,"event_name":"Golden Wing","floor":4,"gold_loss":0},{"damage_healed":0,"gold_gain":0,"player_choice":"Entered Light","damage_taken":16,"max_hp_gain":0,"max_hp_loss":0,"event_name":"Shining Light","floor":7,"gold_loss":0,"cards_upgraded":["Defend_G","Defend_G"]},{"damage_healed":0,"gold_gain":30,"player_choice":"Searched \u00272\u0027 times","damage_taken":0,"max_hp_gain":0,"max_hp_loss":0,"event_name":"Dead Adventurer","floor":10,"gold_loss":0}],"is_beta":false,"boss_relics":[],"items_purged_floors":[],"is_endless":false,"potions_floor_spawned":[1,5,6],"killed_by":"Gremlin Nob","ascension_level":10}