{"gold_per_floor":[212,224,31,46,57,57,91,91,115,115,65,77,32],"floor_reached":13,"playtime":1003,"items_purged":["Strike_B"],"score":145,"play_id":"bfabba88-4f45-4899-9aee-1b0f594e34cb","local_time":"20190518151538","is_ascension_mode":true,"campfire_choices":[{"data":"Double Energy","floor":6,"key":"SMITH"},{"floor":8,"key":"REST"}],"neow_cost":"NONE","seed_source_timestamp":21667535630955,"circlet_count":0,"master_deck":["AscendersBane","Strike_B","Strike_B","Defend_B","Defend_B","Defend_B","Defend_B","Zap","Dualcast","BootSequence","Double Energy+1","Echo Form","Conserve Battery"],"relics":["Cracked Core","Lee\u0027s Waffle","Art of War","Smiling Mask"],"potions_floor_usage":[13],"damage_taken":[{"damage":10,"enemies":"2 Louse","floor":1,"turns":3},{"damage":6,"enemies":"Cultist","floor":2,"turns":3},{"damage":2,"enemies":"Jaw Worm","floor":4,"turns":3},{"damage":0,"enemies":"Large Slime","floor":5,"turns":5},{"damage":72,"enemies":"Gremlin Nob","floor":7,"turns":6},{"damage":23,"enemies":"Lots of Slimes","floor":12,"turns":6},{"damage":6,"enemies":"Exordium Thugs","floor":13,"turns":3}],"seed_played":"-5020067751910429201","potions_obtained":[{"floor":4,"key":"FearPotion"},{"floor":12,"key":"SkillPotion"}],"is_trial":false,"path_per_floor":["M","M","$","M","M","R","E","R","T","?","$","M","M"],"character_chosen":"DEFECT","items_purchased":["Lee\u0027s Waffle"],"campfire_rested":1,"item_purchase_floors":[3],"current_hp_per_floor":[54,48,78,76,76,76,4,27,27,27,27,4,0],"gold":32,"neow_bonus":"HUNDRED_GOLD","is_prod":false,"is_daily":false,"chose_seed":false,"campfire_upgraded":1,"win_rate":0,"timestamp":1558217738,"path_taken":["M","M","$","M","M","R","E","R","T","?","$","M","M"],"build_version":"2019-01-23","purchased_purges":1,"victory":false,"max_hp_per_floor":[71,71,78,78,78,78,78,78,78,78,78,78,78],"card_choices":[{"not_picked":["Compile Driver","Rip and Tear","Coolheaded"],"picked":"SKIP","floor":1},{"not_picked":["Darkness","Barrage"],"picked":"BootSequence","floor":2},{"not_picked":["Heatsinks","Sweeping Beam"],"picked":"Double Energy","floor":4},{"not_picked":["Beam Cell","Force Field","Turbo"],"picked":"SKIP","floor":5},{"not_picked":["Beam Cell","Redo"],"picked":"Echo Form","floor":7},{"not_picked":["Steam","Doom and Gloom"],"picked":"Conserve Battery","floor":12}],"player_experience":626078,"relics_obtained":[{"floor":7,"key":"Art of War"},{"floor":9,"key":"Smiling Mask"}],"event_choices":[{"cards_removed":["Strike_B"],"damage_healed":0,"gold_gain":0,"player_choice":"Offered Basic","damage_taken":0,"max_hp_gain":0,"max_hp_loss":0,"event_name":"Bonfire Elementals","floor":10,"gold_loss":0}],"is_beta":false,"boss_relics":[],"items_purged_floors":[11],"is_endless":false,"potions_floor_spawned":[4,12],"killed_by":"Exordium Thugs","ascension_level":14}