{"gold_per_floor":[116,47,64,64,75,75,105,105,105,130,150,166,166,166],"floor_reached":14,"playtime":335,"items_purged":[],"score":110,"play_id":"785904b6-9155-48b0-b248-1c03eeb85da2","local_time":"20190602210639","is_ascension_mode":true,"campfire_choices":[{"data":"Searing Blow","floor":6,"key":"SMITH"},{"data":"Offering","floor":8,"key":"SMITH"},{"floor":13,"key":"REST"}],"neow_cost":"NONE","seed_source_timestamp":94047240934742,"circlet_count":0,"master_deck":["Strike_R","Strike_R","Strike_R","Strike_R","Strike_R","Defend_R","Defend_R","Defend_R","Defend_R","Bash","Sword Boomerang","Searing Blow+1","Entrench","Offering+1","Thunderclap"],"relics":["Burning Blood","NeowsBlessing","GremlinMask","Gremlin Horn","Paper Frog","Bottled Lightning"],"potions_floor_usage":[10],"damage_taken":[{"damage":0,"enemies":"Cultist","floor":1,"turns":1},{"damage":0,"enemies":"Small Slimes","floor":3,"turns":1},{"damage":0,"enemies":"Jaw Worm","floor":5,"turns":1},{"damage":37,"enemies":"Lagavulin","floor":7,"turns":6},{"damage":17,"enemies":"Gremlin Nob","floor":10,"turns":3},{"damage":18,"enemies":"Looter","floor":11,"turns":3},{"damage":20,"enemies":"3 Louse","floor":12,"turns":2},{"damage":6,"enemies":"3 Sentries","floor":14,"turns":1}],"seed_played":"592093228692298189","potions_obtained":[{"floor":1,"key":"Fire Potion"},{"floor":5,"key":"PowerPotion"},{"floor":11,"key":"BloodPotion"},{"floor":12,"key":"Poison Potion"}],"is_trial":false,"path_per_floor":["M","$","M","?","M","R","E","R","T","E","M","M","R","E"],"character_chosen":"IRONCLAD","items_purchased":["Searing Blow"],"campfire_rested":1,"item_purchase_floors":[2],"current_hp_per_floor":[80,80,80,80,80,80,49,49,49,38,26,12,36,30],"gold":166,"neow_bonus":"THREE_ENEMY_KILL","is_prod":false,"is_daily":false,"chose_seed":false,"campfire_upgraded":2,"win_rate":0,"timestamp":1559502399,"path_taken":["M","?","M","?","M","R","E","R","T","E","M","?","R","E"],"build_version":"2019-01-23","purchased_purges":0,"victory":false,"max_hp_per_floor":[80,80,80,80,80,80,80,80,80,80,80,80,80,80],"card_choices":[{"not_picked":["Combust","Anger"],"picked":"Sword Boomerang","floor":1},{"not_picked":["Reckless Charge","Heavy Blade"],"picked":"Entrench","floor":3},{"not_picked":["Havoc","Ghostly Armor"],"picked":"Offering","floor":5},{"not_picked":["Body Slam","Sword Boomerang"],"picked":"Thunderclap","floor":7},{"not_picked":["Anger","Thunderclap","Spot Weakness"],"picked":"SKIP","floor":10},{"not_picked":["Carnage","True Grit","Warcry"],"picked":"SKIP","floor":11},{"not_picked":["Havoc","Cleave","Clash"],"picked":"SKIP","floor":12}],"player_experience":273713,"relics_obtained":[{"floor":7,"key":"Gremlin Horn"},{"floor":9,"key":"Paper Frog"},{"floor":10,"key":"Bottled Lightning"}],"event_choices":[{"damage_healed":0,"gold_gain":0,"player_choice":"Trade","damage_taken":0,"relics_obtained":["GremlinMask"],"max_hp_gain":0,"max_hp_loss":0,"event_name":"FaceTrader","floor":4,"gold_loss":0}],"is_beta":false,"boss_relics":[],"items_purged_floors":[],"is_endless":false,"potions_floor_spawned":[1,5,11,12],"killed_by":"3 Sentries","ascension_level":2}