{"gold_per_floor":[114,114,45,45,45,78,78,92,115,115,143,143,161,189,189,289,289,289,289,289,269,269,269,269,269,269,269,269,269,269,209,209,209,209,209,209,209,45,45,45,45,45,45,45,45,45,45,45,45,45],"floor_reached":51,"playtime":1943,"items_purged":["Strike_B"],"score":1358,"play_id":"beed490c-ca00-4bc9-82e4-c46a1dd22fc4","local_time":"20190517155243","is_ascension_mode":true,"campfire_choices":[{"data":"Zap","floor":7.0,"key":"SMITH"},{"data":"Dualcast","floor":10.0,"key":"SMITH"},{"data":"Double Energy","floor":12.0,"key":"SMITH"},{"data":"1","floor":15.0,"key":"LIFT"},{"data":"Defragment","floor":23,"key":"SMITH"},{"data":"2","floor":25,"key":"LIFT"},{"data":"Defragment","floor":32,"key":"SMITH"},{"data":"3","floor":41,"key":"LIFT"},{"data":"White Noise","floor":44,"key":"SMITH"},{"data":"Secret Technique","floor":49,"key":"SMITH"}],"neow_cost":"NONE","seed_source_timestamp":12499920720034,"circlet_count":0,"master_deck":["AscendersBane","Strike_B","Strike_B+1","Defend_B+1","Defend_B+1","Defend_B","Defend_B","Zap+1","Dualcast+1","BootSequence+1","Tempest","Glacier","Double Energy+1","Ball Lightning","Darkness","Electrodynamics","Compile Driver+1","FTL+1","Defragment+1","Hologram","Hologram","White Noise+1","Defragment+1","All For One","Secret Technique+1","Finesse","Go for the Eyes+1","Hologram+1"],"special_seed":0,"relics":["Eternal Feather","Dream Catcher","Centennial Puzzle","Orichalcum","Symbiotic Virus","Girya","Ectoplasm","Red Mask","Blue Candle","The Courier","Meat on the Bone","War Paint","Coffee Dripper","Ginger","Runic Capacitor","Singing Bowl","Frozen Egg 2","Bottled Lightning","Mango"],"potions_floor_usage":[33,33,33,33,40,50,50,50],"damage_taken":[{"damage":8.0,"enemies":"Small Slimes","floor":1.0,"turns":3.0},{"damage":22.0,"enemies":"3 Sentries","floor":6.0,"turns":9.0},{"damage":1.0,"enemies":"Cultist","floor":8.0,"turns":3.0},{"damage":9.0,"enemies":"Gremlin Nob","floor":11.0,"turns":4.0},{"damage":0.0,"enemies":"2 Louse","floor":13.0,"turns":1.0},{"damage":3.0,"enemies":"Lagavulin","floor":14.0,"turns":5.0},{"damage":28,"enemies":"Slime Boss","floor":16,"turns":6},{"damage":2,"enemies":"Shell Parasite","floor":18,"turns":4},{"damage":7,"enemies":"Masked Bandits","floor":20,"turns":3},{"damage":0,"enemies":"Spheric Guardian","floor":22,"turns":2},{"damage":0,"enemies":"Gremlin Leader","floor":24,"turns":6},{"damage":4,"enemies":"Book of Stabbing","floor":27,"turns":3},{"damage":3,"enemies":"3 Cultists","floor":28,"turns":3},{"damage":0,"enemies":"Gremlin Leader","floor":29,"turns":6},{"damage":2,"enemies":"Sentry and Sphere","floor":30,"turns":4},{"damage":37,"enemies":"Champ","floor":33,"turns":9},{"damage":3,"enemies":"3 Shapes","floor":35,"turns":3},{"damage":20,"enemies":"Mind Bloom Boss Battle","floor":36,"turns":5},{"damage":13,"enemies":"Reptomancer","floor":40,"turns":6},{"damage":16,"enemies":"Giant Head","floor":42,"turns":6},{"damage":2,"enemies":"3 Darklings","floor":46,"turns":3},{"damage":12,"enemies":"Spire Growth","floor":47,"turns":3},{"damage":27,"enemies":"Reptomancer","floor":48,"turns":6},{"damage":0,"enemies":"Donu and Deca","floor":50,"turns":5}],"seed_played":"316182108154814021","potions_obtained":[{"floor":1.0,"key":"AttackPotion"},{"floor":13.0,"key":"Block Potion"},{"floor":20,"key":"Energy Potion"},{"floor":21,"key":"EntropicBrew"},{"floor":33,"key":"Poison Potion"},{"floor":40,"key":"FocusPotion"},{"floor":42,"key":"FocusPotion"},{"floor":47,"key":"FocusPotion"}],"is_trial":false,"path_per_floor":["M","$","?","$","?","E","R","M","T","R","E","R","M","E","R","B",null,"M","$","?","?","M","R","E","R","T","E","M","E","M","$","R","B",null,"M","?","?","$","?","E","R","E","T","R","?","M","M","E","R","B",null],"character_chosen":"DEFECT","items_purchased":["Runic Capacitor"],"campfire_rested":0,"item_purchase_floors":[38],"current_hp_per_floor":[60,60,60,60,45,23,29,28,28,34,25,34,34,31,40,12,59,57,57,50,50,50,62,62,74,74,70,67,67,65,65,75,38,66,63,43,43,43,33,34,49,45,45,60,60,60,50,49,64,64],"gold":45,"neow_bonus":"BOSS_RELIC","is_prod":false,"is_daily":false,"chose_seed":false,"campfire_upgraded":7,"win_rate":0,"timestamp":1558083163,"path_taken":["M","$","?","?","?","E","R","M","T","R","E","R","M","E","R","BOSS","M","$","?","?","M","R","E","R","T","E","M","E","?","$","R","BOSS","M","?","?","$","?","E","R","E","T","R","?","M","M","E","R","BOSS"],"build_version":"2019-01-23","purchased_purges":1,"victory":true,"max_hp_per_floor":[75,75,75,75,75,75,75,75,75,75,75,75,75,75,75,75,75,75,75,75,75,75,75,75,75,75,75,75,75,75,75,75,75,75,75,75,75,75,75,77,77,77,77,77,77,79,81,95,95,95],"card_choices":[{"not_picked":["Aggregate","Reprogram"],"picked":"BootSequence","floor":1.0},{"not_picked":["Lockon","Static Discharge"],"picked":"Tempest","floor":6.0},{"not_picked":["Rebound","Cold Snap"],"picked":"Glacier","floor":8.0},{"not_picked":["Steam","Go for the Eyes"],"picked":"Double Energy","floor":11.0},{"not_picked":["Force Field","Barrage"],"picked":"Ball Lightning","floor":13.0},{"not_picked":["Storm","Gash"],"picked":"Darkness","floor":14.0},{"not_picked":["Biased Cognition","Amplify"],"picked":"Electrodynamics","floor":16},{"not_picked":["Stack","Tempest"],"picked":"Compile Driver+1","floor":18},{"not_picked":["Gash","Heatsinks"],"picked":"FTL+1","floor":20},{"not_picked":["Beam Cell","Machine Learning"],"picked":"Defragment","floor":22},{"not_picked":["Darkness","Scrape"],"picked":"Hologram","floor":24},{"not_picked":["Turbo","Rebound+1"],"picked":"Hologram","floor":27},{"not_picked":["Streamline+1","Fusion","Rebound+1"],"picked":"SKIP","floor":28},{"not_picked":["Multi-Cast","Turbo"],"picked":"White Noise","floor":29},{"not_picked":["Cold Snap","Stack"],"picked":"Defragment","floor":30},{"not_picked":["Thunder Strike","Machine Learning"],"picked":"All For One","floor":33},{"not_picked":["Redo+1","Barrage","Lockon+1"],"picked":"SKIP","floor":35},{"not_picked":["Chrysalis","Dark Shackles"],"picked":"Secret Technique","floor":39},{"not_picked":["Impatience","Discovery"],"picked":"Finesse","floor":39},{"not_picked":["Blizzard+1","Barrage","Sweeping Beam+1"],"picked":"Singing Bowl","floor":40},{"not_picked":["Stack","Barrage+1"],"picked":"Go for the Eyes+1","floor":42},{"not_picked":["Sweeping Beam+1","Rebound","Rip and Tear+1"],"picked":"Singing Bowl","floor":46},{"not_picked":["Barrage","Stack","Leap+1"],"picked":"Singing Bowl","floor":47},{"not_picked":["Sweeping Beam","Melter"],"picked":"Hologram+1","floor":48}],"player_experience":476571,"relics_obtained":[{"floor":6.0,"key":"Centennial Puzzle"},{"floor":9.0,"key":"Orichalcum"},{"floor":11.0,"key":"Symbiotic Virus"},{"floor":14.0,"key":"Girya"},{"floor":20,"key":"Red Mask"},{"floor":24,"key":"Blue Candle"},{"floor":26,"key":"The Courier"},{"floor":27,"key":"Meat on the Bone"},{"floor":29,"key":"War Paint"},{"floor":36,"key":"Ginger"},{"floor":40,"key":"Singing Bowl"},{"floor":42,"key":"Frozen Egg 2"},{"floor":43,"key":"Bottled Lightning"},{"floor":48,"key":"Mango"}],"event_choices":[{"damage_healed":0.0,"max_hp_gain":0.0,"max_hp_loss":0.0,"gold_gain":0.0,"event_name":"WeMeetAgain","player_choice":"Paid Gold","floor":3.0,"gold_loss":69.0,"damage_taken":0.0,"relics_obtained":["Dream Catcher"]},{"damage_healed":0.0,"max_hp_gain":0.0,"max_hp_loss":0.0,"gold_gain":0.0,"event_name":"Shining Light","player_choice":"Entered Light","floor":5.0,"gold_loss":0.0,"damage_taken":15.0,"cards_upgraded":["Defend_B","Strike_B"]},{"damage_healed":0,"gold_gain":0,"player_choice":"Fought Bandits","damage_taken":0,"max_hp_gain":0,"max_hp_loss":0,"event_name":"Masked Bandits","floor":20,"gold_loss":0},{"damage_healed":0,"gold_gain":0,"player_choice":"Bought 1 Potion","damage_taken":0,"max_hp_gain":0,"max_hp_loss":0,"event_name":"The Woman in Blue","floor":21,"gold_loss":0},{"damage_healed":0,"gold_gain":0,"player_choice":"Fight","damage_taken":0,"max_hp_gain":0,"max_hp_loss":0,"event_name":"MindBloom","floor":36,"gold_loss":0},{"damage_healed":0,"gold_gain":222,"player_choice":"Wore Mask","damage_taken":0,"max_hp_gain":0,"max_hp_loss":0,"event_name":"Tomb of Lord Red Mask","floor":37,"gold_loss":0},{"damage_healed":0,"gold_gain":0,"player_choice":"Memory 3","damage_taken":10,"max_hp_gain":0,"max_hp_loss":0,"event_name":"SensoryStone","floor":39,"gold_loss":0},{"cards_removed":["Strike_B"],"damage_healed":0,"gold_gain":0,"player_choice":"Removed Attack","damage_taken":0,"max_hp_gain":0,"max_hp_loss":0,"event_name":"Falling","floor":45,"gold_loss":0}],"is_beta":false,"boss_relics":[{"not_picked":["Inserter","Busted Crown"],"picked":"Ectoplasm"},{"not_picked":["Pandora\u0027s Box","Empty Cage"],"picked":"Coffee Dripper"}],"items_purged_floors":[31],"is_endless":false,"potions_floor_spawned":[1,13,20,24,27,33,36,40,42,47],"ascension_level":10}