{"gold_per_floor":[119,119,136,136,136,136,147,147,192,192,11,29,44,57,57,134,134,147,50,50,66,66,66,81,0,0,0,0],"floor_reached":28,"playtime":915,"items_purged":["Pain"],"score":379,"play_id":"42435a43-96f7-47ba-b4f4-7224e5b2d24b","local_time":"20190520221525","is_ascension_mode":true,"campfire_choices":[{"data":"Defragment","floor":6,"key":"SMITH"},{"data":"Coolheaded","floor":8,"key":"SMITH"},{"data":"Zap","floor":10,"key":"SMITH"},{"floor":15,"key":"REST"},{"data":"The Bomb","floor":23,"key":"SMITH"},{"floor":27,"key":"REST"}],"neow_cost":"NONE","seed_source_timestamp":48308559802689,"circlet_count":0,"master_deck":["AscendersBane","Strike_B","Strike_B","Strike_B","Defend_B","Defend_B","Defend_B","Defend_B","Zap+1","Dualcast","Defragment+1","Coolheaded+1","The Bomb+1","Cold Snap","Leap","Go for the Eyes","Core Surge","Parasite","Parasite","Reinforced Body+1","Conserve Battery","Ghostly","Ghostly","Ghostly","Ghostly","Ghostly","Leap","Melter"],"relics":["Cracked Core","NeowsBlessing","Happy Flower","Calling Bell","Regal Pillow","Kunai","Turnip","Dream Catcher"],"potions_floor_usage":[13,18,24,28],"damage_taken":[{"damage":0,"enemies":"Small Slimes","floor":1,"turns":1},{"damage":0,"enemies":"2 Louse","floor":3,"turns":1},{"damage":0,"enemies":"Jaw Worm","floor":7,"turns":1},{"damage":11,"enemies":"Blue Slaver","floor":12,"turns":3},{"damage":16,"enemies":"Gremlin Gang","floor":13,"turns":4},{"damage":4,"enemies":"Looter","floor":14,"turns":3},{"damage":25,"enemies":"Slime Boss","floor":16,"turns":6},{"damage":12,"enemies":"3 Byrds","floor":18,"turns":4},{"damage":7,"enemies":"Shell Parasite","floor":21,"turns":6},{"damage":17,"enemies":"Centurion and Healer","floor":24,"turns":8},{"damage":51,"enemies":"Gremlin Leader","floor":28,"turns":9}],"seed_played":"-4240472248449858436","potions_obtained":[{"floor":3,"key":"SteroidPotion"},{"floor":7,"key":"Ancient Potion"},{"floor":16,"key":"LiquidBronze"},{"floor":24,"key":"FocusPotion"}],"is_trial":false,"path_per_floor":["M","?","M","?","?","R","M","R","T","R","$","M","M","M","R","B",null,"M","$","?","M","?","R","M","?","T","R","E"],"character_chosen":"DEFECT","items_purchased":["The Bomb","Conserve Battery"],"campfire_rested":2,"item_purchase_floors":[11,19],"current_hp_per_floor":[64,64,64,64,69,69,69,69,69,69,69,58,42,38,60,35,66,54,54,40,33,33,33,16,16,16,40,0],"gold":0,"neow_bonus":"THREE_ENEMY_KILL","is_prod":false,"is_daily":false,"chose_seed":false,"campfire_upgraded":4,"win_rate":0,"timestamp":1558415725,"path_taken":["M","?","M","?","?","R","M","R","T","R","?","M","?","?","R","BOSS","M","$","?","M","?","R","M","?","T","R","E"],"build_version":"2019-01-23","purchased_purges":1,"victory":false,"max_hp_per_floor":[71,71,71,71,76,76,76,76,76,76,76,76,76,76,76,76,76,76,76,81,81,40,40,40,40,40,40,40],"card_choices":[{"not_picked":["Barrage","Heatsinks"],"picked":"Defragment","floor":1},{"not_picked":["Heatsinks","Lockon","Streamline"],"picked":"SKIP","floor":3},{"not_picked":["Compile Driver","Sweeping Beam","Recycle"],"picked":"SKIP","floor":7},{"not_picked":["Recycle","Consume"],"picked":"Cold Snap","floor":12},{"not_picked":["Coolheaded","Stack"],"picked":"Leap","floor":13},{"not_picked":["Double Energy","Hologram"],"picked":"Go for the Eyes","floor":14},{"not_picked":["Creative AI","Amplify"],"picked":"Core Surge","floor":16},{"not_picked":["Blizzard+1","Cold Snap"],"picked":"Reinforced Body+1","floor":18},{"not_picked":["Reprogram","Barrage","Amplify"],"picked":"SKIP","floor":21},{"not_picked":["Sweeping Beam","Streamline"],"picked":"Leap","floor":24},{"not_picked":["Hello World","Compile Driver+1"],"picked":"Melter","floor":27}],"player_experience":650618,"relics_obtained":[{"floor":9,"key":"Happy Flower"},{"floor":17,"key":"Regal Pillow"},{"floor":17,"key":"Kunai"},{"floor":17,"key":"Turnip"},{"floor":26,"key":"Dream Catcher"}],"event_choices":[{"damage_healed":0,"gold_gain":0,"player_choice":"Ignored","damage_taken":0,"max_hp_gain":0,"max_hp_loss":0,"event_name":"Shining Light","floor":2,"gold_loss":0},{"damage_healed":0,"gold_gain":0,"cards_transformed":["Strike_B"],"player_choice":"Change","damage_taken":0,"max_hp_gain":0,"max_hp_loss":0,"event_name":"Living Wall","floor":4,"gold_loss":0,"cards_obtained":["Coolheaded"]},{"damage_healed":0,"gold_gain":0,"player_choice":"Donut","damage_taken":0,"max_hp_gain":5,"max_hp_loss":0,"event_name":"Big Fish","floor":5,"gold_loss":0},{"damage_healed":0,"gold_gain":0,"player_choice":"Shed Blood","damage_taken":19,"max_hp_gain":5,"max_hp_loss":0,"event_name":"Forgotten Altar","floor":20,"gold_loss":0},{"damage_healed":0,"gold_gain":0,"player_choice":"Became a Ghost","damage_taken":0,"max_hp_gain":0,"max_hp_loss":41,"event_name":"Ghosts","floor":22,"gold_loss":0,"cards_obtained":["Ghostly","Ghostly","Ghostly","Ghostly","Ghostly"]},{"damage_healed":0,"gold_gain":0,"player_choice":"Paid Fearfully","damage_taken":0,"max_hp_gain":0,"max_hp_loss":0,"event_name":"Masked Bandits","floor":25,"gold_loss":81}],"is_beta":false,"boss_relics":[{"not_picked":["Coffee Dripper","Snecko Eye"],"picked":"Calling Bell"}],"items_purged_floors":[19],"is_endless":false,"potions_floor_spawned":[3,7,12,16,24],"killed_by":"Gremlin Leader","ascension_level":14}