{"gold_per_floor":[109,123,22,33,52,52,85,85,139,11,11,28,63,83,83,159,159,172,3,3,23,40,75,75,87,117,117],"floor_reached":27,"playtime":1877,"items_purged":["Injury","Strike_B","Aggregate+1"],"score":527,"play_id":"4dc87747-f344-4968-80bd-f7ec8a202061","local_time":"20190604103103","is_ascension_mode":true,"campfire_choices":[{"floor":6,"key":"REST"},{"data":"Defragment","floor":15,"key":"SMITH"},{"floor":24,"key":"REST"}],"neow_cost":"CURSE","seed_source_timestamp":27948194042113,"circlet_count":0,"master_deck":["AscendersBane","Defend_B","Defend_B","Defend_B","Zap","Dualcast","Biased Cognition","Ball Lightning","Defragment+1","Sweeping Beam","Steam","Auto Shields","Ball Lightning","Defragment","Reinforced Body","Seek","Consume+1","Seek+1","Coolheaded","Blizzard","Ghostly","Ghostly","Ghostly","Defragment"],"relics":["Cracked Core","Cables","Centennial Puzzle","Bag of Preparation","Astrolabe","Girya","Tiny Chest"],"potions_floor_usage":[7,13,16,16,23,25],"damage_taken":[{"damage":6,"enemies":"Cultist","floor":1,"turns":3},{"damage":12,"enemies":"Jaw Worm","floor":2,"turns":2},{"damage":8,"enemies":"2 Louse","floor":4,"turns":2},{"damage":1,"enemies":"Looter","floor":5,"turns":3},{"damage":10,"enemies":"3 Sentries","floor":7,"turns":5},{"damage":13,"enemies":"3 Louse","floor":12,"turns":2},{"damage":3,"enemies":"Lagavulin","floor":13,"turns":6},{"damage":0,"enemies":"Large Slime","floor":14,"turns":4},{"damage":26,"enemies":"Hexaghost","floor":16,"turns":6},{"damage":18,"enemies":"Chosen","floor":18,"turns":4},{"damage":3,"enemies":"Shell Parasite","floor":21,"turns":4},{"damage":6,"enemies":"Snake Plant","floor":22,"turns":5},{"damage":0,"enemies":"Gremlin Leader","floor":23,"turns":6},{"damage":32,"enemies":"Centurion and Healer","floor":25,"turns":7},{"damage":3,"enemies":"Colosseum Slavers","floor":27,"turns":3}],"seed_played":"-4901524444204953351","potions_obtained":[{"floor":2,"key":"Swift Potion"},{"floor":4,"key":"GamblersBrew"},{"floor":5,"key":"Fire Potion"},{"floor":12,"key":"AttackPotion"},{"floor":13,"key":"Swift Potion"},{"floor":21,"key":"FocusPotion"},{"floor":23,"key":"Energy Potion"}],"is_trial":false,"path_per_floor":["M","M","$","M","M","R","E","?","T","$","$","M","E","M","R","B",null,"M","$","?","M","M","E","R","M","T","?"],"character_chosen":"DEFECT","items_purchased":["Sweeping Beam","Ball Lightning","Blizzard"],"campfire_rested":2,"item_purchase_floors":[3,10,19],"current_hp_per_floor":[58,46,46,38,37,58,48,48,48,48,48,35,32,32,32,6,55,37,37,35,32,26,26,35,3,3,0],"gold":117,"neow_bonus":"THREE_RARE_CARDS","is_prod":false,"is_daily":false,"chose_seed":false,"campfire_upgraded":1,"win_rate":0,"timestamp":1559669463,"path_taken":["M","M","$","M","?","R","E","?","T","?","$","?","E","M","R","BOSS","M","$","?","M","M","E","R","M","T","?"],"build_version":"2019-01-23","purchased_purges":3,"victory":false,"max_hp_per_floor":[71,71,71,71,71,71,71,71,71,71,71,71,71,71,71,71,71,71,71,35,35,35,35,35,35,35,35],"card_choices":[{"not_picked":["Buffer","Amplify"],"picked":"Biased Cognition","floor":0},{"not_picked":["Chill","Compile Driver"],"picked":"Ball Lightning","floor":1},{"not_picked":["Melter","Beam Cell"],"picked":"Defragment","floor":2},{"not_picked":["Consume","Leap"],"picked":"Steam","floor":4},{"not_picked":["Streamline","Beam Cell"],"picked":"Auto Shields","floor":5},{"not_picked":["Beam Cell","Coolheaded","Go for the Eyes"],"picked":"SKIP","floor":7},{"not_picked":["Sweeping Beam","Steam"],"picked":"Defragment","floor":12},{"not_picked":["Barrage","Rebound"],"picked":"Reinforced Body","floor":13},{"not_picked":["Hologram","Hyperbeam","Genetic Algorithm"],"picked":"SKIP","floor":14},{"not_picked":["Reboot","Thunder Strike"],"picked":"Seek","floor":16},{"not_picked":["Reprogram","Compile Driver"],"picked":"Coolheaded","floor":18},{"not_picked":["Go for the Eyes","Steam Power","Barrage"],"picked":"SKIP","floor":21},{"not_picked":["Beam Cell","Sweeping Beam+1","Hologram"],"picked":"SKIP","floor":22},{"not_picked":["Rebound","Storm","Creative AI"],"picked":"SKIP","floor":23},{"not_picked":["Double Energy","Force Field+1"],"picked":"Defragment","floor":25}],"player_experience":822989,"relics_obtained":[{"floor":7,"key":"Cables"},{"floor":9,"key":"Centennial Puzzle"},{"floor":13,"key":"Bag of Preparation"},{"floor":23,"key":"Girya"},{"floor":26,"key":"Tiny Chest"}],"event_choices":[{"cards_removed":["Strike_B"],"damage_healed":0,"gold_gain":0,"player_choice":"Offered Basic","damage_taken":0,"max_hp_gain":0,"max_hp_loss":0,"event_name":"Bonfire Elementals","floor":8,"gold_loss":0},{"damage_healed":0,"gold_gain":0,"player_choice":"Became a Ghost","damage_taken":0,"max_hp_gain":0,"max_hp_loss":36,"event_name":"Ghosts","floor":20,"gold_loss":0,"cards_obtained":["Ghostly","Ghostly","Ghostly"]},{"damage_healed":0,"gold_gain":0,"player_choice":"Fight","damage_taken":0,"max_hp_gain":0,"max_hp_loss":0,"event_name":"Colosseum","floor":27,"gold_loss":0}],"is_beta":false,"boss_relics":[{"not_picked":["Inserter","Empty Cage"],"picked":"Astrolabe"}],"items_purged_floors":[3,10,19],"is_endless":false,"potions_floor_spawned":[2,4,5,12,13,21,23],"killed_by":"Colosseum Slavers","ascension_level":19}