{"gold_per_floor":[115,215,225,237,251,251,285,285,285,285,285,295,295,12,12,111,111,128,139,139,54,6,6,6],"floor_reached":24,"playtime":1599,"items_purged":[],"score":262,"play_id":"1d5e697c-88f8-4927-adde-6b5e45604dba","local_time":"20190327025038","is_ascension_mode":true,"campfire_choices":[{"floor":6,"key":"REST"},{"data":"Coolheaded","floor":8,"key":"SMITH"},{"floor":11,"key":"REST"},{"data":"Capacitor","floor":15,"key":"SMITH"},{"floor":23,"key":"REST"}],"neow_cost":"NONE","seed_source_timestamp":356072388339595,"circlet_count":0,"master_deck":["Strike_B","Strike_B+1","Strike_B","Strike_B","Defend_B","Defend_B","Defend_B","Defend_B","Zap","Dualcast","Cold Snap+1","Doom and Gloom","Hologram","Coolheaded+1","Compile Driver","Leap","Coolheaded+1","Capacitor+1","Ball Lightning","Multi-Cast","Chill+1","Hologram+1","Decay","Redo"],"relics":["Black Star","Whetstone","Cables","Letter Opener","Juzu Bracelet","DollysMirror","Runic Pyramid","Darkstone Periapt"],"potions_floor_usage":[7,16,24],"damage_taken":[{"damage":13,"enemies":"Jaw Worm","floor":1,"turns":4},{"damage":0,"enemies":"Cultist","floor":3,"turns":4},{"damage":5,"enemies":"Small Slimes","floor":4,"turns":4},{"damage":13,"enemies":"Looter","floor":5,"turns":3},{"damage":14,"enemies":"Lagavulin","floor":7,"turns":8},{"damage":5,"enemies":"2 Fungi Beasts","floor":12,"turns":3},{"damage":34,"enemies":"Hexaghost","floor":16,"turns":13},{"damage":1,"enemies":"Spheric Guardian","floor":18,"turns":3},{"damage":33,"enemies":"2 Thieves","floor":19,"turns":5},{"damage":55,"enemies":"Gremlin Leader","floor":24,"turns":6}],"seed_played":"3547244234650829752","potions_obtained":[{"floor":3,"key":"Explosive Potion"},{"floor":5,"key":"PowerPotion"},{"floor":12,"key":"Energy Potion"}],"is_trial":false,"path_per_floor":["M","?","M","M","M","R","E","R","T","?","R","M","?","$","R","B",null,"M","M","?","?","$","R","E"],"character_chosen":"DEFECT","items_purchased":["DollysMirror","Capacitor","Ball Lightning","Redo"],"campfire_rested":3,"item_purchase_floors":[14,14,14,22],"current_hp_per_floor":[55,55,55,50,37,59,45,45,45,20,42,37,62,62,62,28,63,62,29,29,29,29,51,0],"gold":6,"neow_bonus":"BOSS_RELIC","is_prod":false,"is_daily":false,"chose_seed":false,"campfire_upgraded":2,"win_rate":0,"timestamp":1553669438,"path_taken":["M","?","M","?","M","R","E","R","T","?","R","M","?","$","R","BOSS","M","M","?","?","?","R","E"],"build_version":"2019-01-23","purchased_purges":0,"victory":false,"max_hp_per_floor":[75,75,75,75,75,75,75,75,75,75,75,75,75,75,75,75,75,75,75,75,75,75,75,75],"card_choices":[{"not_picked":["BootSequence","Chill"],"picked":"Cold Snap","floor":1},{"not_picked":["Compile Driver","Skim"],"picked":"Doom and Gloom","floor":3},{"not_picked":["Streamline","Melter"],"picked":"Hologram","floor":4},{"not_picked":["Heatsinks","Sweeping Beam"],"picked":"Coolheaded","floor":5},{"not_picked":["Chill","Stack"],"picked":"Compile Driver","floor":7},{"not_picked":["Streamline","Conserve Battery"],"picked":"Leap","floor":12},{"not_picked":["Seek","Thunder Strike"],"picked":"Multi-Cast","floor":16},{"not_picked":["Redo","Hologram"],"picked":"Chill+1","floor":18},{"not_picked":["Coolheaded+1","Doom and Gloom"],"picked":"Hologram+1","floor":19}],"player_experience":248594,"relics_obtained":[{"floor":7,"key":"Whetstone"},{"floor":7,"key":"Cables"},{"floor":9,"key":"Letter Opener"}],"event_choices":[{"damage_healed":0,"gold_gain":100,"player_choice":"Pray","damage_taken":0,"max_hp_gain":0,"max_hp_loss":0,"event_name":"Golden Shrine","floor":2,"gold_loss":0},{"damage_healed":0,"gold_gain":0,"player_choice":"Success","damage_taken":25,"relics_obtained":["Juzu Bracelet"],"max_hp_gain":0,"max_hp_loss":0,"event_name":"Scrap Ooze","floor":10,"gold_loss":0},{"damage_healed":25,"gold_gain":0,"player_choice":"Banana","damage_taken":0,"max_hp_gain":0,"max_hp_loss":0,"event_name":"Big Fish","floor":13,"gold_loss":0},{"damage_healed":0,"gold_gain":0,"player_choice":"Smashed Altar","damage_taken":0,"max_hp_gain":0,"max_hp_loss":0,"event_name":"Forgotten Altar","floor":20,"gold_loss":0,"cards_obtained":["Decay"]},{"damage_healed":0,"gold_gain":0,"player_choice":"Obtained Relic","damage_taken":0,"relics_obtained":["Darkstone Periapt"],"max_hp_gain":0,"max_hp_loss":0,"event_name":"Addict","floor":21,"gold_loss":85}],"is_beta":false,"boss_relics":[{"not_picked":["Busted Crown","Ectoplasm"],"picked":"Runic Pyramid"}],"items_purged_floors":[],"is_endless":false,"potions_floor_spawned":[3,5,12],"killed_by":"Gremlin Leader","ascension_level":7}