{"gold_per_floor":[116,116,116,136,136,136,151,151,151,166,94,107,118,135,135,240,240,251,351,351,366,366],"floor_reached":22,"playtime":1538,"items_purged":["Strike_B"],"score":196,"play_id":"497ff6fc-eefd-43e3-9be5-f7dda8995912","local_time":"20190123030518","is_ascension_mode":true,"campfire_choices":[{"data":"Double Energy","floor":6,"key":"SMITH"},{"data":"Ball Lightning","floor":8,"key":"SMITH"},{"floor":15,"key":"REST"}],"neow_cost":"NONE","seed_source_timestamp":1085597094667408,"circlet_count":0,"master_deck":["Strike_B","Strike_B","Defend_B","Defend_B","Defend_B","Defend_B","Zap","Dualcast","Auto Shields","Double Energy+1","Gash","Leap","Machine Learning","Sunder","Rebound","Hyperbeam","White Noise"],"relics":["Cracked Core","Smiling Mask","Gremlin Horn","Bottled Lightning","Du-Vu Doll","Busted Crown","Unceasing Top","Question Card","Thread and Needle"],"potions_floor_usage":[21],"damage_taken":[{"damage":0,"enemies":"Small Slimes","floor":1,"turns":2},{"damage":0,"enemies":"2 Louse","floor":4,"turns":2},{"damage":0,"enemies":"Jaw Worm","floor":7,"turns":4},{"damage":5,"enemies":"Gremlin Gang","floor":10,"turns":3},{"damage":0,"enemies":"Exordium Thugs","floor":12,"turns":4},{"damage":3,"enemies":"Exordium Wildlife","floor":13,"turns":5},{"damage":0,"enemies":"Lots of Slimes","floor":14,"turns":2},{"damage":28,"enemies":"Slime Boss","floor":16,"turns":10},{"damage":30,"enemies":"Shell Parasite","floor":18,"turns":4},{"damage":9,"enemies":"Colosseum Slavers","floor":19,"turns":3},{"damage":16,"enemies":"Colosseum Nobs","floor":19,"turns":3},{"damage":15,"enemies":"Chosen","floor":21,"turns":5},{"damage":18,"enemies":"Shelled Parasite and Fungi","floor":22,"turns":2}],"seed_played":"-8690176681294801144","potions_obtained":[{"floor":4,"key":"FocusPotion"},{"floor":13,"key":"FairyPotion"},{"floor":14,"key":"Block Potion"},{"floor":16,"key":"Energy Potion"},{"floor":19,"key":"Swift Potion"}],"is_trial":false,"path_per_floor":["M","?","?","M","T","R","M","R","T","M","$","M","M","M","R","B",null,"M","?","?","M","M"],"character_chosen":"DEFECT","items_purchased":["Leap"],"campfire_rested":1,"item_purchase_floors":[11],"current_hp_per_floor":[75,68,50,50,50,50,50,50,50,45,45,45,42,42,64,36,75,45,20,20,5,0],"gold":366,"neow_bonus":"RANDOM_COMMON_RELIC","is_prod":false,"is_daily":false,"chose_seed":false,"campfire_upgraded":2,"win_rate":0,"timestamp":1548230718,"path_taken":["M","?","?","M","?","R","M","R","T","M","$","M","M","?","R","BOSS","M","?","?","?","M"],"build_version":"2019-01-17v2","purchased_purges":1,"victory":false,"max_hp_per_floor":[75,75,75,75,75,75,75,75,75,75,75,75,75,75,75,75,75,75,75,75,75,75],"card_choices":[{"not_picked":["Leap","Beam Cell"],"picked":"Auto Shields","floor":1},{"not_picked":["Steam","Redo"],"picked":"Double Energy","floor":4},{"not_picked":["Beam Cell","Go for the Eyes"],"picked":"Ball Lightning","floor":7},{"not_picked":["Sweeping Beam","Streamline"],"picked":"Gash","floor":10},{"not_picked":["Compile Driver","Hologram"],"picked":"Machine Learning","floor":12},{"not_picked":["Cold Snap","Lockon"],"picked":"Sunder","floor":13},{"not_picked":["Defragment","Ball Lightning"],"picked":"Rebound","floor":14},{"not_picked":["All For One","Fission"],"picked":"Hyperbeam","floor":16},{"not_picked":["Coolheaded"],"picked":"SKIP","floor":18},{"not_picked":["Go for the Eyes"],"picked":"White Noise","floor":21}],"player_experience":83115,"relics_obtained":[{"floor":5,"key":"Bottled Lightning"},{"floor":9,"key":"Du-Vu Doll"},{"floor":19,"key":"Unceasing Top"},{"floor":19,"key":"Question Card"}],"event_choices":[{"cards_removed":["Strike_B"],"damage_healed":0,"gold_gain":0,"player_choice":"Card Removal","damage_taken":7,"max_hp_gain":0,"max_hp_loss":0,"event_name":"Golden Wing","floor":2,"gold_loss":0},{"damage_healed":0,"gold_gain":0,"player_choice":"Success","damage_taken":18,"relics_obtained":["Gremlin Horn"],"max_hp_gain":0,"max_hp_loss":0,"event_name":"Scrap Ooze","floor":3,"gold_loss":0},{"damage_healed":0,"gold_gain":0,"player_choice":"Fight","damage_taken":0,"max_hp_gain":0,"max_hp_loss":0,"event_name":"Colosseum","floor":19,"gold_loss":0},{"damage_healed":0,"gold_gain":0,"player_choice":"Fought Nobs","damage_taken":0,"max_hp_gain":0,"max_hp_loss":0,"event_name":"Colosseum","floor":19,"gold_loss":0},{"cards_removed":["Ball Lightning"],"damage_healed":0,"gold_gain":0,"player_choice":"Gave Card","damage_taken":0,"relics_obtained":["Thread and Needle"],"max_hp_gain":0,"max_hp_loss":0,"event_name":"WeMeetAgain","floor":20,"gold_loss":0}],"is_beta":false,"boss_relics":[{"not_picked":["FrozenCore","Runic Pyramid"],"picked":"Busted Crown"}],"items_purged_floors":[11],"is_endless":false,"potions_floor_spawned":[4,13,14,16,19,19],"killed_by":"Shelled Parasite and Fungi","ascension_level":2}