{"gold_per_floor":[110,123,123,180,105,140,157,157,180,190,47,61,61,73,73,178,178,198,198,198,29,43,43,143,174,174,174,192,224,243,257,257,358,358,377,390,390,390,402,402,419,429,429,9,9,9,25,125,125,125],"floor_reached":51,"playtime":1756,"items_purged":["Strike_R","The Bomb"],"score":739,"play_id":"6294e765-7490-4a03-9d33-71da3f20d5f6","local_time":"20190128122605","is_ascension_mode":false,"campfire_choices":[{"data":"Barricade","floor":13,"key":"SMITH"},{"data":"Rage","floor":15,"key":"SMITH"},{"data":"Inflame","floor":23,"key":"SMITH"},{"data":"Flex","floor":27,"key":"SMITH"},{"data":"Armaments","floor":32,"key":"SMITH"},{"floor":40,"key":"REST"},{"floor":45,"key":"REST"},{"data":"Limit Break","floor":49,"key":"SMITH"}],"neow_cost":"NONE","seed_source_timestamp":11271937337992,"circlet_count":0,"master_deck":["Strike_R+1","Defend_R+1","Defend_R+1","Defend_R+1","Defend_R+1","Bash","Sword Boomerang","Clash","Twin Strike","Thunderclap","Barricade+1","Twin Strike","Rage+1","Inflame+1","Flex+1","Shrug It Off","Battle Trance","Shrug It Off","Limit Break+1","Dropkick","Armaments+1","Demon Form","Iron Wave+1","Blind","Iron Wave+1","True Grit+1","Metallicize","Iron Wave"],"relics":["Burning Blood","NeowsBlessing","Red Skull","Gremlin Horn","Juzu Bracelet","Nloth\u0027s Gift","FossilizedHelix","Dodecahedron","Mercury Hourglass","Calipers","Meat on the Bone","Sozu","Lantern","Mummified Hand","Mango"],"potions_floor_usage":[12,16,24,25,29,33,33],"damage_taken":[{"damage":0,"enemies":"Small Slimes","floor":1,"turns":1},{"damage":0,"enemies":"2 Louse","floor":2,"turns":1},{"damage":0,"enemies":"3 Sentries","floor":6,"turns":1},{"damage":6,"enemies":"Cultist","floor":7,"turns":3},{"damage":8,"enemies":"3 Louse","floor":10,"turns":3},{"damage":5,"enemies":"Large Slime","floor":12,"turns":5},{"damage":0,"enemies":"Exordium Wildlife","floor":14,"turns":2},{"damage":64,"enemies":"The Guardian","floor":16,"turns":13},{"damage":5,"enemies":"3 Byrds","floor":18,"turns":5},{"damage":10,"enemies":"Shell Parasite","floor":22,"turns":5},{"damage":12,"enemies":"Colosseum Slavers","floor":24,"turns":5},{"damage":21,"enemies":"Colosseum Nobs","floor":24,"turns":4},{"damage":0,"enemies":"Gremlin Leader","floor":25,"turns":7},{"damage":16,"enemies":"3 Cultists","floor":28,"turns":4},{"damage":39,"enemies":"Book of Stabbing","floor":29,"turns":8},{"damage":0,"enemies":"Snecko","floor":30,"turns":4},{"damage":0,"enemies":"Shelled Parasite and Fungi","floor":31,"turns":4},{"damage":7,"enemies":"Champ","floor":33,"turns":9},{"damage":16,"enemies":"Orb Walker","floor":35,"turns":4},{"damage":0,"enemies":"3 Shapes","floor":36,"turns":3},{"damage":39,"enemies":"Maw","floor":39,"turns":8},{"damage":35,"enemies":"Transient","floor":41,"turns":5},{"damage":21,"enemies":"Sphere and 2 Shapes","floor":42,"turns":5},{"damage":14,"enemies":"Jaw Worm Horde","floor":47,"turns":4},{"damage":0,"enemies":"Mind Bloom Boss Battle","floor":48,"turns":7},{"damage":45,"enemies":"Donu and Deca","floor":50,"turns":7}],"seed_played":"-1175082148717510407","potions_obtained":[{"floor":1,"key":"Poison Potion"},{"floor":14,"key":"Energy Potion"},{"floor":16,"key":"Block Potion"},{"floor":24,"key":"Energy Potion"},{"floor":25,"key":"BloodPotion"},{"floor":30,"key":"Strength Potion"},{"floor":31,"key":"SpeedPotion"}],"is_trial":false,"path_per_floor":["M","M","?","?","$","E","M","?","T","M","$","M","R","M","R","B",null,"M","?","?","$","M","R","?","E","T","R","M","E","M","M","R","B",null,"M","M","?","?","M","R","M","M","T","$","R","?","M","?","R","B",null],"character_chosen":"IRONCLAD","items_purchased":["Barricade","Inflame","Flex","Shrug It Off","Metallicize","Mummified Hand"],"campfire_rested":2,"item_purchase_floors":[11,21,21,21,44,44],"current_hp_per_floor":[80,80,64,64,64,70,70,63,63,61,61,62,62,68,68,10,80,80,80,80,80,76,76,55,61,61,61,51,26,44,50,50,49,80,70,76,76,71,50,74,57,54,54,54,78,78,70,90,90,63],"gold":125,"neow_bonus":"THREE_ENEMY_KILL","is_prod":false,"is_daily":false,"chose_seed":false,"campfire_upgraded":6,"win_rate":0,"timestamp":1548674765,"path_taken":["M","M","?","?","$","E","M","?","T","M","?","M","R","M","R","BOSS","M","?","?","$","M","R","?","E","T","R","M","E","M","M","R","BOSS","M","M","?","?","M","R","M","M","T","?","R","?","M","?","R","BOSS"],"build_version":"2019-01-23","purchased_purges":2,"victory":true,"max_hp_per_floor":[80,80,80,80,80,80,80,80,80,80,80,80,80,80,80,80,80,80,80,80,80,80,80,80,80,80,80,80,80,80,80,80,80,80,80,80,80,80,80,80,80,80,80,80,80,80,80,94,94,94],"card_choices":[{"not_picked":["Wild Strike","Shrug It Off"],"picked":"Sword Boomerang","floor":1},{"not_picked":["Infernal Blade","Clothesline"],"picked":"Clash","floor":2},{"not_picked":["Clothesline","Anger"],"picked":"Twin Strike","floor":6},{"not_picked":["Wild Strike","Clothesline","Perfected Strike"],"picked":"SKIP","floor":7},{"not_picked":["Dropkick","Pummel"],"picked":"Thunderclap","floor":10},{"not_picked":["Body Slam","Cleave"],"picked":"Twin Strike","floor":12},{"not_picked":["Cleave","Havoc"],"picked":"Rage","floor":14},{"not_picked":["Pommel Strike","Clash+1","Anger"],"picked":"SKIP","floor":18},{"not_picked":["Anger","Clothesline+1","Havoc"],"picked":"SKIP","floor":22},{"not_picked":["Heavy Blade","Warcry+1"],"picked":"Battle Trance","floor":24},{"not_picked":["Barricade","Reaper"],"picked":"Shrug It Off","floor":25},{"not_picked":["Carnage","Battle Trance+1","Pommel Strike+1"],"picked":"SKIP","floor":28},{"not_picked":["Brutality","Havoc+1"],"picked":"Limit Break","floor":29},{"not_picked":["Battle Trance","Armaments"],"picked":"Dropkick","floor":30},{"not_picked":["Dual Wield","Anger"],"picked":"Armaments","floor":31},{"not_picked":["Berserk","Limit Break"],"picked":"Demon Form","floor":33},{"not_picked":["Bloodletting","Fire Breathing","Carnage"],"picked":"SKIP","floor":35},{"not_picked":["Sentinel+1","Shrug It Off+1"],"picked":"Iron Wave+1","floor":36},{"not_picked":["Mind Blast","Discovery"],"picked":"The Bomb","floor":38},{"not_picked":["Sadistic Nature","Apotheosis"],"picked":"Blind","floor":38},{"not_picked":["Cleave+1","Thunderclap+1"],"picked":"Iron Wave+1","floor":39},{"not_picked":["Headbutt+1","Immolate"],"picked":"True Grit+1","floor":41},{"not_picked":["Body Slam+1","Spot Weakness","Havoc"],"picked":"SKIP","floor":42},{"not_picked":["Reckless Charge","Power Through","Armaments+1"],"picked":"SKIP","floor":47},{"not_picked":["Shrug It Off","True Grit+1"],"picked":"Iron Wave","floor":48}],"player_experience":213014,"relics_obtained":[{"floor":6,"key":"Red Skull"},{"floor":9,"key":"Juzu Bracelet"},{"floor":24,"key":"FossilizedHelix"},{"floor":24,"key":"Dodecahedron"},{"floor":25,"key":"Mercury Hourglass"},{"floor":26,"key":"Calipers"},{"floor":29,"key":"Meat on the Bone"},{"floor":43,"key":"Lantern"},{"floor":48,"key":"Mango"}],"event_choices":[{"damage_healed":0,"gold_gain":0,"player_choice":"Entered Light","damage_taken":16,"max_hp_gain":0,"max_hp_loss":0,"event_name":"Shining Light","floor":3,"gold_loss":0,"cards_upgraded":["Strike_R","Strike_R"]},{"damage_healed":0,"gold_gain":57,"player_choice":"Gained Gold","damage_taken":0,"max_hp_gain":0,"max_hp_loss":0,"event_name":"Golden Wing","floor":4,"gold_loss":0},{"damage_healed":0,"gold_gain":0,"player_choice":"Success","damage_taken":7,"relics_obtained":["Gremlin Horn"],"max_hp_gain":0,"max_hp_loss":0,"event_name":"Scrap Ooze","floor":8,"gold_loss":0},{"damage_healed":0,"gold_gain":0,"player_choice":"Simplicity","damage_taken":0,"max_hp_gain":0,"max_hp_loss":0,"event_name":"Back to Basics","floor":19,"gold_loss":0,"cards_upgraded":["Defend_R","Defend_R","Defend_R","Defend_R"]},{"damage_healed":0,"gold_gain":0,"player_choice":"Traded Relic","damage_taken":0,"relics_obtained":["Nloth\u0027s Gift"],"max_hp_gain":0,"max_hp_loss":0,"event_name":"N\u0027loth","floor":20,"relics_lost":["Empty Cage"],"gold_loss":0},{"damage_healed":0,"gold_gain":0,"player_choice":"Fight","damage_taken":0,"max_hp_gain":0,"max_hp_loss":0,"event_name":"Colosseum","floor":24,"gold_loss":0},{"damage_healed":0,"gold_gain":0,"player_choice":"Fought Nobs","damage_taken":0,"max_hp_gain":0,"max_hp_loss":0,"event_name":"Colosseum","floor":24,"gold_loss":0},{"damage_healed":0,"gold_gain":0,"player_choice":"Ignored","damage_taken":0,"max_hp_gain":0,"max_hp_loss":0,"event_name":"Tomb of Lord Red Mask","floor":37,"gold_loss":0},{"damage_healed":0,"gold_gain":0,"player_choice":"Memory 2","damage_taken":5,"max_hp_gain":0,"max_hp_loss":0,"event_name":"SensoryStone","floor":38,"gold_loss":0},{"cards_removed":["Strike_R"],"damage_healed":0,"gold_gain":0,"player_choice":"Removed Attack","damage_taken":0,"max_hp_gain":0,"max_hp_loss":0,"event_name":"Falling","floor":46,"gold_loss":0},{"damage_healed":0,"gold_gain":0,"player_choice":"Fight","damage_taken":0,"max_hp_gain":0,"max_hp_loss":0,"event_name":"MindBloom","floor":48,"gold_loss":0}],"is_beta":false,"boss_relics":[{"not_picked":["Runic Pyramid","Eternal Feather"],"picked":"Empty Cage"},{"not_picked":["Orrery","Tiny House"],"picked":"Sozu"}],"items_purged_floors":[5,44],"is_endless":false,"potions_floor_spawned":[1,14,16,24,24,25,30,31,39,47,48],"ascension_level":0}