{"gold_per_floor":[362,44,44,54,67,94,94,128,155,155,155,180,190,208,208,284,284,304,323,36,36,36,36,70,70,139,238,263,263,263,263],"floor_reached":31,"playtime":2520,"items_purged":["Writhe","Strike_B"],"score":576,"play_id":"b1beaa9f-0c23-4d46-9dfd-c57cfe2d8d60","local_time":"20190603174536","is_ascension_mode":true,"campfire_choices":[{"data":"Doom and Gloom","floor":7,"key":"SMITH"},{"floor":10,"key":"REST"},{"floor":15,"key":"REST"},{"data":"Consume","floor":23,"key":"SMITH"},{"floor":25,"key":"REST"},{"floor":30,"key":"REST"}],"neow_cost":"CURSE","seed_source_timestamp":1205451714167169,"circlet_count":0,"master_deck":["AscendersBane","Defend_B","Defend_B","Defend_B","Defend_B","Zap","Dualcast","Capacitor","All For One","Steam","Hologram","Beam Cell","Doom and Gloom+1","Reinforced Body","Rebound","Consume+1","Glacier","Conserve Battery","Machine Learning","Steam","Meteor Strike","Storm","Glacier","White Noise","Self Repair","Sunder","Fission"],"relics":["Cracked Core","Anchor","Centennial Puzzle","Bronze Scales","Art of War","Mummified Hand","Sozu","WingedGreaves","Question Card","Symbiotic Virus"],"potions_floor_usage":[16,24],"damage_taken":[{"damage":2,"enemies":"Jaw Worm","floor":1,"turns":3},{"damage":1,"enemies":"Cultist","floor":4,"turns":4},{"damage":1,"enemies":"Small Slimes","floor":5,"turns":3},{"damage":19,"enemies":"Lagavulin","floor":6,"turns":7},{"damage":22,"enemies":"3 Sentries","floor":8,"turns":8},{"damage":22,"enemies":"Gremlin Nob","floor":12,"turns":3},{"damage":7,"enemies":"3 Louse","floor":13,"turns":2},{"damage":0,"enemies":"2 Fungi Beasts","floor":14,"turns":2},{"damage":0,"enemies":"Hexaghost","floor":16,"turns":11},{"damage":5,"enemies":"2 Thieves","floor":18,"turns":3},{"damage":0,"enemies":"Chosen","floor":19,"turns":6},{"damage":31,"enemies":"Slavers","floor":24,"turns":4},{"damage":10,"enemies":"Book of Stabbing","floor":28,"turns":5},{"damage":61,"enemies":"Gremlin Leader","floor":31,"turns":3}],"seed_played":"1571689050616398481","potions_obtained":[{"floor":12,"key":"Block Potion"},{"floor":13,"key":"AttackPotion"},{"floor":14,"key":"Dexterity Potion"}],"is_trial":false,"path_per_floor":["M","$","?","M","M","E","R","E","T","R","?","E","M","M","R","B",null,"M","M","$","?","$","R","E","R","T","?","E","?","R","E"],"character_chosen":"DEFECT","items_purchased":["All For One","Steam","Hologram","Meteor Strike","Storm"],"campfire_rested":4,"item_purchase_floors":[2,2,2,20,20],"current_hp_per_floor":[62,62,62,61,60,41,41,19,19,40,37,15,8,8,29,29,61,56,56,56,56,56,56,25,46,46,46,36,36,57,0],"gold":263,"neow_bonus":"TWO_FIFTY_GOLD","is_prod":false,"is_daily":false,"chose_seed":false,"campfire_upgraded":2,"win_rate":0,"timestamp":1559598336,"path_taken":["M","$","?","?","M","E","R","E","T","R","?","E","M","M","R","BOSS","M","M","$","?","$","R","E","R","T","?","E","?","R","E"],"build_version":"2019-01-23","purchased_purges":2,"victory":false,"max_hp_per_floor":[71,71,71,71,71,71,71,71,71,71,71,71,71,71,71,71,71,71,71,71,71,71,71,71,71,71,71,71,71,71,71],"card_choices":[{"not_picked":["Go for the Eyes","Stack"],"picked":"Capacitor","floor":1},{"not_picked":["Steam","Reboot"],"picked":"Beam Cell","floor":4},{"not_picked":["Redo","Heatsinks"],"picked":"Doom and Gloom","floor":5},{"not_picked":["Leap","Beam Cell"],"picked":"Reinforced Body","floor":6},{"not_picked":["Beam Cell","BootSequence"],"picked":"Rebound","floor":8},{"not_picked":["Steam Power","Streamline"],"picked":"Consume","floor":12},{"not_picked":["Rebound","Stack"],"picked":"Glacier","floor":13},{"not_picked":["Hologram","Rip and Tear"],"picked":"Conserve Battery","floor":14},{"not_picked":["Reboot","Amplify"],"picked":"Machine Learning","floor":16},{"not_picked":["Lockon","Conserve Battery"],"picked":"Steam","floor":18},{"not_picked":["Steam","Leap","Cold Snap"],"picked":"SKIP","floor":19},{"not_picked":["Consume","Hyperbeam"],"picked":"White Noise","floor":24},{"not_picked":["Beam Cell","Barrage","Turbo"],"picked":"Self Repair","floor":28}],"player_experience":444251,"relics_obtained":[{"floor":6,"key":"Anchor"},{"floor":8,"key":"Centennial Puzzle"},{"floor":9,"key":"Bronze Scales"},{"floor":12,"key":"Mummified Hand"},{"floor":24,"key":"WingedGreaves"},{"floor":26,"key":"Question Card"},{"floor":28,"key":"Symbiotic Virus"}],"event_choices":[{"cards_removed":["Strike_B"],"damage_healed":0,"gold_gain":0,"player_choice":"Purged","damage_taken":0,"max_hp_gain":0,"max_hp_loss":0,"event_name":"Purifier","floor":3,"gold_loss":0},{"damage_healed":0,"gold_gain":0,"player_choice":"Success","damage_taken":3,"relics_obtained":["Art of War"],"max_hp_gain":0,"max_hp_loss":0,"event_name":"Scrap Ooze","floor":11,"gold_loss":0},{"damage_healed":0,"gold_gain":0,"player_choice":"Read","damage_taken":0,"max_hp_gain":0,"max_hp_loss":0,"event_name":"The Library","floor":21,"gold_loss":0,"cards_obtained":["Glacier"]},{"damage_healed":0,"gold_gain":99,"player_choice":"Stole From Cult","damage_taken":0,"max_hp_gain":0,"max_hp_loss":0,"event_name":"Nest","floor":27,"gold_loss":0},{"damage_healed":0,"gold_gain":0,"cards_transformed":["Strike_B","Strike_B"],"player_choice":"Became Test Subject","damage_taken":0,"max_hp_gain":0,"max_hp_loss":0,"event_name":"Drug Dealer","floor":29,"gold_loss":0,"cards_obtained":["Sunder","Fission"]}],"is_beta":false,"boss_relics":[{"not_picked":["FrozenCore","Fusion Hammer"],"picked":"Sozu"}],"items_purged_floors":[2,20],"is_endless":false,"potions_floor_spawned":[12,13,14,24],"killed_by":"Gremlin Leader","ascension_level":14}