{"gold_per_floor":[114,114,5,5,5,34,44,44,44,75,87,103,115,129,129,231,231,242,167,79,89,89,118,138,63,89,115,115,128,147,147,147,242,242,257,275,275,275,105,105],"floor_reached":40,"playtime":2222,"items_purged":["Regret"],"score":436,"play_id":"0a315ed2-6591-473b-a883-8053ea809674","local_time":"20181117173557","is_ascension_mode":false,"campfire_choices":[{"floor":8,"key":"REST"},{"data":"Armaments","floor":15,"key":"SMITH"},{"floor":32,"key":"REST"}],"neow_cost":"NONE","seed_source_timestamp":208054288378039,"circlet_count":0,"master_deck":["Strike_R","Strike_R","Strike_R","Defend_R","Defend_R+1","Defend_R","Bash","Flex","Disarm+1","Armaments+1","Disarm","Inflame","Thunderclap","Exhume","Sword Boomerang+1","Headbutt+1","Flex","Battle Trance","Dual Wield","Metallicize","Infernal Blade","Seeing Red","Feel No Pain+1","Impervious","Ghostly Armor+1","Thunderclap","Secret Weapon","Chrysalis"],"relics":["Burning Blood","Lantern","Letter Opener","Champion Belt","Bottled Lightning","Bag of Marbles","Astrolabe","WingedGreaves","Orichalcum","Sundial","CultistMask","Coffee Dripper"],"potions_floor_usage":[13,16,33,33,40,40,40],"damage_taken":[{"damage":8,"enemies":"2 Louse","floor":1,"turns":3},{"damage":42,"enemies":"Lagavulin","floor":6,"turns":11},{"damage":0,"enemies":"Small Slimes","floor":7,"turns":3},{"damage":39,"enemies":"Gremlin Nob","floor":10,"turns":5},{"damage":0,"enemies":"Jaw Worm","floor":11,"turns":4},{"damage":5,"enemies":"Lots of Slimes","floor":12,"turns":5},{"damage":8,"enemies":"Large Slime","floor":13,"turns":8},{"damage":0,"enemies":"2 Fungi Beasts","floor":14,"turns":4},{"damage":3,"enemies":"The Guardian","floor":16,"turns":11},{"damage":0,"enemies":"3 Byrds","floor":18,"turns":5},{"damage":4,"enemies":"Shell Parasite","floor":21,"turns":5},{"damage":7,"enemies":"Gremlin Leader","floor":23,"turns":6},{"damage":13,"enemies":"Shelled Parasite and Fungi","floor":24,"turns":8},{"damage":21,"enemies":"Slavers","floor":27,"turns":4},{"damage":0,"enemies":"Snake Plant","floor":29,"turns":4},{"damage":12,"enemies":"Cultist and Chosen","floor":30,"turns":6},{"damage":61,"enemies":"Automaton","floor":33,"turns":13},{"damage":31,"enemies":"3 Darklings","floor":35,"turns":9},{"damage":36,"enemies":"3 Shapes","floor":36,"turns":4},{"damage":55,"enemies":"Nemesis","floor":40,"turns":11}],"seed_played":"8461081694737732555","potions_obtained":[{"floor":1,"key":"Strength Potion"},{"floor":11,"key":"GamblersBrew"},{"floor":12,"key":"Regen Potion"},{"floor":21,"key":"Dexterity Potion"},{"floor":30,"key":"SpeedPotion"},{"floor":33,"key":"SpeedPotion"},{"floor":35,"key":"Strength Potion"}],"is_trial":false,"path_per_floor":["M","?","$","?","T","E","M","R","T","E","M","M","M","M","R","B",null,"M","?","$","M","?","E","M","$","T","E","?","M","M","?","R","B",null,"M","M","?","?","$","E"],"character_chosen":"IRONCLAD","items_purchased":["Disarm","Flex","Battle Trance","Infernal Blade","Chrysalis"],"campfire_rested":2,"item_purchase_floors":[3,20,20,25,39],"current_hp_per_floor":[78,78,78,62,62,26,32,56,56,23,29,30,43,49,49,52,80,80,80,80,80,80,79,72,72,72,57,57,63,57,57,80,25,80,55,25,25,25,25,0],"gold":105,"neow_bonus":"REMOVE_CARD","is_prod":false,"is_daily":false,"chose_seed":false,"campfire_upgraded":1,"win_rate":0,"timestamp":1542472557,"path_taken":["M","?","$","?","?","E","M","R","T","E","?","M","M","M","R","BOSS","M","?","$","M","?","E","?","$","T","E","?","M","?","?","R","BOSS","M","?","?","?","$","E"],"build_version":"2018-11-15","purchased_purges":1,"victory":false,"max_hp_per_floor":[80,80,80,80,80,80,80,80,80,80,80,80,80,80,80,80,80,80,80,80,80,80,80,80,80,80,80,80,80,80,80,80,80,80,80,80,80,80,80,80],"card_choices":[{"not_picked":["Sever Soul","Wild Strike"],"picked":"Flex","floor":1},{"not_picked":["Twin Strike","True Grit"],"picked":"Armaments","floor":6},{"not_picked":["Heavy Blade","Burning Pact"],"picked":"Disarm","floor":7},{"not_picked":["Spot Weakness","Armaments"],"picked":"Rage","floor":10},{"not_picked":["Pommel Strike","Shockwave"],"picked":"Inflame","floor":11},{"not_picked":["Warcry","Armaments","Carnage"],"picked":"SKIP","floor":12},{"not_picked":["Feel No Pain","Bloodletting"],"picked":"Thunderclap","floor":13},{"not_picked":["Reckless Charge","Heavy Blade","Sword Boomerang"],"picked":"SKIP","floor":14},{"not_picked":["Brutality","Fiend Fire"],"picked":"Exhume","floor":16},{"not_picked":["Twin Strike","Pommel Strike"],"picked":"Headbutt+1","floor":18},{"not_picked":["Armaments","Iron Wave"],"picked":"Dual Wield","floor":21},{"not_picked":["Clothesline","Second Wind","Cleave"],"picked":"SKIP","floor":23},{"not_picked":["Clothesline","Second Wind","Cleave"],"picked":"SKIP","floor":23},{"not_picked":["Flex","Warcry+1"],"picked":"Metallicize","floor":24},{"not_picked":["Sword Boomerang","Armaments"],"picked":"Seeing Red","floor":27},{"not_picked":["Cleave","Twin Strike"],"picked":"Feel No Pain+1","floor":29},{"not_picked":["Twin Strike","Wild Strike","Flex"],"picked":"SKIP","floor":30},{"not_picked":["Immolate","Fiend Fire"],"picked":"Impervious","floor":33},{"not_picked":["Warcry+1","Headbutt+1"],"picked":"Ghostly Armor+1","floor":35},{"not_picked":["Pummel+1","Clash"],"picked":"Thunderclap","floor":36},{"not_picked":["Transmutation","PanicButton"],"picked":"Secret Weapon","floor":38}],"player_experience":109528,"relics_obtained":[{"floor":5,"key":"Letter Opener"},{"floor":6,"key":"Champion Belt"},{"floor":9,"key":"Bottled Lightning"},{"floor":10,"key":"Bag of Marbles"},{"floor":23,"key":"WingedGreaves"},{"floor":26,"key":"Orichalcum"},{"floor":27,"key":"Sundial"}],"event_choices":[{"damage_healed":0,"gold_gain":0,"player_choice":"Box","damage_taken":0,"relics_obtained":["Lantern"],"max_hp_gain":0,"max_hp_loss":0,"event_name":"Big Fish","floor":2,"gold_loss":0,"cards_obtained":["Regret"]},{"damage_healed":0,"gold_gain":0,"player_choice":"Entered Light","damage_taken":16,"max_hp_gain":0,"max_hp_loss":0,"event_name":"Shining Light","floor":4,"gold_loss":0,"cards_upgraded":["Disarm","Defend_R"]},{"cards_removed":["Carnage"],"damage_healed":0,"gold_gain":0,"player_choice":"Gave Gold","damage_taken":0,"max_hp_gain":0,"max_hp_loss":0,"event_name":"Beggar","floor":19,"gold_loss":75},{"damage_healed":0,"gold_gain":0,"player_choice":"Bought 0 Potions","damage_taken":0,"max_hp_gain":0,"max_hp_loss":0,"event_name":"The Woman in Blue","floor":22,"gold_loss":0},{"cards_removed":["Entrench"],"damage_healed":0,"gold_gain":0,"player_choice":"Purged","damage_taken":0,"max_hp_gain":0,"max_hp_loss":0,"event_name":"Purifier","floor":28,"gold_loss":0},{"damage_healed":0,"gold_gain":0,"player_choice":"Trade","damage_taken":0,"relics_obtained":["CultistMask"],"max_hp_gain":0,"max_hp_loss":0,"event_name":"FaceTrader","floor":31,"gold_loss":0},{"damage_healed":0,"gold_gain":0,"player_choice":"Ignored","damage_taken":0,"max_hp_gain":0,"max_hp_loss":0,"event_name":"Mysterious Sphere","floor":37,"gold_loss":0},{"damage_healed":0,"gold_gain":0,"player_choice":"Memory 1","damage_taken":0,"max_hp_gain":0,"max_hp_loss":0,"event_name":"SensoryStone","floor":38,"gold_loss":0}],"is_beta":false,"boss_relics":[{"not_picked":["Runic Cube","Cursed Key"],"picked":"Astrolabe"},{"not_picked":["Lizard Tail","Tiny House"],"picked":"Coffee Dripper"}],"items_purged_floors":[3],"is_endless":false,"potions_floor_spawned":[1,11,12,21,30,33,35],"killed_by":"Nemesis","ascension_level":0}