{"gold_per_floor":[119,119,38,113,126,126,140,140,140,140,156,175,30,45,45,148,148,165,175,32,52,52,52,72,72,99,99,99,99,115,131,131,131],"floor_reached":33,"playtime":2232,"items_purged":["Strike_B"],"score":263,"play_id":"c5218826-5073-4ab1-a888-bf655edf3c3f","local_time":"20190124014956","is_ascension_mode":true,"campfire_choices":[{"data":"Skim","floor":6,"key":"SMITH"},{"floor":10,"key":"DIG"},{"floor":15,"key":"REST"},{"floor":23,"key":"REST"},{"floor":25,"key":"REST"},{"floor":32,"key":"REST"}],"neow_cost":"NONE","seed_source_timestamp":1166781204734010,"circlet_count":0,"master_deck":["Strike_B","Strike_B","Defend_B","Defend_B","Defend_B","Defend_B","Zap","Dualcast","Meteor Strike","Double Energy+1","Skim+1","Steam","Gash","Leap","Gash","All For One","Redo","Doom and Gloom","Redo+1","Gash","Leap","Rebound+1","Fusion+1"],"relics":["Cracked Core","Shovel","Happy Flower","Ancient Tea Set","Fusion Hammer","Bronze Scales","The Courier"],"potions_floor_usage":[16,33],"damage_taken":[{"damage":0,"enemies":"2 Louse","floor":1,"turns":3},{"damage":0,"enemies":"Jaw Worm","floor":5,"turns":3},{"damage":4,"enemies":"Small Slimes","floor":7,"turns":4},{"damage":0,"enemies":"Blue Slaver","floor":11,"turns":3},{"damage":16,"enemies":"Exordium Thugs","floor":12,"turns":5},{"damage":20,"enemies":"3 Louse","floor":14,"turns":3},{"damage":29,"enemies":"Slime Boss","floor":16,"turns":13},{"damage":3,"enemies":"Chosen","floor":18,"turns":4},{"damage":18,"enemies":"3 Byrds","floor":19,"turns":5},{"damage":26,"enemies":"Snake Plant","floor":21,"turns":4},{"damage":25,"enemies":"Chosen and Byrds","floor":24,"turns":6},{"damage":18,"enemies":"Snecko","floor":30,"turns":4},{"damage":14,"enemies":"Centurion and Healer","floor":31,"turns":4},{"damage":68,"enemies":"Automaton","floor":33,"turns":8}],"seed_played":"2015213414413633678","potions_obtained":[{"floor":7,"key":"Energy Potion"},{"floor":11,"key":"Poison Potion"},{"floor":16,"key":"FairyPotion"},{"floor":18,"key":"Ancient Potion"},{"floor":21,"key":"Dexterity Potion"}],"is_trial":false,"path_per_floor":["M","?","$","?","M","R","M","?","T","R","M","M","$","M","R","B",null,"M","M","$","M","?","R","M","R","T","?","T","?","M","M","R","B"],"character_chosen":"DEFECT","items_purchased":["Skim","Ancient Tea Set","Doom and Gloom"],"campfire_rested":4,"item_purchase_floors":[3,13,20],"current_hp_per_floor":[75,75,75,64,64,64,60,60,60,60,60,44,44,24,46,17,75,72,54,54,28,28,50,25,47,47,47,47,47,29,15,37,0],"gold":131,"neow_bonus":"ONE_RANDOM_RARE_CARD","is_prod":false,"is_daily":false,"chose_seed":false,"campfire_upgraded":1,"win_rate":0,"timestamp":1548312596,"path_taken":["M","?","$","?","M","R","M","?","T","R","M","M","?","M","R","BOSS","M","M","$","M","?","R","M","R","T","?","?","?","M","M","R","BOSS"],"build_version":"2019-01-23","purchased_purges":1,"victory":false,"max_hp_per_floor":[75,75,75,75,75,75,75,75,75,75,75,75,75,75,75,75,75,75,75,75,75,75,75,75,75,75,75,75,75,75,75,75,75],"card_choices":[{"not_picked":["Compile Driver","Steam"],"picked":"Double Energy","floor":1},{"not_picked":["Streamline","Glacier"],"picked":"Steam","floor":5},{"not_picked":["Barrage","Steam"],"picked":"Gash","floor":7},{"not_picked":["Defragment","Consume","Compile Driver"],"picked":"SKIP","floor":11},{"not_picked":["Coolheaded","Turbo"],"picked":"Leap","floor":12},{"not_picked":["Core Surge","Compile Driver"],"picked":"Gash","floor":14},{"not_picked":["Biased Cognition","Core Surge"],"picked":"All For One","floor":16},{"not_picked":["Turbo","Coolheaded"],"picked":"Redo","floor":18},{"not_picked":["Cold Snap","Lockon","Static Discharge"],"picked":"SKIP","floor":19},{"not_picked":["Heatsinks","Compile Driver"],"picked":"Redo+1","floor":21},{"not_picked":["Lockon","Storm"],"picked":"Leap","floor":24},{"not_picked":["Defragment","Stack"],"picked":"Rebound+1","floor":30},{"not_picked":["Stack","Undo"],"picked":"Fusion+1","floor":31}],"player_experience":100574,"relics_obtained":[{"floor":9,"key":"Shovel"},{"floor":10,"key":"Happy Flower"},{"floor":26,"key":"Bronze Scales"},{"floor":28,"key":"The Courier"}],"event_choices":[{"damage_healed":0,"gold_gain":0,"player_choice":"Grow","damage_taken":0,"max_hp_gain":0,"max_hp_loss":0,"event_name":"Living Wall","floor":2,"gold_loss":0,"cards_upgraded":["Double Energy"]},{"damage_healed":0,"gold_gain":75,"player_choice":"Gather Gold","damage_taken":11,"max_hp_gain":0,"max_hp_loss":0,"event_name":"World of Goop","floor":4,"gold_loss":0},{"damage_healed":0,"gold_gain":0,"player_choice":"Ignored","damage_taken":0,"max_hp_gain":0,"max_hp_loss":0,"event_name":"Liars Game","floor":8,"gold_loss":0},{"damage_healed":0,"gold_gain":0,"player_choice":"Read","damage_taken":0,"max_hp_gain":0,"max_hp_loss":0,"event_name":"The Library","floor":22,"gold_loss":0,"cards_obtained":["Gash"]},{"damage_healed":0,"gold_gain":0,"player_choice":"Ignored","damage_taken":0,"max_hp_gain":0,"max_hp_loss":0,"event_name":"Ghosts","floor":27,"gold_loss":0},{"cards_removed":["Strike_B"],"damage_healed":0,"gold_gain":0,"player_choice":"Purged","damage_taken":0,"max_hp_gain":0,"max_hp_loss":0,"event_name":"Purifier","floor":29,"gold_loss":0}],"is_beta":false,"boss_relics":[{"not_picked":["Calling Bell","White Beast Statue"],"picked":"Fusion Hammer"}],"items_purged_floors":[20],"is_endless":false,"potions_floor_spawned":[7,11,16,18,21],"killed_by":"Automaton","ascension_level":2}