{"gold_per_floor":[410,485,503,235,235,235,260,260,286,286,77,94,106,123,123,220,220,240,240,255,255,188,220,220,253,253,286,93,119,130,130,130,233,233,244,263,312,312,71,99,99,134,184,210,210,310,310,12,12,12],"floor_reached":51,"playtime":1613,"items_purged":["Corruption"],"score":1380,"play_id":"e28dbe30-2de9-4c3b-b766-797c1eed6a2f","local_time":"20190319220638","daily_mods":["Heirloom","Elite Swarm"],"is_ascension_mode":false,"campfire_choices":[{"data":"Entrench","floor":6.0,"key":"SMITH"},{"data":"Concentrate","floor":15.0,"key":"SMITH"},{"data":"Searing Blow","floor":24.0,"key":"SMITH"},{"data":"Searing Blow+1","floor":32.0,"key":"SMITH"},{"data":"Searing Blow+2","floor":41,"key":"SMITH"},{"data":"Searing Blow+4","floor":45,"key":"SMITH"},{"data":"Searing Blow+5","floor":47,"key":"SMITH"},{"data":"Searing Blow+6","floor":49,"key":"SMITH"}],"neow_cost":"","seed_source_timestamp":0,"circlet_count":0,"master_deck":["PanicButton+1","PanicButton+1","Body Slam+1","Body Slam+1","Body Slam+1","Body Slam+1","Dual Wield+1","Offering+1","Offering+1","Impervious+1","Impervious+1","Impervious+1","Impervious+1","Feel No Pain+1","Metallicize+1","Metallicize+1","Metallicize+1","Metallicize+1","Barricade+1","Demon Form+1","Corruption+1","Entrench+1","Concentrate+1","Searing Blow+7","Hyperbeam+1","Meteor Strike+1","Echo Form","Entrench+1","Secret Technique+1","White Noise+1","Madness+1","Madness+1","Flex+1","Malaise+1"],"special_seed":0,"relics":["Burning Blood","WingedGreaves","Black Star","PreservedInsect","Old Coin","Vajra","Dead Branch","Bottled Tornado","Nuclear Battery","PrismaticShard","Mummified Hand","Omamori","Shuriken","Oddly Smooth Stone","Ancient Tea Set","Orichalcum","Medical Kit","Eternal Feather","MutagenicStrength","Molten Egg 2","Boot","Bag of Marbles","Bronze Scales","Lantern","Mercury Hourglass","Blood Vial","OrangePellets","Toxic Egg 2","Mango","Sozu","Incense Burner","ClockworkSouvenir","FossilizedHelix","Charon\u0027s Ashes","Prayer Wheel","Letter Opener","Potion Belt","Whetstone","Sundial","Ice Cream","Champion Belt"],"potions_floor_usage":[],"damage_taken":[{"damage":0.0,"enemies":"Jaw Worm","floor":1.0,"turns":2.0},{"damage":0.0,"enemies":"Small Slimes","floor":3.0,"turns":3.0},{"damage":0.0,"enemies":"3 Sentries","floor":7.0,"turns":2.0},{"damage":6.0,"enemies":"2 Louse","floor":12.0,"turns":2.0},{"damage":0.0,"enemies":"Exordium Thugs","floor":13.0,"turns":3.0},{"damage":0.0,"enemies":"Large Slime","floor":14.0,"turns":1.0},{"damage":6.0,"enemies":"Slime Boss","floor":16.0,"turns":1.0},{"damage":0.0,"enemies":"Chosen","floor":18.0,"turns":1.0},{"damage":12.0,"enemies":"2 Thieves","floor":20.0,"turns":1.0},{"damage":6.0,"enemies":"Book of Stabbing","floor":23.0,"turns":2.0},{"damage":9.0,"enemies":"Gremlin Leader","floor":25.0,"turns":2.0},{"damage":6.0,"enemies":"Slavers","floor":27.0,"turns":1.0},{"damage":6.0,"enemies":"Book of Stabbing","floor":29.0,"turns":1.0},{"damage":0.0,"enemies":"Shelled Parasite and Fungi","floor":30.0,"turns":1.0},{"damage":12.0,"enemies":"Automaton","floor":33.0,"turns":2.0},{"damage":0.0,"enemies":"3 Shapes","floor":35.0,"turns":1.0},{"damage":0.0,"enemies":"Orb Walker","floor":36.0,"turns":1.0},{"damage":0.0,"enemies":"2 Orb Walkers","floor":37.0,"turns":1.0},{"damage":6.0,"enemies":"Giant Head","floor":40.0,"turns":1.0},{"damage":0,"enemies":"Reptomancer","floor":42,"turns":1},{"damage":0,"enemies":"Nemesis","floor":44,"turns":3},{"damage":0,"enemies":"Mind Bloom Boss Battle","floor":46,"turns":2},{"damage":0,"enemies":"Time Eater","floor":50,"turns":3}],"seed_played":"-7655273708965386158","potions_obtained":[{"floor":1.0,"key":"SteroidPotion"},{"floor":12.0,"key":"AttackPotion"},{"floor":13.0,"key":"Ancient Potion"},{"floor":27.0,"key":"SkillPotion"},{"floor":29.0,"key":"SkillPotion"}],"is_trial":true,"path_per_floor":["M","?","M","$","?","R","E","$","T","?","$","M","M","M","R","B",null,"M","?","M","?","$","E","R","E","T","E","$","E","M","?","R","B",null,"M","M","?","?","$","E","R","E","T","E","R","?","R","$","R","B",null],"character_chosen":"IRONCLAD","items_purchased":["Entrench","Omamori","Medical Kit","Searing Blow","OrangePellets","ClockworkSouvenir","Flex+1","Champion Belt"],"campfire_rested":0,"item_purchase_floors":[4,4,11,22,28,39,39,48],"current_hp_per_floor":[80,69,75,75,72,72,78,78,78,78,78,78,80,80,80,80,80,80,80,74,71,71,71,80,77,77,77,77,93,94,94,94,88,94,94,94,94,82,82,84,94,94,94,94,94,94,94,94,94,94],"gold":12,"neow_bonus":"","is_prod":false,"is_daily":false,"chose_seed":false,"campfire_upgraded":8,"win_rate":0,"timestamp":1553000798,"path_taken":["M","?","M","$","?","R","E","$","T","?","?","M","M","M","R","BOSS","M","?","M","?","$","E","R","E","T","E","$","E","?","?","R","BOSS","M","?","?","?","?","E","R","E","T","E","R","?","R","?","R","BOSS"],"build_version":"2019-01-23","purchased_purges":1,"victory":true,"max_hp_per_floor":[80,80,80,80,80,80,80,80,80,80,80,80,80,80,80,80,80,80,80,80,80,80,80,80,80,80,80,80,94,94,94,94,94,94,94,94,94,94,94,94,94,94,94,94,94,94,94,94,94,94],"card_choices":[{"not_picked":["Dark Shackles","Leg Sweep","Aggregate"],"picked":"SKIP","floor":1.0},{"not_picked":["Gash","Dagger Spray","Ball Lightning"],"picked":"SKIP","floor":3.0},{"not_picked":["Panache","HandOfGreed","Secret Weapon"],"picked":"SKIP","floor":7.0},{"not_picked":["Backstab","Compile Driver"],"picked":"Concentrate","floor":12.0},{"not_picked":["Flame Barrier","Streamline","Rebound"],"picked":"SKIP","floor":13.0},{"not_picked":["Reckless Charge","Flex","Scrape"],"picked":"SKIP","floor":14.0},{"not_picked":["Streamline+1","Clash+1","Anger"],"picked":"SKIP","floor":18.0},{"not_picked":["Gash+1","Reprogram","Turbo"],"picked":"SKIP","floor":20.0},{"not_picked":["Mayhem","The Bomb"],"picked":"Hyperbeam","floor":23.0},{"not_picked":["Creative AI","All For One+1"],"picked":"Meteor Strike+1","floor":25.0},{"not_picked":["The Bomb","Storm of Steel","Metamorphosis"],"picked":"SKIP","floor":27.0},{"not_picked":["Buffer","Juggernaut"],"picked":"Echo Form","floor":29.0},{"not_picked":["Chill+1","Darkness+1","Burning Pact+1"],"picked":"SKIP","floor":30.0},{"not_picked":["Juggernaut","Wraith Form v2"],"picked":"Secret Technique+1","floor":33.0},{"not_picked":["Poisoned Stab+1","Crippling Poison+1"],"picked":"White Noise+1","floor":35.0},{"not_picked":["Flame Barrier+1","Setup+1","Sucker Punch+1"],"picked":"SKIP","floor":36.0},{"not_picked":["Glass Knife+1","Secret Technique+1"],"picked":"Malaise+1","floor":40},{"not_picked":["Fission+1","Meteor Strike+1","Envenom"],"picked":"SKIP","floor":42},{"not_picked":["Electrodynamics","Secret Weapon+1","Envenom"],"picked":"SKIP","floor":44}],"player_experience":331684,"relics_obtained":[{"floor":7.0,"key":"Oddly Smooth Stone"},{"floor":7.0,"key":"Ancient Tea Set"},{"floor":9.0,"key":"Orichalcum"},{"floor":23.0,"key":"Molten Egg 2"},{"floor":23.0,"key":"Boot"},{"floor":25.0,"key":"Bag of Marbles"},{"floor":25.0,"key":"Bronze Scales"},{"floor":26.0,"key":"Lantern"},{"floor":27.0,"key":"Mercury Hourglass"},{"floor":27.0,"key":"Blood Vial"},{"floor":29.0,"key":"Toxic Egg 2"},{"floor":29.0,"key":"Mango"},{"floor":37.0,"key":"Incense Burner"},{"floor":40,"key":"FossilizedHelix"},{"floor":40,"key":"Charon\u0027s Ashes"},{"floor":42,"key":"Prayer Wheel"},{"floor":42,"key":"Letter Opener"},{"floor":43,"key":"Potion Belt"},{"floor":44,"key":"Whetstone"},{"floor":44,"key":"Sundial"},{"floor":46,"key":"Ice Cream"}],"event_choices":[{"damage_healed":0.0,"max_hp_gain":0.0,"max_hp_loss":0.0,"gold_gain":75.0,"event_name":"World of Goop","player_choice":"Gather Gold","floor":2.0,"gold_loss":0.0,"damage_taken":11.0},{"damage_healed":0.0,"max_hp_gain":0.0,"max_hp_loss":0.0,"gold_gain":0.0,"event_name":"Scrap Ooze","player_choice":"Success","floor":5.0,"gold_loss":0.0,"damage_taken":3.0,"relics_obtained":["Shuriken"]},{"damage_healed":0.0,"max_hp_gain":0.0,"max_hp_loss":0.0,"gold_gain":0.0,"event_name":"Shining Light","player_choice":"Ignored","floor":10.0,"gold_loss":0.0,"damage_taken":0.0},{"damage_healed":0.0,"max_hp_gain":0.0,"max_hp_loss":0.0,"gold_gain":0.0,"event_name":"Drug Dealer","player_choice":"Inject Mutagens","floor":19.0,"gold_loss":0.0,"damage_taken":0.0,"relics_obtained":["MutagenicStrength"]},{"damage_healed":0.0,"max_hp_gain":0.0,"max_hp_loss":0.0,"gold_gain":0.0,"event_name":"Designer","player_choice":"Punched","floor":21.0,"gold_loss":0.0,"damage_taken":3.0},{"damage_healed":0.0,"max_hp_gain":0.0,"max_hp_loss":0.0,"gold_gain":0.0,"event_name":"Duplicator","player_choice":"Copied","floor":31.0,"gold_loss":0.0,"damage_taken":0.0,"cards_obtained":["Entrench"]},{"damage_healed":0.0,"max_hp_gain":0.0,"max_hp_loss":0.0,"gold_gain":0.0,"event_name":"Mysterious Sphere","player_choice":"Fight","floor":37.0,"gold_loss":0.0,"damage_taken":0.0},{"damage_healed":0.0,"max_hp_gain":0.0,"max_hp_loss":0.0,"gold_gain":0.0,"event_name":"Winding Halls","player_choice":"Embrace Madness","floor":38.0,"gold_loss":0.0,"damage_taken":12.0,"cards_obtained":["Madness","Madness"]},{"damage_healed":0,"gold_gain":0,"player_choice":"Fight","damage_taken":0,"max_hp_gain":0,"max_hp_loss":0,"event_name":"MindBloom","floor":46,"gold_loss":0}],"is_beta":false,"boss_relics":[{"not_picked":["Lizard Tail","Fusion Hammer"],"picked":"Eternal Feather"},{"not_picked":["Pandora\u0027s Box","Astrolabe"],"picked":"Sozu"}],"items_purged_floors":[4],"is_endless":false,"potions_floor_spawned":[1,12,13,14,16,20,23,27,29,36,42],"ascension_level":0}