{"gold_per_floor":[115,115,115,135,135,135,156,156,156,191,71,90,103,126,126,252,252,277,202,202,202,222,287,287,338,361,361,384,408,426,449,449,568,568,584,584,584,597,722,722,780,795,795,814,814,832,0,0,0,0],"floor_reached":51,"playtime":4786,"items_purged":["Strike_B"],"score":798,"play_id":"361833dd-7d95-4534-94aa-9a81171ab760","local_time":"20190503130224","is_ascension_mode":true,"campfire_choices":[{"floor":6,"key":"REST"},{"data":"Double Energy","floor":8,"key":"SMITH"},{"floor":15,"key":"REST"},{"data":"Buffer","floor":24,"key":"SMITH"},{"data":"Cold Snap","floor":27,"key":"SMITH"},{"data":"Go for the Eyes","floor":32,"key":"SMITH"},{"data":"Buffer","floor":40,"key":"SMITH"},{"floor":45,"key":"REST"},{"data":"Ball Lightning","floor":49,"key":"SMITH"}],"neow_cost":"NONE","seed_source_timestamp":203644283429086,"circlet_count":0,"master_deck":["Defend_B+1","Zap+1","Dualcast+1","Cold Snap+1","Double Energy+1","Ball Lightning+1","Coolheaded+1","Hologram+1","Steam+1","Conserve Battery+1","Buffer+1","Machine Learning+1","BootSequence+1","Blizzard+1","Leap+1","Redo+1","Leap+1","Sweeping Beam","Steam+1","Go for the Eyes+1","Buffer+1","Self Repair","Rebound","Sweeping Beam","Coolheaded+1","The Bomb+1","Skim+1"],"relics":["Busted Crown","Golden Idol","Toxic Egg 2","Sundial","Astrolabe","Bottled Flame","Tiny Chest","Anchor","War Paint","Lizard Tail","Dead Branch","Ice Cream","Pantograph","ClockworkSouvenir","Bottled Lightning"],"potions_floor_usage":[10,16,33,33,33,41,41,42,44,50],"damage_taken":[{"damage":6,"enemies":"Small Slimes","floor":1,"turns":4},{"damage":2,"enemies":"2 Louse","floor":4,"turns":3},{"damage":0,"enemies":"Cultist","floor":7,"turns":4},{"damage":33,"enemies":"Gremlin Nob","floor":10,"turns":4},{"damage":1,"enemies":"Looter","floor":12,"turns":3},{"damage":5,"enemies":"Lots of Slimes","floor":13,"turns":4},{"damage":0,"enemies":"Large Slime","floor":14,"turns":5},{"damage":10,"enemies":"Slime Boss","floor":16,"turns":11},{"damage":0,"enemies":"Shell Parasite","floor":18,"turns":5},{"damage":1,"enemies":"3 Byrds","floor":22,"turns":6},{"damage":0,"enemies":"Book of Stabbing","floor":23,"turns":7},{"damage":0,"enemies":"Sentry and Sphere","floor":28,"turns":7},{"damage":0,"enemies":"Snake Plant","floor":29,"turns":4},{"damage":0,"enemies":"Cultist and Chosen","floor":30,"turns":7},{"damage":0,"enemies":"Chosen and Byrds","floor":31,"turns":6},{"damage":20,"enemies":"Collector","floor":33,"turns":14},{"damage":0,"enemies":"Orb Walker","floor":35,"turns":6},{"damage":19,"enemies":"3 Darklings","floor":38,"turns":7},{"damage":0,"enemies":"Mind Bloom Boss Battle","floor":39,"turns":12},{"damage":108,"enemies":"2 Orb Walkers","floor":41,"turns":8},{"damage":0,"enemies":"4 Shapes","floor":42,"turns":5},{"damage":0,"enemies":"Maw","floor":44,"turns":10},{"damage":0,"enemies":"Sphere and 2 Shapes","floor":46,"turns":5},{"damage":21,"enemies":"Awakened One","floor":50,"turns":17}],"seed_played":"-5468487750568324416","potions_obtained":[{"floor":7,"key":"Poison Potion"},{"floor":12,"key":"FearPotion"},{"floor":13,"key":"Fire Potion"},{"floor":16,"key":"SkillPotion"},{"floor":22,"key":"Weak Potion"},{"floor":30,"key":"EssenceOfSteel"},{"floor":33,"key":"EssenceOfSteel"},{"floor":35,"key":"EssenceOfSteel"},{"floor":41,"key":"Explosive Potion"},{"floor":42,"key":"LiquidBronze"}],"is_trial":false,"path_per_floor":["M","?","?","M","?","R","M","R","T","E","$","M","M","M","R","B",null,"M","?","T","?","M","E","R","T","T","R","M","M","M","M","R","B",null,"M","?","?","M","?","R","?","M","T","M","R","M","$","?","R","B",null],"character_chosen":"DEFECT","items_purchased":["Coolheaded+1","ClockworkSouvenir","Bottled Lightning","Block Potion","The Bomb+1","Skim+1","GamblersBrew"],"campfire_rested":3,"item_purchase_floors":[11,47,47,47,47,47,47],"current_hp_per_floor":[69,51,51,49,49,71,71,71,71,38,38,37,32,32,54,44,75,75,75,75,75,74,74,74,74,74,74,74,74,74,74,74,54,75,75,75,75,63,70,70,20,27,27,34,56,63,63,63,63,61],"gold":0,"neow_bonus":"BOSS_RELIC","is_prod":false,"is_daily":false,"chose_seed":false,"campfire_upgraded":6,"win_rate":0,"timestamp":1556913744,"path_taken":["M","?","?","?","?","R","M","R","T","E","$","M","?","M","R","BOSS","M","?","?","?","M","E","R","?","T","R","?","M","M","M","R","BOSS","M","?","?","?","?","R","?","M","T","M","R","?","$","?","R","BOSS"],"build_version":"2019-01-23","purchased_purges":1,"victory":true,"max_hp_per_floor":[75,75,75,75,75,75,75,75,75,75,75,75,75,75,75,75,75,75,75,75,75,75,75,75,75,75,75,75,75,75,75,75,75,75,75,75,75,75,75,75,75,75,75,75,75,75,75,75,75,75],"card_choices":[{"not_picked":["Barrage"],"picked":"SKIP","floor":1},{"not_picked":[],"picked":"Cold Snap","floor":4},{"not_picked":[],"picked":"Double Energy","floor":7},{"not_picked":[],"picked":"Ball Lightning","floor":10},{"not_picked":[],"picked":"Hologram+1","floor":12},{"not_picked":[],"picked":"Steam+1","floor":13},{"not_picked":[],"picked":"Conserve Battery+1","floor":14},{"not_picked":[],"picked":"Buffer","floor":16},{"not_picked":[],"picked":"Leap+1","floor":18},{"not_picked":[],"picked":"Redo+1","floor":22},{"not_picked":[],"picked":"Leap+1","floor":23},{"not_picked":[],"picked":"Sweeping Beam","floor":28},{"not_picked":["Sunder"],"picked":"SKIP","floor":29},{"not_picked":[],"picked":"Steam+1","floor":30},{"not_picked":[],"picked":"Go for the Eyes","floor":31},{"not_picked":[],"picked":"Buffer","floor":33},{"not_picked":[],"picked":"Self Repair","floor":35},{"not_picked":[],"picked":"Rebound","floor":38},{"not_picked":[],"picked":"Sweeping Beam","floor":41},{"not_picked":["Go for the Eyes"],"picked":"SKIP","floor":42},{"not_picked":[],"picked":"Coolheaded+1","floor":44},{"not_picked":[],"picked":"Leap+1","floor":46}],"player_experience":240126,"relics_obtained":[{"floor":9,"key":"Toxic Egg 2"},{"floor":10,"key":"Sundial"},{"floor":20,"key":"Bottled Flame"},{"floor":23,"key":"Tiny Chest"},{"floor":25,"key":"Anchor"},{"floor":26,"key":"War Paint"},{"floor":39,"key":"Dead Branch"},{"floor":41,"key":"Ice Cream"},{"floor":43,"key":"Pantograph"}],"event_choices":[{"damage_healed":0,"gold_gain":0,"player_choice":"Take Damage","damage_taken":18,"relics_obtained":["Golden Idol"],"max_hp_gain":0,"max_hp_loss":0,"event_name":"Golden Idol","floor":2,"gold_loss":0},{"cards_removed":["Strike_B"],"damage_healed":0,"gold_gain":0,"player_choice":"Purged","damage_taken":0,"max_hp_gain":0,"max_hp_loss":0,"event_name":"Purifier","floor":3,"gold_loss":0},{"damage_healed":0,"gold_gain":0,"player_choice":"Upgraded","damage_taken":0,"max_hp_gain":0,"max_hp_loss":0,"event_name":"Upgrade Shrine","floor":5,"gold_loss":0,"cards_upgraded":["Zap"]},{"cards_removed":["Defend_B"],"damage_healed":0,"gold_gain":0,"player_choice":"Gave Gold","damage_taken":0,"max_hp_gain":0,"max_hp_loss":0,"event_name":"Beggar","floor":19,"gold_loss":75},{"damage_healed":0,"gold_gain":0,"player_choice":"Ignored","damage_taken":0,"max_hp_gain":0,"max_hp_loss":0,"event_name":"Vampires","floor":21,"gold_loss":0},{"damage_healed":0,"gold_gain":0,"player_choice":"Ignored","damage_taken":0,"max_hp_gain":0,"max_hp_loss":0,"event_name":"Tomb of Lord Red Mask","floor":36,"gold_loss":0},{"cards_removed":["Defend_B"],"damage_healed":0,"gold_gain":0,"player_choice":"Purged","damage_taken":0,"max_hp_gain":0,"max_hp_loss":0,"event_name":"Purifier","floor":37,"gold_loss":0},{"damage_healed":0,"gold_gain":0,"player_choice":"Fight","damage_taken":0,"max_hp_gain":0,"max_hp_loss":0,"event_name":"MindBloom","floor":39,"gold_loss":0},{"damage_healed":0,"gold_gain":0,"player_choice":"Fight","damage_taken":0,"max_hp_gain":0,"max_hp_loss":0,"event_name":"Mysterious Sphere","floor":41,"gold_loss":0},{"cards_removed":["Leap"],"damage_healed":0,"gold_gain":0,"player_choice":"Removed Skill","damage_taken":0,"max_hp_gain":0,"max_hp_loss":0,"event_name":"Falling","floor":48,"gold_loss":0}],"is_beta":false,"boss_relics":[{"not_picked":["Philosopher\u0027s Stone","Sozu"],"picked":"Astrolabe"},{"not_picked":["Pandora\u0027s Box","Runic Dome"],"picked":"Lizard Tail"}],"items_purged_floors":[11],"is_endless":false,"potions_floor_spawned":[7,12,13,16,22,30,31,33,35,41,42],"ascension_level":4}