{"gold_per_floor":[110,110,110,128,146,171,171,171,249,281,301,2,2,22,22,119,119,129,74,74,92,17,28,28,28],"floor_reached":25,"playtime":765,"items_purged":[],"score":211,"play_id":"09f3b615-1d7c-4d55-bd31-ef42cd6dcb38","local_time":"20180720202354","daily_mods":["Diverse"],"is_ascension_mode":false,"campfire_choices":[{"floor":7,"key":"REST"},{"data":"Storm","floor":13,"key":"SMITH"},{"data":"Disarm","floor":15,"key":"SMITH"}],"neow_cost":"","seed_source_timestamp":72583821452793,"circlet_count":0,"master_deck":["Strike_R","Strike_R","Strike_R","Strike_R","Defend_R","Defend_R","Defend_R","Defend_R","Bash","Pommel Strike","Footwork","Deep Breath","Disarm+1","Envenom","Metallicize","Storm+1","Dagger Throw+1","Electrodynamics","Hologram","Inflame"],"relics":["Burning Blood","NlothsMask","Incense Burner","Kunai","Charon\u0027s Ashes","Molten Egg 2","Eternal Feather","Tiny Chest"],"potions_floor_usage":[6,16,21],"damage_taken":[{"damage":6,"enemies":"2 Louse","floor":1,"turns":4},{"damage":5,"enemies":"Cultist","floor":4,"turns":4},{"damage":3,"enemies":"Small Slimes","floor":5,"turns":3},{"damage":47,"enemies":"Gremlin Nob","floor":6,"turns":5},{"damage":25,"enemies":"Lagavulin","floor":10,"turns":9},{"damage":9,"enemies":"Blue Slaver","floor":11,"turns":5},{"damage":1,"enemies":"Red Slaver","floor":14,"turns":5},{"damage":19,"enemies":"The Guardian","floor":16,"turns":11},{"damage":21,"enemies":"Spheric Guardian","floor":18,"turns":6},{"damage":0,"enemies":"Chosen","floor":21,"turns":5},{"damage":21,"enemies":"Snake Plant","floor":23,"turns":5},{"damage":53,"enemies":"Slavers","floor":25,"turns":3}],"seed_played":"-5124819215545711997","potions_obtained":[{"floor":4,"key":"Poison Potion"},{"floor":11,"key":"Block Potion"},{"floor":14,"key":"Poison Potion"},{"floor":23,"key":"SpeedPotion"}],"is_trial":true,"path_per_floor":["M","?","?","M","M","E","R","T","T","E","M","$","R","M","R","B",null,"M","?","?","M","?","M","$"],"character_chosen":"IRONCLAD","items_purchased":["Molten Egg 2","Dagger Throw+1"],"campfire_rested":1,"item_purchase_floors":[12,12],"current_hp_per_floor":[80,80,80,80,80,39,63,63,63,44,41,41,41,46,46,33,80,65,65,57,63,63,48,48,0],"gold":28,"neow_bonus":"","is_prod":false,"is_daily":false,"chose_seed":false,"campfire_upgraded":2,"win_rate":0,"timestamp":1532111034,"path_taken":["M","?","?","?","M","E","R","?","T","E","M","$","R","M","R","BOSS","M","?","?","M","?","M","$","E"],"build_version":"2018-07-19v2","purchased_purges":0,"victory":false,"max_hp_per_floor":[80,80,80,80,80,80,80,80,80,80,80,80,80,80,80,80,80,80,80,80,80,80,80,80,80],"card_choices":[{"not_picked":["Clash","Anger"],"picked":"Pommel Strike","floor":1},{"not_picked":["Redo","Quick Slash"],"picked":"Disarm","floor":4},{"not_picked":["Acrobatics","Inflame"],"picked":"Envenom","floor":5},{"not_picked":["Rebound","Fire Breathing"],"picked":"Metallicize","floor":6},{"not_picked":["Heavy Blade","Acrobatics"],"picked":"Storm","floor":10},{"not_picked":["Compile Driver","Heavy Blade","Wild Strike"],"picked":"SKIP","floor":11},{"not_picked":["Clash+1","PiercingWail","Dagger Throw+1"],"picked":"SKIP","floor":14},{"not_picked":["Exhume","Unload+1"],"picked":"Electrodynamics","floor":16},{"not_picked":["Heavy Blade+1","Flex"],"picked":"Hologram","floor":18},{"not_picked":["Tempest","Flex","Bloodletting"],"picked":"SKIP","floor":21},{"not_picked":["Havoc","Pommel Strike+1"],"picked":"Inflame","floor":23}],"player_experience":89021,"relics_obtained":[{"floor":6,"key":"Incense Burner"},{"floor":9,"key":"Kunai"},{"floor":10,"key":"Charon\u0027s Ashes"}],"event_choices":[{"event_name":"FaceTrader","player_choice":"Trade","floor":2,"damage_taken":0},{"event_name":"Match and Keep!","player_choice":"2 cards matched","floor":3,"damage_taken":0},{"event_name":"Addict","player_choice":"Obtained Relic","floor":19,"damage_taken":0},{"event_name":"Wheel of Change","player_choice":"Damage","floor":20,"damage_taken":0},{"event_name":"Beggar","player_choice":"Gave Gold","floor":22,"damage_taken":0}],"is_beta":false,"boss_relics":[{"not_picked":["Velvet Choker","Fusion Hammer"],"picked":"Eternal Feather"}],"items_purged_floors":[],"is_endless":true,"potions_floor_spawned":[4,11,14,23],"killed_by":"Slavers","ascension_level":0}