{"gold_per_floor":[109,109,109,123,48,48,48,48,125,125,144,144,154,170,170,170],"floor_reached":16,"playtime":1104,"items_purged":["Strike_B"],"score":144,"play_id":"7cf96b80-b2e4-4e2e-8c38-fa303c5d1549","local_time":"20190511220605","is_ascension_mode":true,"campfire_choices":[{"data":"Apotheosis","floor":6,"key":"SMITH"},{"floor":8,"key":"REST"},{"floor":15,"key":"REST"}],"neow_cost":"TEN_PERCENT_HP_LOSS","seed_source_timestamp":510651578036470,"circlet_count":0,"master_deck":["AscendersBane","Strike_B","Defend_B","Defend_B","Defend_B","Defend_B","Zap","Dualcast","Chrysalis","Apotheosis+1","Multi-Cast"],"relics":["Cracked Core","Centennial Puzzle","Meat on the Bone","The Courier"],"potions_floor_usage":[14],"damage_taken":[{"damage":6,"enemies":"Cultist","floor":1,"turns":3},{"damage":0,"enemies":"Small Slimes","floor":4,"turns":5},{"damage":7,"enemies":"Jaw Worm","floor":11,"turns":3},{"damage":20,"enemies":"Large Slime","floor":13,"turns":12},{"damage":17,"enemies":"Lots of Slimes","floor":14,"turns":5},{"damage":58,"enemies":"Hexaghost","floor":16,"turns":10}],"seed_played":"-2970710112814619969","potions_obtained":[{"floor":1,"key":"SteroidPotion"},{"floor":13,"key":"LiquidBronze"}],"is_trial":false,"path_per_floor":["M","?","?","M","$","R","?","R","T","?","M","T","M","M","R","B"],"character_chosen":"DEFECT","items_purchased":[],"campfire_rested":2,"item_purchase_floors":[],"current_hp_per_floor":[62,62,62,62,62,62,59,68,68,68,61,61,41,36,56,0],"gold":170,"neow_bonus":"RANDOM_COLORLESS_2","is_prod":false,"is_daily":false,"chose_seed":false,"campfire_upgraded":1,"win_rate":0,"timestamp":1557637565,"path_taken":["M","?","?","?","$","R","?","R","T","?","?","?","M","M","R","BOSS"],"build_version":"2019-01-23","purchased_purges":1,"victory":false,"max_hp_per_floor":[68,68,68,68,68,68,68,68,68,68,68,68,68,68,68,68],"card_choices":[{"not_picked":["Leap","Streamline","Rebound"],"picked":"SKIP","floor":1},{"not_picked":["Loop","Ball Lightning","Steam"],"picked":"SKIP","floor":4},{"not_picked":["Recycle","Sunder","Hyperbeam"],"picked":"SKIP","floor":11},{"not_picked":["Double Energy","Doom and Gloom","Static Discharge"],"picked":"SKIP","floor":13},{"not_picked":["Storm","Sweeping Beam","Redo"],"picked":"SKIP","floor":14}],"player_experience":478033,"relics_obtained":[{"floor":9,"key":"Meat on the Bone"},{"floor":12,"key":"The Courier"}],"event_choices":[{"damage_healed":0,"gold_gain":0,"player_choice":"Ignored","damage_taken":0,"max_hp_gain":0,"max_hp_loss":0,"event_name":"Shining Light","floor":2,"gold_loss":0},{"cards_removed":["Strike_B"],"damage_healed":0,"gold_gain":0,"player_choice":"Purged","damage_taken":0,"max_hp_gain":0,"max_hp_loss":0,"event_name":"Purifier","floor":3,"gold_loss":0},{"damage_healed":0,"gold_gain":0,"player_choice":"Success","damage_taken":3,"relics_obtained":["Centennial Puzzle"],"max_hp_gain":0,"max_hp_loss":0,"event_name":"Scrap Ooze","floor":7,"gold_loss":0},{"damage_healed":0,"gold_gain":0,"cards_transformed":["Strike_B"],"player_choice":"Transformed","damage_taken":0,"max_hp_gain":0,"max_hp_loss":0,"event_name":"Transmorgrifier","floor":10,"gold_loss":0,"cards_obtained":["Multi-Cast"]}],"is_beta":false,"boss_relics":[],"items_purged_floors":[5],"is_endless":false,"potions_floor_spawned":[1,13],"killed_by":"Hexaghost","ascension_level":12}