{"gold_per_floor":[99,99,99,99,99,99,99,99,99,99,99,99,99,99,99,99],"floor_reached":16,"playtime":495,"items_purged":[],"score":96,"play_id":"581a89ca-99dd-43ba-b7c5-bd979442ec23","local_time":"20180715193911","is_ascension_mode":false,"campfire_choices":[{"data":"Neutralize","floor":6,"key":"SMITH"},{"data":"Dagger Throw","floor":8,"key":"SMITH"},{"floor":15,"key":"REST"}],"neow_cost":"NONE","seed_source_timestamp":255883511949673,"circlet_count":0,"master_deck":["Defend_G","Defend_G+1","Defend_G","Defend_G","Strike_G","Strike_G+1","Strike_G","Strike_G","Strike_G","Survivor","Neutralize+1","Acrobatics","Reflex","Tactician","Dagger Throw+1","Slice","Dagger Spray+1","PiercingWail"],"relics":["Ectoplasm","Ancient Tea Set"],"potions_floor_usage":[16,16],"damage_taken":[{"damage":0,"enemies":"2 Louse","floor":1,"turns":3},{"damage":0,"enemies":"Small Slimes","floor":3,"turns":3},{"damage":1,"enemies":"Cultist","floor":4,"turns":4},{"damage":8,"enemies":"Blue Slaver","floor":5,"turns":5},{"damage":9,"enemies":"Red Slaver","floor":7,"turns":5},{"damage":0,"enemies":"Lots of Slimes","floor":10,"turns":4},{"damage":0,"enemies":"2 Fungi Beasts","floor":11,"turns":3},{"damage":6,"enemies":"Gremlin Gang","floor":13,"turns":4},{"damage":70,"enemies":"The Guardian","floor":16,"turns":13}],"seed_played":"-8746161626922442450","potions_obtained":[{"floor":1,"key":"Regen Potion"},{"floor":3,"key":"Strength Potion"},{"floor":5,"key":"Poison Potion"}],"is_trial":false,"path_per_floor":["M","?","M","M","M","R","M","R","T","M","M","?","M","?","R"],"character_chosen":"THE_SILENT","items_purchased":[],"campfire_rested":1,"item_purchase_floors":[],"current_hp_per_floor":[70,56,56,55,47,47,38,38,38,38,38,38,32,32,53,0],"gold":99,"neow_bonus":"BOSS_RELIC","is_prod":false,"is_daily":false,"chose_seed":false,"campfire_upgraded":2,"win_rate":0,"timestamp":1531651151,"path_taken":["M","?","M","M","M","R","?","R","T","M","M","?","M","?","R","BOSS"],"build_version":"2018-07-12","purchased_purges":0,"victory":false,"max_hp_per_floor":[70,70,70,70,70,70,70,70,70,70,70,70,70,70,70,70],"card_choices":[{"not_picked":["Blade Dance","Outmaneuver"],"picked":"Acrobatics","floor":1},{"not_picked":["Flechettes","Choke"],"picked":"Reflex","floor":3},{"not_picked":["Flying Knee","Dodge and Roll"],"picked":"Tactician","floor":4},{"not_picked":["Poisoned Stab","Bane"],"picked":"Dagger Throw","floor":5},{"not_picked":["Predator","PiercingWail"],"picked":"Slice","floor":7},{"not_picked":["Dodge and Roll","Acrobatics"],"picked":"Dagger Spray","floor":10},{"not_picked":["Dodge and Roll","Leg Sweep","Heel Hook"],"picked":"SKIP","floor":11},{"not_picked":["Poisoned Stab","Choke"],"picked":"PiercingWail","floor":13}],"player_experience":178096,"relics_obtained":[{"floor":9,"key":"Ancient Tea Set"}],"event_choices":[{"event_name":"Shining Light","player_choice":"Entered Light","floor":2,"damage_taken":0},{"event_name":"Purifier","player_choice":"One Purge","floor":12,"damage_taken":0},{"event_name":"Accursed Blacksmith","player_choice":"Forge","floor":14,"damage_taken":0}],"boss_relics":[],"items_purged_floors":[],"is_endless":false,"potions_floor_spawned":[1,3,5,10],"killed_by":"The Guardian","ascension_level":0}