{"gold_per_floor":[114,114,130,142,161,161,180,180,251,251,149,149,183,194,194,294,294,306,116,216,216,228,260,260,288,288,288,307,307,322,350,350,452,452,468,468,468,485,91,91,118,118,118,151,164,177,197,224,224,224],"floor_reached":51,"playtime":3141,"items_purged":["Strike_R","Strike_R","Cleave+1"],"score":1257,"play_id":"338f185b-4287-4f1c-a528-000ae0ac9c75","local_time":"20190301104951","is_ascension_mode":true,"campfire_choices":[{"data":"Havoc","floor":6,"key":"SMITH"},{"data":"Body Slam","floor":8,"key":"SMITH"},{"data":"Bash","floor":10,"key":"SMITH"},{"data":"Pommel Strike","floor":15,"key":"SMITH"},{"floor":24,"key":"REST"},{"floor":27,"key":"REST"},{"floor":29,"key":"REST"},{"floor":32,"key":"REST"},{"floor":40,"key":"REST"},{"floor":42,"key":"REST"},{"floor":49,"key":"REST"}],"neow_cost":"NONE","seed_source_timestamp":46014742651259,"circlet_count":0,"master_deck":["AscendersBane","Defend_R","Defend_R","Defend_R","Defend_R","Bash+1","Flame Barrier","Body Slam+1","Inflame","Shrug It Off+1","Armaments","Headbutt","Pommel Strike+1","Offering","Battle Trance","Dual Wield+1","True Grit","Barricade","True Grit","Whirlwind","Pommel Strike","Double Tap","Shockwave+1","Offering+1","Master of Strategy","Impatience","Warcry+1","Entrench+1","True Grit+1","Warcry+1","Shrug It Off+1"],"relics":["Burning Blood","Oddly Smooth Stone","Shuriken","Unceasing Top","Vajra","Fusion Hammer","Magic Flower","Darkstone Periapt","Nilry\u0027s Codex","Pear","Bottled Lightning","Mercury Hourglass","War Paint","Astrolabe","Self Forming Clay","Toxic Egg 2","Question Card","Singing Bowl"],"potions_floor_usage":[5,16,20,20,25,50],"damage_taken":[{"damage":6,"enemies":"Cultist","floor":1,"turns":3},{"damage":0,"enemies":"Jaw Worm","floor":3,"turns":5},{"damage":0,"enemies":"Small Slimes","floor":4,"turns":5},{"damage":18,"enemies":"3 Louse","floor":5,"turns":8},{"damage":10,"enemies":"Large Slime","floor":7,"turns":12},{"damage":17,"enemies":"3 Sentries","floor":13,"turns":13},{"damage":0,"enemies":"Blue Slaver","floor":14,"turns":3},{"damage":26,"enemies":"The Guardian","floor":16,"turns":12},{"damage":6,"enemies":"Spheric Guardian","floor":18,"turns":3},{"damage":10,"enemies":"Colosseum Slavers","floor":20,"turns":3},{"damage":13,"enemies":"Colosseum Nobs","floor":20,"turns":5},{"damage":1,"enemies":"2 Thieves","floor":22,"turns":4},{"damage":32,"enemies":"Gremlin Leader","floor":23,"turns":6},{"damage":23,"enemies":"Book of Stabbing","floor":25,"turns":5},{"damage":6,"enemies":"Centurion and Healer","floor":28,"turns":3},{"damage":6,"enemies":"Snecko","floor":30,"turns":4},{"damage":28,"enemies":"Gremlin Leader","floor":31,"turns":5},{"damage":27,"enemies":"Champ","floor":33,"turns":14},{"damage":6,"enemies":"3 Shapes","floor":35,"turns":3},{"damage":16,"enemies":"3 Darklings","floor":38,"turns":5},{"damage":22,"enemies":"Reptomancer","floor":41,"turns":6},{"damage":18,"enemies":"Nemesis","floor":44,"turns":7},{"damage":18,"enemies":"Transient","floor":45,"turns":5},{"damage":12,"enemies":"Jaw Worm Horde","floor":46,"turns":1},{"damage":12,"enemies":"3 Darklings","floor":47,"turns":2},{"damage":13,"enemies":"Giant Head","floor":48,"turns":7},{"damage":42,"enemies":"Donu and Deca","floor":50,"turns":5}],"seed_played":"5727701792673674187","potions_obtained":[{"floor":1,"key":"Weak Potion"},{"floor":3,"key":"Regen Potion"},{"floor":16,"key":"Energy Potion"},{"floor":22,"key":"LiquidBronze"},{"floor":23,"key":"AttackPotion"},{"floor":41,"key":"SkillPotion"},{"floor":45,"key":"FearPotion"},{"floor":47,"key":"PowerPotion"}],"is_trial":false,"path_per_floor":["M","?","M","M","M","R","M","R","T","R","$","?","E","M","R","B",null,"M","$","?","?","M","E","R","E","T","R","M","R","M","E","R","B",null,"M","?","?","M","$","R","E","R","T","E","M","M","M","E","R","B",null],"character_chosen":"IRONCLAD","items_purchased":["Armaments","Dual Wield","Dexterity Potion","Master of Strategy","Impatience"],"campfire_rested":7,"item_purchase_floors":[11,19,19,39,39],"current_hp_per_floor":[72,72,78,80,80,80,76,76,76,76,76,69,58,64,64,44,71,71,71,60,44,52,39,66,52,52,79,82,90,90,71,90,72,86,89,89,89,82,82,90,77,90,90,81,72,69,66,62,89,56],"gold":224,"neow_bonus":"RANDOM_COMMON_RELIC","is_prod":false,"is_daily":false,"chose_seed":false,"campfire_upgraded":4,"win_rate":0,"timestamp":1551412191,"path_taken":["M","?","?","M","M","R","M","R","T","R","$","?","E","M","R","BOSS","M","$","?","?","M","E","R","E","T","R","M","R","M","E","R","BOSS","M","?","?","M","$","R","E","R","T","E","?","M","M","E","R","BOSS"],"build_version":"2019-01-23","purchased_purges":3,"victory":true,"max_hp_per_floor":[80,80,80,80,80,80,80,80,80,80,80,80,80,80,80,80,80,80,80,80,80,80,90,90,90,90,90,90,90,90,90,90,90,90,90,90,90,90,90,90,90,90,90,90,90,90,90,90,90,90],"card_choices":[{"not_picked":["Corruption","Spot Weakness"],"picked":"Flame Barrier","floor":1},{"not_picked":["Warcry","Pommel Strike"],"picked":"Body Slam","floor":3},{"not_picked":["Body Slam","Cleave"],"picked":"Havoc","floor":4},{"not_picked":["Anger","Shrug It Off"],"picked":"Inflame","floor":5},{"not_picked":["True Grit","Brutality"],"picked":"Shrug It Off","floor":7},{"not_picked":["Perfected Strike","Thunderclap"],"picked":"Headbutt","floor":13},{"not_picked":["Iron Wave","Inflame"],"picked":"Pommel Strike","floor":14},{"not_picked":["Fiend Fire","Juggernaut"],"picked":"Offering","floor":16},{"not_picked":["Pummel","Twin Strike"],"picked":"Battle Trance","floor":18},{"not_picked":["Combust","Anger"],"picked":"True Grit","floor":22},{"not_picked":["Reaper","Entrench"],"picked":"Barricade","floor":23},{"not_picked":["Power Through","Exhume"],"picked":"True Grit","floor":25},{"not_picked":["Clash","Combust"],"picked":"Whirlwind","floor":28},{"not_picked":["Wild Strike","Battle Trance","Combust"],"picked":"SKIP","floor":30},{"not_picked":["Anger","Evolve"],"picked":"Pommel Strike","floor":31},{"not_picked":["Fiend Fire","Feed"],"picked":"Double Tap","floor":33},{"not_picked":["Wild Strike","Cleave","Infernal Blade"],"picked":"SKIP","floor":35},{"not_picked":["Reckless Charge+1","Body Slam+1","Searing Blow+1"],"picked":"SKIP","floor":38},{"not_picked":["Perfected Strike","Brutality"],"picked":"Warcry+1","floor":41},{"not_picked":["Blood for Blood","Demon Form"],"picked":"Entrench+1","floor":44},{"not_picked":["Sever Soul","Perfected Strike","Bloodletting+1","Body Slam"],"picked":"SKIP","floor":45},{"not_picked":["Anger+1","Sever Soul","Thunderclap"],"picked":"True Grit+1","floor":46},{"not_picked":["True Grit+1","Carnage","Metallicize"],"picked":"Warcry+1","floor":47},{"not_picked":["Brutality","Headbutt+1","Intimidate+1"],"picked":"Shrug It Off+1","floor":48}],"player_experience":391029,"relics_obtained":[{"floor":9,"key":"Shuriken"},{"floor":13,"key":"Vajra"},{"floor":20,"key":"Magic Flower"},{"floor":20,"key":"Darkstone Periapt"},{"floor":21,"key":"Nilry\u0027s Codex"},{"floor":23,"key":"Pear"},{"floor":25,"key":"Bottled Lightning"},{"floor":26,"key":"Mercury Hourglass"},{"floor":31,"key":"War Paint"},{"floor":41,"key":"Self Forming Clay"},{"floor":43,"key":"Toxic Egg 2"},{"floor":44,"key":"Question Card"},{"floor":48,"key":"Singing Bowl"}],"event_choices":[{"cards_removed":["Strike_R"],"damage_healed":0,"gold_gain":0,"player_choice":"Offered Basic","damage_taken":0,"max_hp_gain":0,"max_hp_loss":0,"event_name":"Bonfire Elementals","floor":2,"gold_loss":0},{"damage_healed":0,"gold_gain":0,"player_choice":"Success","damage_taken":7,"relics_obtained":["Unceasing Top"],"max_hp_gain":0,"max_hp_loss":0,"event_name":"Scrap Ooze","floor":12,"gold_loss":0},{"damage_healed":0,"gold_gain":0,"player_choice":"Fight","damage_taken":0,"max_hp_gain":0,"max_hp_loss":0,"event_name":"Colosseum","floor":20,"gold_loss":0},{"damage_healed":0,"gold_gain":0,"player_choice":"Fought Nobs","damage_taken":0,"max_hp_gain":0,"max_hp_loss":0,"event_name":"Colosseum","floor":20,"gold_loss":0},{"damage_healed":0,"gold_gain":0,"player_choice":"Obtained Book","damage_taken":16,"max_hp_gain":0,"max_hp_loss":0,"event_name":"Cursed Tome","floor":21,"gold_loss":0},{"damage_healed":0,"gold_gain":0,"player_choice":"Memory 1","damage_taken":0,"max_hp_gain":0,"max_hp_loss":0,"event_name":"SensoryStone","floor":36,"gold_loss":0},{"damage_healed":0,"gold_gain":0,"player_choice":"Ignored","damage_taken":0,"max_hp_gain":0,"max_hp_loss":0,"event_name":"Tomb of Lord Red Mask","floor":37,"gold_loss":0}],"is_beta":false,"boss_relics":[{"not_picked":["Tiny House","Runic Cube"],"picked":"Fusion Hammer"},{"not_picked":["Coffee Dripper","Runic Dome"],"picked":"Astrolabe"}],"items_purged_floors":[11,19,39],"is_endless":false,"potions_floor_spawned":[1,3,16,20,22,23,41,45,47,48],"ascension_level":12}