{"gold_per_floor":[13,13,13,30,30,30,41,41,95,120,130,130,146,71,71,173,173,186,111,111,122,122,156,156,156],"floor_reached":25,"playtime":1072,"items_purged":["Defend_B"],"score":277,"play_id":"aebced58-4122-4fe2-81e7-192e14ab1b6e","local_time":"20190427135009","is_ascension_mode":true,"campfire_choices":[{"floor":6,"key":"REST"},{"floor":12,"key":"REST"},{"floor":15,"key":"REST"}],"neow_cost":"NO_GOLD","seed_source_timestamp":1066344969683894,"circlet_count":0,"master_deck":["Strike_B+1","Defend_B+1","Zap","Dualcast","Coolheaded","Ball Lightning","Rebound","Scrape","Melter","Echo Form","Ghostly","Ghostly","Ghostly","Ghostly","Ghostly","Streamline"],"relics":["Cracked Core","Boot","Mummified Hand","Busted Crown","Happy Flower"],"potions_floor_usage":[16,16],"damage_taken":[{"damage":2,"enemies":"Jaw Worm","floor":1,"turns":3},{"damage":4,"enemies":"Small Slimes","floor":4,"turns":3},{"damage":2,"enemies":"2 Louse","floor":7,"turns":3},{"damage":26,"enemies":"3 Sentries","floor":10,"turns":5},{"damage":13,"enemies":"Gremlin Gang","floor":11,"turns":3},{"damage":18,"enemies":"Exordium Thugs","floor":13,"turns":3},{"damage":44,"enemies":"The Guardian","floor":16,"turns":11},{"damage":20,"enemies":"3 Byrds","floor":18,"turns":4},{"damage":0,"enemies":"2 Thieves","floor":21,"turns":4},{"damage":18,"enemies":"Book of Stabbing","floor":23,"turns":7},{"damage":3,"enemies":"Snake Plant","floor":25,"turns":3}],"seed_played":"-9065411383912996878","potions_obtained":[{"floor":1,"key":"PowerPotion"},{"floor":11,"key":"Poison Potion"},{"floor":13,"key":"SteroidPotion"},{"floor":21,"key":"Weak Potion"}],"is_trial":false,"path_per_floor":["M","$","?","M","?","R","M","?","T","E","M","R","M","$","R","B",null,"M","?","?","M","?","E","?","M"],"character_chosen":"DEFECT","items_purchased":[],"campfire_rested":3,"item_purchase_floors":[],"current_hp_per_floor":[73,73,58,54,54,75,73,73,73,47,34,56,38,38,60,16,75,55,55,37,37,21,3,3,0],"gold":156,"neow_bonus":"REMOVE_TWO","is_prod":false,"is_daily":false,"chose_seed":false,"campfire_upgraded":0,"win_rate":0,"timestamp":1556398209,"path_taken":["M","$","?","M","?","R","M","?","T","E","?","R","M","?","R","BOSS","M","?","?","M","?","E","?","M"],"build_version":"2019-01-23","purchased_purges":1,"victory":false,"max_hp_per_floor":[75,75,75,75,75,75,75,75,75,75,75,75,75,75,75,75,75,75,75,37,37,37,37,37,37],"card_choices":[{"not_picked":["Sunder","Stack","Reinforced Body"],"picked":"SKIP","floor":1},{"not_picked":["Consume","Steam"],"picked":"Coolheaded","floor":4},{"not_picked":["Stack","Beam Cell"],"picked":"Ball Lightning","floor":7},{"not_picked":["Steam Power","Hello World","Compile Driver"],"picked":"SKIP","floor":10},{"not_picked":["Conserve Battery","Defragment"],"picked":"Scrape","floor":11},{"not_picked":["Thunder Strike","Steam"],"picked":"Melter","floor":13},{"not_picked":["Rainbow","Meteor Strike"],"picked":"Echo Form","floor":16},{"not_picked":["Go for the Eyes"],"picked":"SKIP","floor":18},{"not_picked":["Reinforced Body"],"picked":"SKIP","floor":21},{"not_picked":[],"picked":"Streamline","floor":23}],"player_experience":135451,"relics_obtained":[{"floor":9,"key":"Boot"},{"floor":10,"key":"Mummified Hand"},{"floor":23,"key":"Happy Flower"}],"event_choices":[{"damage_healed":0,"gold_gain":0,"player_choice":"Entered Light","damage_taken":15,"max_hp_gain":0,"max_hp_loss":0,"event_name":"Shining Light","floor":3,"gold_loss":0,"cards_upgraded":["Defend_B","Strike_B"]},{"cards_removed":["Defend_B"],"damage_healed":0,"gold_gain":0,"player_choice":"Forget","damage_taken":0,"max_hp_gain":0,"max_hp_loss":0,"event_name":"Living Wall","floor":5,"gold_loss":0},{"damage_healed":0,"gold_gain":0,"cards_transformed":["Strike_B"],"player_choice":"Transformed","damage_taken":0,"max_hp_gain":0,"max_hp_loss":0,"event_name":"Transmorgrifier","floor":8,"gold_loss":0,"cards_obtained":["Rebound"]},{"cards_removed":["Defend_B"],"damage_healed":0,"gold_gain":0,"player_choice":"Gave Gold","damage_taken":0,"max_hp_gain":0,"max_hp_loss":0,"event_name":"Beggar","floor":19,"gold_loss":75},{"damage_healed":0,"gold_gain":0,"player_choice":"Became a Ghost","damage_taken":0,"max_hp_gain":0,"max_hp_loss":38,"event_name":"Ghosts","floor":20,"gold_loss":0,"cards_obtained":["Ghostly","Ghostly","Ghostly","Ghostly","Ghostly"]},{"damage_healed":0,"gold_gain":0,"player_choice":"Obtained Book","damage_taken":16,"max_hp_gain":0,"max_hp_loss":0,"event_name":"Cursed Tome","floor":22,"gold_loss":0},{"damage_healed":0,"gold_gain":0,"player_choice":"Ignored","damage_taken":0,"max_hp_gain":0,"max_hp_loss":0,"event_name":"The Mausoleum","floor":24,"gold_loss":0}],"is_beta":false,"boss_relics":[{"not_picked":["White Beast Statue","Cursed Key"],"picked":"Busted Crown"}],"items_purged_floors":[14],"is_endless":false,"potions_floor_spawned":[1,11,13,21],"killed_by":"Snake Plant","ascension_level":3}