{"gold_per_floor":[117,128,78,78,90,90,114,114,114,131,131,142,142,153,153,254,254,164,176,176,196,121,121,137,137,217,217,49,49,67,77,77,174,174,186,186,186,186,186,186,206,219,219,46,46],"floor_reached":45,"playtime":1582,"items_purged":["Defend_B"],"score":403,"play_id":"734ecbb2-0cf7-42db-b771-d72cc2a8fae2","local_time":"20190603143534","is_ascension_mode":false,"campfire_choices":[{"data":"Glacier","floor":6.0,"key":"SMITH"},{"data":"Genetic Algorithm","floor":8.0,"key":"SMITH"},{"data":"Dualcast","floor":11.0,"key":"SMITH"},{"data":"Self Repair","floor":13.0,"key":"SMITH"},{"data":"Conserve Battery","floor":15.0,"key":"SMITH"},{"data":"Static Discharge","floor":23.0,"key":"SMITH"},{"data":"Auto Shields","floor":25.0,"key":"SMITH"},{"data":"Capacitor","floor":27.0,"key":"SMITH"},{"floor":32.0,"key":"REST"},{"data":"Echo Form","floor":40.0,"key":"SMITH"}],"neow_cost":"NONE","seed_source_timestamp":28826776029302,"circlet_count":0,"master_deck":["Strike_B+1","Strike_B+1","Defend_B+1","Defend_B+1","Zap+1","Dualcast+1","Glacier+1","Genetic Algorithm+1","Conserve Battery+1","Self Repair+1","Amplify","Ball Lightning","Leap+1","Capacitor+1","Auto Shields+1","Static Discharge+1","Defragment","Conserve Battery","Coolheaded","Doom and Gloom","Echo Form+1","Static Discharge+1","Leap+1","Darkness+1","Defragment"],"special_seed":0,"relics":["Cracked Core"],"potions_floor_usage":[45,45],"damage_taken":[{"damage":1.0,"enemies":"2 Louse","floor":1.0,"turns":2.0},{"damage":0.0,"enemies":"Small Slimes","floor":2.0,"turns":3.0},{"damage":0.0,"enemies":"Jaw Worm","floor":5.0,"turns":3.0},{"damage":8.0,"enemies":"Exordium Wildlife","floor":10.0,"turns":7.0},{"damage":1.0,"enemies":"Red Slaver","floor":12.0,"turns":4.0},{"damage":0.0,"enemies":"3 Louse","floor":14.0,"turns":4.0},{"damage":42.0,"enemies":"Slime Boss","floor":16.0,"turns":18.0},{"damage":18.0,"enemies":"2 Thieves","floor":18.0,"turns":5.0},{"damage":20.0,"enemies":"3 Byrds","floor":19.0,"turns":7.0},{"damage":22.0,"enemies":"Centurion and Healer","floor":21.0,"turns":16.0},{"damage":22.0,"enemies":"3 Cultists","floor":24.0,"turns":4.0},{"damage":4.0,"enemies":"Snecko","floor":30.0,"turns":6.0},{"damage":6.0,"enemies":"Sentry and Sphere","floor":31.0,"turns":6.0},{"damage":71.0,"enemies":"Collector","floor":33.0,"turns":16.0},{"damage":4.0,"enemies":"Orb Walker","floor":35.0,"turns":4.0},{"damage":57.0,"enemies":"3 Shapes","floor":41.0,"turns":6.0},{"damage":11.0,"enemies":"Writhing Mass","floor":42.0,"turns":11.0},{"damage":68,"enemies":"Transient","floor":45,"turns":4}],"seed_played":"2168108255094475691","potions_obtained":[{"floor":5.0,"key":"SteroidPotion"},{"floor":12.0,"key":"SpeedPotion"},{"floor":21.0,"key":"PowerPotion"},{"floor":24.0,"key":"SteroidPotion"},{"floor":33.0,"key":"GamblersBrew"},{"floor":42.0,"key":"PowerPotion"}],"is_trial":false,"path_per_floor":["M","M","?","?","M","R","T","R","T","M","R","M","R","M","R","B",null,"M","M","?","M","?","R","M","R","T","R","$","?","M","M","R","B",null,"M","?","?","?","?","R","M","M","T","$","M"],"character_chosen":"DEFECT","items_purchased":["Defragment","Conserve Battery","Defragment","Fruit Juice"],"campfire_rested":1,"item_purchase_floors":[28,28,44,44],"current_hp_per_floor":[81,81,81,81,81,81,81,81,81,73,73,72,72,82,82,50,82,74,64,64,52,52,52,40,40,40,40,40,40,46,50,74,13,82,82,82,82,82,82,82,45,54,54,54,0],"gold":46,"neow_bonus":"TEN_PERCENT_HP_BONUS","is_prod":false,"is_daily":false,"chose_seed":false,"campfire_upgraded":9,"win_rate":0,"timestamp":1559565334,"path_taken":["M","M","?","?","M","R","?","R","T","?","R","M","R","M","R","BOSS","M","M","?","M","?","R","M","R","T","R","?","?","M","?","R","BOSS","M","?","?","?","?","R","?","M","T","$","M"],"build_version":"2019-01-23","purchased_purges":1,"victory":false,"max_hp_per_floor":[82,82,82,82,82,82,82,82,82,82,82,82,82,82,82,82,82,82,82,82,82,82,82,82,82,82,82,82,82,82,82,82,82,82,82,82,82,82,82,82,82,82,82,82,87],"card_choices":[{"not_picked":["Ball Lightning","Recycle"],"picked":"Glacier","floor":1.0},{"not_picked":["Barrage","Undo"],"picked":"Hello World","floor":2.0},{"not_picked":["Turbo","Leap"],"picked":"Genetic Algorithm","floor":5.0},{"not_picked":["Go for the Eyes","Consume"],"picked":"Conserve Battery","floor":10.0},{"not_picked":["Chill","Beam Cell"],"picked":"Self Repair","floor":12.0},{"not_picked":["Hologram","Sweeping Beam","Barrage"],"picked":"SKIP","floor":14.0},{"not_picked":["Multi-Cast","Seek"],"picked":"Amplify","floor":16.0},{"not_picked":["Genetic Algorithm+1","Tempest+1"],"picked":"Ball Lightning","floor":18.0},{"not_picked":["Double Energy","Gash"],"picked":"Leap+1","floor":19.0},{"not_picked":["Turbo+1","Steam+1"],"picked":"Static Discharge","floor":21.0},{"not_picked":["Skim","Stack"],"picked":"Steam","floor":24.0},{"not_picked":["Rebound","Barrage"],"picked":"Coolheaded","floor":30.0},{"not_picked":["FTL+1","Stack"],"picked":"Doom and Gloom","floor":31.0},{"not_picked":["Electrodynamics","Amplify"],"picked":"Echo Form","floor":33.0},{"not_picked":["Steam+1","Hologram"],"picked":"Static Discharge+1","floor":35.0},{"not_picked":["Rebound+1","Melter+1"],"picked":"Leap+1","floor":41.0},{"not_picked":["Barrage+1","Rebound+1"],"picked":"Darkness+1","floor":42.0}],"player_experience":290554,"relics_obtained":[],"event_choices":[{"cards_removed":["Strike_B"],"damage_healed":0.0,"max_hp_gain":0.0,"max_hp_loss":0.0,"gold_gain":0.0,"event_name":"The Cleric","player_choice":"Card Removal","floor":3.0,"gold_loss":50.0,"damage_taken":0.0},{"damage_healed":0.0,"max_hp_gain":0.0,"max_hp_loss":0.0,"gold_gain":0.0,"event_name":"Living Wall","player_choice":"Grow","floor":4.0,"gold_loss":0.0,"damage_taken":0.0,"cards_upgraded":["Zap"]},{"damage_healed":0.0,"max_hp_gain":0.0,"max_hp_loss":0.0,"gold_gain":0.0,"cards_transformed":["Hello World","Defend_B"],"event_name":"Drug Dealer","player_choice":"Became Test Subject","floor":20.0,"gold_loss":0.0,"damage_taken":0.0,"cards_obtained":["Capacitor","Auto Shields"]},{"cards_removed":["Strike_B"],"damage_healed":0.0,"max_hp_gain":0.0,"max_hp_loss":0.0,"gold_gain":0.0,"event_name":"Beggar","player_choice":"Gave Gold","floor":22.0,"gold_loss":75.0,"damage_taken":0.0},{"damage_healed":0.0,"max_hp_gain":0.0,"max_hp_loss":0.0,"gold_gain":0.0,"event_name":"Back to Basics","player_choice":"Simplicity","floor":29.0,"gold_loss":0.0,"damage_taken":0.0,"cards_upgraded":["Strike_B","Strike_B","Defend_B","Defend_B"]},{"cards_removed":["Steam"],"damage_healed":0.0,"max_hp_gain":0.0,"max_hp_loss":0.0,"gold_gain":0.0,"event_name":"Falling","player_choice":"Removed Skill","floor":36.0,"gold_loss":0.0,"damage_taken":0.0},{"damage_healed":0.0,"max_hp_gain":0.0,"max_hp_loss":0.0,"gold_gain":0.0,"event_name":"Tomb of Lord Red Mask","player_choice":"Ignored","floor":37.0,"gold_loss":0.0,"damage_taken":0.0},{"damage_healed":0.0,"max_hp_gain":0.0,"max_hp_loss":0.0,"gold_gain":0.0,"event_name":"Mysterious Sphere","player_choice":"Ignored","floor":38.0,"gold_loss":0.0,"damage_taken":0.0},{"damage_healed":0.0,"max_hp_gain":0.0,"max_hp_loss":0.0,"gold_gain":0.0,"event_name":"The Woman in Blue","player_choice":"Bought 0 Potions","floor":39.0,"gold_loss":0.0,"damage_taken":0.0}],"is_beta":false,"boss_relics":[{"not_picked":["Empty Cage","Cursed Key","Black Star"]},{"not_picked":["Busted Crown","Runic Dome","Eternal Feather"]}],"items_purged_floors":[28],"is_endless":false,"potions_floor_spawned":[5,12,21,24,30,33,42],"killed_by":"Transient","ascension_level":0}