{"gold_per_floor":[111,111,130,130,3,38,38,98,122,122,122,153,167,181,181,301,301,326,326,349,374,14,14,53,53,53,53,53,65,65],"floor_reached":30,"playtime":2392,"items_purged":["Strike_B","Strike_B"],"score":319,"play_id":"79c8d532-f3ca-43cb-bbbb-15cfaabddfc3","local_time":"20190209013042","is_ascension_mode":true,"campfire_choices":[{"floor":7,"key":"REST"},{"data":"Go for the Eyes","floor":11,"key":"SMITH"},{"floor":15,"key":"REST"},{"floor":23,"key":"REST"},{"data":"Creative AI","floor":28,"key":"SMITH"}],"neow_cost":"NONE","seed_source_timestamp":2547864561460883,"circlet_count":0,"master_deck":["Strike_B+1","Defend_B","Defend_B","Defend_B+1","Zap","Dualcast","Thunder Strike","Sweeping Beam","Go for the Eyes+1","Ball Lightning","Glacier","Leap","Leap+1","Cold Snap+1","Coolheaded","Genetic Algorithm","Creative AI+1","Coolheaded+1"],"relics":["Cracked Core","Regal Pillow","Tiny Chest","Ancient Tea Set","Bloody Idol","Letter Opener","Inserter","Meat on the Bone","Unceasing Top","Pear"],"potions_floor_usage":[6,8,21,24,29],"damage_taken":[{"damage":0,"enemies":"Small Slimes","floor":1,"turns":3},{"damage":4,"enemies":"Jaw Worm","floor":3,"turns":5},{"damage":19,"enemies":"3 Sentries","floor":6,"turns":5},{"damage":22,"enemies":"Lagavulin","floor":8,"turns":6},{"damage":12,"enemies":"Gremlin Nob","floor":12,"turns":4},{"damage":0,"enemies":"2 Louse","floor":13,"turns":2},{"damage":13,"enemies":"Exordium Thugs","floor":14,"turns":4},{"damage":41,"enemies":"Hexaghost","floor":16,"turns":13},{"damage":23,"enemies":"2 Thieves","floor":18,"turns":5},{"damage":13,"enemies":"Spheric Guardian","floor":20,"turns":6},{"damage":23,"enemies":"Snake Plant","floor":21,"turns":5},{"damage":35,"enemies":"Book of Stabbing","floor":24,"turns":11},{"damage":14,"enemies":"Snecko","floor":29,"turns":7},{"damage":52,"enemies":"Slavers","floor":30,"turns":4}],"seed_played":"-712557965375082686","potions_obtained":[{"floor":1,"key":"Ancient Potion"},{"floor":3,"key":"FearPotion"},{"floor":12,"key":"EssenceOfSteel"},{"floor":13,"key":"Strength Potion"},{"floor":21,"key":"Regen Potion"},{"floor":24,"key":"Ancient Potion"}],"is_trial":false,"path_per_floor":["M","?","M","?","$","E","R","E","T","?","R","E","M","M","R","B",null,"M","?","M","M","$","R","E","?","T","?","R","M","E"],"character_chosen":"DEFECT","items_purchased":["Fire Potion","Meat on the Bone"],"campfire_rested":3,"item_purchase_floors":[5,22],"current_hp_per_floor":[75,68,64,49,49,30,67,45,45,45,45,33,33,20,55,14,69,46,46,33,10,10,45,37,37,47,47,47,50,0],"gold":65,"neow_bonus":"ONE_RANDOM_RARE_CARD","is_prod":false,"is_daily":false,"chose_seed":false,"campfire_upgraded":2,"win_rate":0,"timestamp":1549693842,"path_taken":["M","?","M","?","$","E","R","E","T","?","R","E","M","M","R","BOSS","M","?","M","M","$","R","E","?","T","?","R","M","E"],"build_version":"2019-01-23","purchased_purges":2,"victory":false,"max_hp_per_floor":[75,75,75,75,75,75,75,75,75,69,69,69,69,69,69,69,69,69,69,69,69,69,69,69,69,79,79,79,79,79],"card_choices":[{"not_picked":["Turbo","Reinforced Body"],"picked":"Sweeping Beam","floor":1},{"not_picked":["Loop","Scrape"],"picked":"Go for the Eyes","floor":3},{"not_picked":["Beam Cell","Static Discharge","Go for the Eyes"],"picked":"SKIP","floor":6},{"not_picked":["Loop","Rip and Tear","Steam"],"picked":"SKIP","floor":8},{"not_picked":["Rebound","Scrape"],"picked":"Ball Lightning","floor":12},{"not_picked":["Leap","Defragment"],"picked":"Glacier","floor":13},{"not_picked":["Doom and Gloom","Stack"],"picked":"Leap","floor":14},{"not_picked":["Redo+1","Beam Cell"],"picked":"Leap+1","floor":18},{"not_picked":["Steam","Recycle"],"picked":"Cold Snap+1","floor":20},{"not_picked":["FTL","Streamline"],"picked":"Coolheaded","floor":21},{"not_picked":["Hello World","Fusion"],"picked":"Genetic Algorithm","floor":24},{"not_picked":["Sweeping Beam+1","Undo+1"],"picked":"Coolheaded+1","floor":29}],"player_experience":179935,"relics_obtained":[{"floor":6,"key":"Regal Pillow"},{"floor":8,"key":"Tiny Chest"},{"floor":9,"key":"Ancient Tea Set"},{"floor":12,"key":"Letter Opener"},{"floor":24,"key":"Unceasing Top"},{"floor":26,"key":"Pear"}],"event_choices":[{"cards_removed":["Strike_B"],"damage_healed":0,"gold_gain":0,"player_choice":"Card Removal","damage_taken":7,"max_hp_gain":0,"max_hp_loss":0,"event_name":"Golden Wing","floor":2,"gold_loss":0},{"damage_healed":0,"gold_gain":0,"player_choice":"Entered Light","damage_taken":15,"max_hp_gain":0,"max_hp_loss":0,"event_name":"Shining Light","floor":4,"gold_loss":0,"cards_upgraded":["Strike_B","Defend_B"]},{"damage_healed":0,"gold_gain":0,"player_choice":"Lose Max HP","damage_taken":0,"relics_obtained":["Golden Idol"],"max_hp_gain":0,"max_hp_loss":6,"event_name":"Golden Idol","floor":10,"gold_loss":0},{"damage_healed":0,"gold_gain":0,"player_choice":"Ignored","damage_taken":0,"max_hp_gain":0,"max_hp_loss":0,"event_name":"Ghosts","floor":19,"gold_loss":0},{"damage_healed":0,"gold_gain":0,"player_choice":"Gave Idol","damage_taken":0,"relics_obtained":["Bloody Idol"],"max_hp_gain":0,"max_hp_loss":0,"event_name":"Forgotten Altar","floor":25,"relics_lost":["Golden Idol"],"gold_loss":0},{"damage_healed":0,"gold_gain":0,"cards_transformed":["Defend_B"],"player_choice":"Transformed","damage_taken":0,"max_hp_gain":0,"max_hp_loss":0,"event_name":"Transmorgrifier","floor":27,"gold_loss":0,"cards_obtained":["Creative AI"]}],"is_beta":false,"boss_relics":[{"not_picked":["Black Star","Runic Pyramid"],"picked":"Inserter"}],"items_purged_floors":[5,22],"is_endless":false,"potions_floor_spawned":[1,3,12,13,14,21,24],"killed_by":"Slavers","ascension_level":4}