{"gold_per_floor":[141,141,152,169,184,184,134,134,157,157,157,176,195,208,208,304,304,322,64,64,83,99,99,117,117,117,117,135,155,185,198,198,295,295,309,409,419,467,479,479,479,404,451,47,47,81,81,98,98,98],"floor_reached":51,"playtime":2417,"items_purged":["Strike_B","Parasite"],"score":671,"play_id":"ed021823-8cdb-403b-a3d6-da369812a7ca","local_time":"20190130220033","is_ascension_mode":false,"campfire_choices":[{"data":"White Noise","floor":6,"key":"SMITH"},{"data":"Zap","floor":8,"key":"SMITH"},{"data":"Dualcast","floor":11,"key":"SMITH"},{"floor":15,"key":"REST"},{"floor":23,"key":"REST"},{"data":"Blizzard","floor":25,"key":"SMITH"},{"floor":32,"key":"REST"},{"data":"Loop","floor":40,"key":"SMITH"},{"data":"Consume","floor":45,"key":"SMITH"},{"floor":49,"key":"REST"}],"neow_cost":"NONE","seed_source_timestamp":118606704450652,"circlet_count":0,"master_deck":["Strike_B+1","Strike_B","Strike_B","Defend_B","Defend_B","Defend_B","Defend_B","Zap+1","Dualcast+1","White Noise+1","Coolheaded","Blizzard+1","Cold Snap","Coolheaded","Electrodynamics","Leap","Auto Shields","Loop+1","Auto Shields+1","Electrodynamics","Consume+1","White Noise","Blizzard"],"relics":["Cracked Core","Tiny Chest","WarpedTongs","Centennial Puzzle","Happy Flower","Cursed Key","Symbiotic Virus","Blood Vial","Whetstone","Red Mask","Inserter","Mango","Bird Faced Urn","Boot","Strange Spoon","Bottled Lightning"],"potions_floor_usage":[16,16,18,28,29,30,33,37,38,38,46,50,50],"damage_taken":[{"damage":1,"enemies":"2 Louse","floor":1,"turns":2},{"damage":4,"enemies":"Cultist","floor":3,"turns":3},{"damage":8,"enemies":"Small Slimes","floor":4,"turns":4},{"damage":10,"enemies":"3 Louse","floor":5,"turns":3},{"damage":6,"enemies":"Exordium Wildlife","floor":12,"turns":2},{"damage":0,"enemies":"Blue Slaver","floor":13,"turns":3},{"damage":10,"enemies":"3 Louse","floor":14,"turns":2},{"damage":11,"enemies":"Slime Boss","floor":16,"turns":11},{"damage":14,"enemies":"2 Thieves","floor":18,"turns":3},{"damage":8,"enemies":"Shell Parasite","floor":21,"turns":4},{"damage":18,"enemies":"Centurion and Healer","floor":22,"turns":4},{"damage":7,"enemies":"Chosen and Byrds","floor":24,"turns":5},{"damage":6,"enemies":"Snecko","floor":28,"turns":4},{"damage":7,"enemies":"Snake Plant","floor":29,"turns":5},{"damage":0,"enemies":"Masked Bandits","floor":30,"turns":2},{"damage":6,"enemies":"Shelled Parasite and Fungi","floor":31,"turns":6},{"damage":42,"enemies":"Collector","floor":33,"turns":11},{"damage":1,"enemies":"Orb Walker","floor":35,"turns":3},{"damage":4,"enemies":"Mind Bloom Boss Battle","floor":36,"turns":6},{"damage":0,"enemies":"3 Darklings","floor":37,"turns":2},{"damage":22,"enemies":"2 Orb Walkers","floor":38,"turns":5},{"damage":17,"enemies":"Spire Growth","floor":39,"turns":5},{"damage":10,"enemies":"Nemesis","floor":46,"turns":7},{"damage":7,"enemies":"Jaw Worm Horde","floor":48,"turns":2},{"damage":58,"enemies":"Awakened One","floor":50,"turns":11}],"seed_played":"-4942988773729268026","potions_obtained":[{"floor":1,"key":"SkillPotion"},{"floor":13,"key":"Poison Potion"},{"floor":14,"key":"SkillPotion"},{"floor":22,"key":"Dexterity Potion"},{"floor":24,"key":"GamblersBrew"},{"floor":29,"key":"Poison Potion"},{"floor":30,"key":"SpeedPotion"},{"floor":31,"key":"LiquidBronze"},{"floor":35,"key":"SkillPotion"},{"floor":36,"key":"SkillPotion"},{"floor":37,"key":"Regen Potion"}],"is_trial":false,"path_per_floor":["M","?","M","M","M","R","?","R","T","?","R","M","M","M","R","B",null,"M","$","?","M","M","R","M","R","T","?","M","M","?","M","R","B",null,"M","?","M","?","M","R","?","$","T","$","R","E","?","M","R","B",null],"character_chosen":"DEFECT","items_purchased":["Symbiotic Virus","Strange Spoon","PowerPotion","SkillPotion"],"campfire_rested":4,"item_purchase_floors":[19,44,44,44],"current_hp_per_floor":[74,74,70,62,52,52,52,52,52,45,45,39,39,29,51,40,75,61,61,61,55,39,61,56,56,56,56,52,47,49,45,67,27,75,74,85,87,79,74,74,74,74,74,74,74,76,76,75,86,41],"gold":98,"neow_bonus":"RANDOM_COMMON_RELIC","is_prod":false,"is_daily":false,"chose_seed":false,"campfire_upgraded":6,"win_rate":0,"timestamp":1548882033,"path_taken":["M","?","M","?","M","R","?","R","T","?","R","M","M","M","R","BOSS","M","$","?","M","M","R","M","R","T","?","M","?","?","M","R","BOSS","M","?","M","?","M","R","?","?","T","$","R","E","?","M","R","BOSS"],"build_version":"2019-01-23","purchased_purges":2,"victory":true,"max_hp_per_floor":[75,75,75,75,75,75,75,75,75,75,75,75,75,75,75,75,75,75,75,75,75,75,75,75,75,75,75,75,75,75,75,75,75,75,75,89,89,89,89,89,89,89,89,86,86,86,86,86,86,86],"card_choices":[{"not_picked":["Leap","Beam Cell","Storm"],"picked":"SKIP","floor":1},{"not_picked":["Ball Lightning","Turbo"],"picked":"White Noise","floor":3},{"not_picked":["Redo","Beam Cell"],"picked":"Coolheaded","floor":4},{"not_picked":["Streamline","Double Energy"],"picked":"Sweeping Beam","floor":5},{"not_picked":["Gash","Consume"],"picked":"Blizzard","floor":12},{"not_picked":["Barrage","Go for the Eyes"],"picked":"Cold Snap","floor":13},{"not_picked":["Go for the Eyes","Leap"],"picked":"Coolheaded","floor":14},{"not_picked":["Meteor Strike","Thunder Strike"],"picked":"Electrodynamics","floor":16},{"not_picked":["Scrape","Melter","Turbo"],"picked":"SKIP","floor":18},{"not_picked":["Streamline","Barrage","Gash"],"picked":"SKIP","floor":21},{"not_picked":["Ball Lightning","Barrage"],"picked":"Leap","floor":22},{"not_picked":["Recycle","Sweeping Beam","Stack"],"picked":"SKIP","floor":24},{"not_picked":["Skim+1","Turbo","Core Surge"],"picked":"SKIP","floor":28},{"not_picked":["Aggregate","Leap"],"picked":"Auto Shields","floor":29},{"not_picked":["Cold Snap","Turbo"],"picked":"Loop","floor":30},{"not_picked":["Rip and Tear","Redo"],"picked":"Auto Shields+1","floor":31},{"not_picked":["Biased Cognition","Rainbow"],"picked":"Electrodynamics","floor":33},{"not_picked":["Turbo+1","Gash","Chaos"],"picked":"SKIP","floor":35},{"not_picked":["Heatsinks","Hologram"],"picked":"Consume","floor":36},{"not_picked":["Ball Lightning+1","Streamline+1","Rebound+1"],"picked":"SKIP","floor":37},{"not_picked":["Skim+1","Compile Driver"],"picked":"White Noise","floor":38},{"not_picked":["Gash","Turbo+1","Sunder+1"],"picked":"SKIP","floor":39},{"not_picked":["Double Energy","Streamline+1"],"picked":"Blizzard","floor":46},{"not_picked":["Reinforced Body","Compile Driver","Go for the Eyes"],"picked":"SKIP","floor":48}],"player_experience":237680,"relics_obtained":[{"floor":9,"key":"Centennial Puzzle"},{"floor":26,"key":"Whetstone"},{"floor":30,"key":"Red Mask"},{"floor":36,"key":"Mango"},{"floor":38,"key":"Bird Faced Urn"},{"floor":43,"key":"Boot"},{"floor":46,"key":"Bottled Lightning"}],"event_choices":[{"damage_healed":0,"gold_gain":0,"player_choice":"Rummage","damage_taken":0,"relics_obtained":["WarpedTongs"],"max_hp_gain":0,"max_hp_loss":0,"event_name":"Accursed Blacksmith","floor":2,"gold_loss":0,"cards_obtained":["Pain"]},{"cards_removed":["Pain"],"damage_healed":0,"gold_gain":0,"player_choice":"Card Removal","damage_taken":0,"max_hp_gain":0,"max_hp_loss":0,"event_name":"The Cleric","floor":7,"gold_loss":50},{"damage_healed":0,"gold_gain":0,"player_choice":"Success","damage_taken":7,"relics_obtained":["Happy Flower"],"max_hp_gain":0,"max_hp_loss":0,"event_name":"Scrap Ooze","floor":10,"gold_loss":0},{"damage_healed":0,"gold_gain":0,"player_choice":"Opened","damage_taken":0,"relics_obtained":["Blood Vial"],"max_hp_gain":0,"max_hp_loss":0,"event_name":"The Mausoleum","floor":20,"gold_loss":0},{"cards_removed":["Injury"],"damage_healed":0,"gold_gain":0,"player_choice":"Removed Curses","damage_taken":0,"max_hp_gain":0,"max_hp_loss":0,"event_name":"Fountain of Cleansing","floor":27,"gold_loss":0},{"damage_healed":0,"gold_gain":0,"player_choice":"Fought Bandits","damage_taken":0,"max_hp_gain":0,"max_hp_loss":0,"event_name":"Masked Bandits","floor":30,"gold_loss":0},{"damage_healed":0,"gold_gain":0,"player_choice":"Fight","damage_taken":0,"max_hp_gain":0,"max_hp_loss":0,"event_name":"MindBloom","floor":36,"gold_loss":0},{"damage_healed":0,"gold_gain":0,"player_choice":"Fight","damage_taken":0,"max_hp_gain":0,"max_hp_loss":0,"event_name":"Mysterious Sphere","floor":38,"gold_loss":0},{"cards_removed":["Sweeping Beam"],"damage_healed":0,"gold_gain":0,"player_choice":"Removed Attack","damage_taken":0,"max_hp_gain":0,"max_hp_loss":0,"event_name":"Falling","floor":41,"gold_loss":0},{"damage_healed":0,"gold_gain":0,"player_choice":"Ignored","damage_taken":0,"max_hp_gain":0,"max_hp_loss":0,"event_name":"Tomb of Lord Red Mask","floor":47,"gold_loss":0}],"is_beta":false,"boss_relics":[{"not_picked":["Runic Dome","Eternal Feather"],"picked":"Cursed Key"},{"not_picked":["Orrery","FrozenCore"],"picked":"Inserter"}],"items_purged_floors":[42,44],"is_endless":false,"potions_floor_spawned":[1,13,14,22,24,29,30,31,35,36,37],"ascension_level":0}