{"gold_per_floor":[109,121,133,133,133,133,176,176,176,176,192,213,213,10,10,136,136,150,65,65,164,164,193,193,208,208,224,224,224,240,259,259,363,663,676,689,413,413,338,338,352,365,365,381,396,410,410],"floor_reached":47,"playtime":1382,"items_purged":["Defend_B"],"score":474,"play_id":"0ce350af-b520-47ed-a7ba-71982fae2e22","local_time":"20190525150807","is_ascension_mode":false,"campfire_choices":[{"data":"Genetic Algorithm","floor":6.0,"key":"SMITH"},{"floor":8.0,"key":"REST"},{"data":"Glacier","floor":10.0,"key":"SMITH"},{"data":"Rip and Tear","floor":15.0,"key":"SMITH"},{"data":"Consume","floor":24.0,"key":"SMITH"},{"data":"Ball Lightning","floor":29.0,"key":"SMITH"},{"floor":32.0,"key":"REST"},{"data":"Biased Cognition","floor":40.0,"key":"SMITH"}],"neow_cost":"PERCENT_DAMAGE","seed_source_timestamp":599879351564950,"circlet_count":0,"master_deck":["Strike_B","Strike_B","Defend_B","Defend_B","Defend_B","Zap","Dualcast","Echo Form","Genetic Algorithm+1","Glacier+1","Ball Lightning+1","Rip and Tear+1","Meteor Strike","Loop+1","Consume+1","Blizzard+1","Biased Cognition+1","Redo+1","Defragment+1","Coolheaded+1","Reboot","Parasite"],"special_seed":0,"relics":["Cracked Core","Bloody Idol","Ancient Tea Set","Matryoshka","Lee\u0027s Waffle","Velvet Choker","Boot","Omamori","Singing Bowl","Gambling Chip","Calling Bell","Happy Flower","Frozen Egg 2","Old Coin","Runic Capacitor","Art of War"],"potions_floor_usage":[],"damage_taken":[{"damage":2.0,"enemies":"2 Louse","floor":1.0,"turns":2.0},{"damage":8.0,"enemies":"Jaw Worm","floor":2.0,"turns":4.0},{"damage":3.0,"enemies":"Small Slimes","floor":3.0,"turns":4.0},{"damage":34.0,"enemies":"Gremlin Nob","floor":7.0,"turns":7.0},{"damage":2.0,"enemies":"3 Louse","floor":11.0,"turns":3.0},{"damage":0.0,"enemies":"Large Slime","floor":12.0,"turns":6.0},{"damage":36.0,"enemies":"Hexaghost","floor":16.0,"turns":10.0},{"damage":22.0,"enemies":"Spheric Guardian","floor":18.0,"turns":4.0},{"damage":52.0,"enemies":"Slavers","floor":23.0,"turns":6.0},{"damage":7.0,"enemies":"Shell Parasite","floor":25.0,"turns":6.0},{"damage":5.0,"enemies":"Snecko","floor":27.0,"turns":3.0},{"damage":25.0,"enemies":"Snake Plant","floor":30.0,"turns":5.0},{"damage":2.0,"enemies":"Centurion and Healer","floor":31.0,"turns":6.0},{"damage":23.0,"enemies":"Champ","floor":33.0,"turns":9.0},{"damage":0.0,"enemies":"3 Shapes","floor":35.0,"turns":4.0},{"damage":0.0,"enemies":"Orb Walker","floor":36.0,"turns":4.0},{"damage":24.0,"enemies":"Maw","floor":41.0,"turns":8.0},{"damage":31.0,"enemies":"Writhing Mass","floor":42.0,"turns":5.0},{"damage":0.0,"enemies":"Transient","floor":44.0,"turns":5.0},{"damage":13.0,"enemies":"Spire Growth","floor":45.0,"turns":5.0},{"damage":19.0,"enemies":"3 Darklings","floor":46.0,"turns":5.0},{"damage":32,"enemies":"Writhing Mass","floor":47,"turns":5}],"seed_played":"2515419518358739220","potions_obtained":[{"floor":2.0,"key":"Weak Potion"},{"floor":7.0,"key":"Fire Potion"},{"floor":16.0,"key":"SpeedPotion"},{"floor":18.0,"key":"Regen Potion"},{"floor":23.0,"key":"Energy Potion"},{"floor":30.0,"key":"FearPotion"},{"floor":36.0,"key":"FocusPotion"},{"floor":42.0,"key":"FocusPotion"}],"is_trial":false,"path_per_floor":["M","M","M","?","?","R","E","R","T","R","M","M","?","$","R","B",null,"M","?","?","?","?","E","R","M","T","M","?","R","M","M","R","B",null,"M","M","$","?","$","R","M","M","T","M","M","M","M"],"character_chosen":"DEFECT","items_purchased":["Lee\u0027s Waffle","Runic Capacitor","Defragment+1"],"campfire_rested":2,"item_purchase_floors":[14,37,37],"current_hp_per_floor":[52,44,41,46,46,46,12,34,34,34,32,32,32,81,81,45,81,59,59,59,64,64,32,32,30,30,32,32,32,12,17,42,24,85,87,87,87,87,87,87,70,46,46,51,45,31,0],"gold":410,"neow_bonus":"THREE_RARE_CARDS","is_prod":false,"is_daily":false,"chose_seed":false,"campfire_upgraded":6,"win_rate":0,"timestamp":1558764487,"path_taken":["M","M","M","?","?","R","E","R","T","R","M","M","?","$","R","BOSS","M","?","?","?","?","E","R","M","T","?","?","R","M","?","R","BOSS","M","M","$","?","$","R","M","M","T","M","M","M","M"],"build_version":"2019-01-23","purchased_purges":1,"victory":false,"max_hp_per_floor":[75,75,75,80,74,74,74,74,74,74,74,74,74,81,81,81,81,81,81,81,81,81,81,81,81,81,83,83,83,83,85,85,85,85,87,87,87,87,87,87,89,91,91,91,93,93,93],"card_choices":[{"not_picked":["Rainbow","Reboot"],"picked":"Echo Form","floor":0.0},{"not_picked":["Gash","Turbo"],"picked":"Genetic Algorithm","floor":1.0},{"not_picked":["Barrage","Go for the Eyes","Beam Cell"],"picked":"SKIP","floor":2.0},{"not_picked":["Conserve Battery","Darkness"],"picked":"Glacier","floor":3.0},{"not_picked":["Streamline","Rebound"],"picked":"Ball Lightning","floor":7.0},{"not_picked":["Hello World","Auto Shields"],"picked":"FTL","floor":11.0},{"not_picked":["Steam","Rebound","Sunder"],"picked":"SKIP","floor":12.0},{"not_picked":["Thunder Strike","Amplify"],"picked":"Meteor Strike","floor":16.0},{"not_picked":["Aggregate","Leap"],"picked":"Loop+1","floor":18.0},{"not_picked":["Consume","Sunder+1","Streamline"],"picked":"SKIP","floor":23.0},{"not_picked":["FTL","Auto Shields","Rip and Tear"],"picked":"SKIP","floor":25.0},{"not_picked":["Gash","Leap","Melter+1"],"picked":"Singing Bowl","floor":27.0},{"not_picked":["Barrage","Streamline"],"picked":"Blizzard+1","floor":30.0},{"not_picked":["Reprogram","Beam Cell+1","BootSequence"],"picked":"Singing Bowl","floor":31.0},{"not_picked":["Amplify","Fission"],"picked":"Biased Cognition","floor":33.0},{"not_picked":["Undo+1","Skim","Ball Lightning"],"picked":"Singing Bowl","floor":35.0},{"not_picked":["Blizzard+1","Force Field+1"],"picked":"Redo+1","floor":36.0},{"not_picked":["Double Energy","Machine Learning+1","Beam Cell"],"picked":"Singing Bowl","floor":41.0},{"not_picked":["Stack+1","Rip and Tear+1","Barrage+1"],"picked":"Singing Bowl","floor":42.0},{"not_picked":["Lockon","Melter+1"],"picked":"Coolheaded+1","floor":44.0},{"not_picked":["Chaos+1","Ball Lightning","Melter"],"picked":"Singing Bowl","floor":45.0},{"not_picked":["Sweeping Beam+1","Barrage+1"],"picked":"Reboot","floor":46}],"player_experience":465665,"relics_obtained":[{"floor":7.0,"key":"Ancient Tea Set"},{"floor":9.0,"key":"Matryoshka"},{"floor":23.0,"key":"Omamori"},{"floor":26.0,"key":"Singing Bowl"},{"floor":26.0,"key":"Gambling Chip"},{"floor":34.0,"key":"Happy Flower"},{"floor":34.0,"key":"Frozen Egg 2"},{"floor":34.0,"key":"Old Coin"},{"floor":43.0,"key":"Art of War"}],"event_choices":[{"damage_healed":0.0,"max_hp_gain":5.0,"max_hp_loss":0.0,"gold_gain":0.0,"event_name":"Big Fish","player_choice":"Donut","floor":4.0,"gold_loss":0.0,"damage_taken":0.0},{"damage_healed":0.0,"max_hp_gain":0.0,"max_hp_loss":6.0,"gold_gain":0.0,"event_name":"Golden Idol","player_choice":"Lose Max HP","floor":5.0,"gold_loss":0.0,"damage_taken":0.0,"relics_obtained":["Golden Idol"]},{"damage_healed":0.0,"max_hp_gain":0.0,"max_hp_loss":0.0,"gold_gain":0.0,"cards_transformed":["Strike_B"],"event_name":"Living Wall","player_choice":"Change","floor":13.0,"gold_loss":0.0,"damage_taken":0.0,"cards_obtained":["Rip and Tear"]},{"damage_healed":0.0,"max_hp_gain":0.0,"max_hp_loss":0.0,"gold_gain":0.0,"event_name":"Addict","player_choice":"Obtained Relic","floor":19.0,"gold_loss":85.0,"damage_taken":0.0,"relics_obtained":["Boot"]},{"damage_healed":0.0,"max_hp_gain":0.0,"max_hp_loss":0.0,"gold_gain":0.0,"event_name":"Forgotten Altar","player_choice":"Gave Idol","floor":20.0,"relics_lost":["Golden Idol"],"gold_loss":0.0,"damage_taken":0.0,"relics_obtained":["Bloody Idol"]},{"damage_healed":0.0,"max_hp_gain":0.0,"max_hp_loss":0.0,"gold_gain":99.0,"event_name":"Nest","player_choice":"Stole From Cult","floor":21.0,"gold_loss":0.0,"damage_taken":0.0},{"damage_healed":0.0,"max_hp_gain":0.0,"max_hp_loss":0.0,"gold_gain":0.0,"event_name":"The Library","player_choice":"Read","floor":22.0,"gold_loss":0.0,"damage_taken":0.0,"cards_obtained":["Consume"]},{"cards_removed":["Strike_B"],"damage_healed":0.0,"max_hp_gain":0.0,"max_hp_loss":0.0,"gold_gain":0.0,"event_name":"Purifier","player_choice":"Purged","floor":28.0,"gold_loss":0.0,"damage_taken":0.0},{"cards_removed":["FTL"],"damage_healed":0.0,"max_hp_gain":0.0,"max_hp_loss":0.0,"gold_gain":0.0,"event_name":"Falling","player_choice":"Removed Attack","floor":38.0,"gold_loss":0.0,"damage_taken":0.0}],"is_beta":false,"boss_relics":[{"not_picked":["Fusion Hammer","energizedSpire:RedRose"],"picked":"Velvet Choker"},{"not_picked":["Snecko Eye","Empty Cage"],"picked":"Calling Bell"}],"items_purged_floors":[39],"is_endless":false,"potions_floor_spawned":[2,7,16,18,23,30,36,41,42],"killed_by":"Writhing Mass","ascension_level":0}