{"gold_per_floor":[112,112,112,362,434,465,476,492,568,578,594,609,609,621,621,716,716,734,745,755,345,362,381,0,0,25,25,25,41,56,56,56,160,160,175,189,189,189,205,239,239,251,274,274,274,26,26,41,41,41],"floor_reached":51,"playtime":2599,"items_purged":["Strike_B","Clumsy"],"score":758,"play_id":"5021b95c-89d5-4737-a485-ca3ef788b409","local_time":"20180624235320","is_ascension_mode":false,"campfire_choices":[{"floor":13,"key":"REST"},{"floor":15,"key":"REST"},{"data":"Storm","floor":32,"key":"SMITH"},{"data":"Echo Form","floor":41,"key":"SMITH"},{"floor":44,"key":"REST"},{"data":"Electrodynamics","floor":47,"key":"SMITH"},{"data":"Seek","floor":49,"key":"SMITH"}],"neow_cost":"NONE","seed_source_timestamp":210715245323492,"circlet_count":0,"master_deck":["Strike_B","Strike_B","Defend_B","Defend_B","Defend_B","Zap","Dualcast","Redo","Machine Learning","Defragment","Multi-Cast","BootSequence","Chaos","Genetic Algorithm","Static Discharge","Beam Cell","Capacitor","Force Field","Electrodynamics+1","Stack+1","Conserve Battery","Storm+1","Self Repair","Amplify","Defragment+1","Seek+1","Necronomicurse","Ball Lightning","Auto Shields+1","Ghostly","Ghostly","Ghostly","Ghostly","Ghostly","Echo Form+1","Auto Shields","Conserve Battery+1","Dramatic Entrance","Bandage Up","Blind","Loop","White Noise","Hologram+1","Hologram+1"],"relics":["Cracked Core","NeowsBlessing","Blood Vial","Matryoshka","Potion Belt","Dream Catcher","Question Card","Cursed Key","Meat on the Bone","Bottled Lightning","Necronomicon","Pear","Lantern","Inserter","Bronze Scales","Omamori"],"potions_floor_usage":[11,12,16,16,20,22,33,40,50,50,50,50],"damage_taken":[{"damage":0,"enemies":"Jaw Worm","floor":1,"turns":1},{"damage":0,"enemies":"Gremlin Nob","floor":6,"turns":1},{"damage":0,"enemies":"Cultist","floor":7,"turns":1},{"damage":11,"enemies":"Small Slimes","floor":8,"turns":3},{"damage":12,"enemies":"Blue Slaver","floor":10,"turns":3},{"damage":11,"enemies":"Large Slime","floor":11,"turns":6},{"damage":33,"enemies":"Lots of Slimes","floor":12,"turns":4},{"damage":15,"enemies":"3 Louse","floor":14,"turns":4},{"damage":29,"enemies":"Hexaghost","floor":16,"turns":9},{"damage":36,"enemies":"Spheric Guardian","floor":18,"turns":6},{"damage":0,"enemies":"Chosen","floor":19,"turns":4},{"damage":13,"enemies":"Snake Plant","floor":20,"turns":4},{"damage":6,"enemies":"Centurion and Healer","floor":22,"turns":4},{"damage":15,"enemies":"Cultist and Chosen","floor":23,"turns":7},{"damage":22,"enemies":"3 Cultists","floor":29,"turns":5},{"damage":25,"enemies":"Snake Plant","floor":30,"turns":2},{"damage":3,"enemies":"Automaton","floor":33,"turns":8},{"damage":0,"enemies":"3 Shapes","floor":35,"turns":2},{"damage":19,"enemies":"Orb Walker","floor":36,"turns":4},{"damage":2,"enemies":"Maw","floor":39,"turns":8},{"damage":4,"enemies":"Nemesis","floor":40,"turns":7},{"damage":11,"enemies":"4 Shapes","floor":42,"turns":5},{"damage":5,"enemies":"Sphere and 2 Shapes","floor":48,"turns":5},{"damage":41,"enemies":"Time Eater","floor":50,"turns":10}],"seed_played":"-2601307272015180992","potions_obtained":[{"floor":7,"key":"LiquidBronze"},{"floor":8,"key":"Swift Potion"},{"floor":10,"key":"Weak Potion"},{"floor":12,"key":"Strength Potion"},{"floor":14,"key":"Weak Potion"},{"floor":20,"key":"Explosive Potion"},{"floor":22,"key":"Strength Potion"},{"floor":33,"key":"SteroidPotion"},{"floor":36,"key":"Swift Potion"},{"floor":40,"key":"PowerPotion"}],"is_trial":false,"path_per_floor":["M","?","?","?","T","E","M","M","T","M","M","M","R","M","R","B",null,"M","M","M","$","M","M","$","?","T","?","?","M","M","?","R","B",null,"M","M","?","?","M","E","R","M","T","R","?","$","R","M","R","B"],"character_chosen":"DEFECT","items_purchased":["Meat on the Bone","Self Repair","Amplify","Bottled Lightning","Seek","LiquidBronze","FocusPotion"],"campfire_rested":3,"item_purchase_floors":[21,21,21,24,24,46,46],"current_hp_per_floor":[75,75,68,68,68,70,72,63,63,53,44,13,35,22,44,17,75,39,41,30,30,38,44,44,28,38,38,66,53,42,42,42,42,42,42,37,27,27,38,42,42,31,31,42,42,42,42,42,42,17],"gold":41,"neow_bonus":"THREE_ENEMY_KILL","is_prod":false,"is_daily":false,"chose_seed":false,"campfire_upgraded":4,"win_rate":0.0,"timestamp":1529877200,"path_taken":["M","?","?","?","?","E","M","M","T","M","M","?","R","M","R","BOSS","M","M","M","$","M","M","$","?","T","?","?","?","M","?","R","BOSS","M","M","?","?","M","E","R","M","T","R","?","$","R","M","R","BOSS"],"build_version":"2018-06-21v2","purchased_purges":2,"victory":true,"max_hp_per_floor":[75,75,75,75,75,75,75,75,75,75,75,75,75,75,75,75,75,75,75,75,75,75,75,75,75,85,85,85,85,85,42,42,42,42,42,42,42,42,42,42,42,42,42,42,42,42,42,42,42,42],"card_choices":[{"not_picked":["Rebound","Sweeping Beam"],"picked":"Redo","floor":1},{"not_picked":["Storm","Hello World"],"picked":"Defragment","floor":6},{"not_picked":["Steam","Double Energy"],"picked":"Multi-Cast","floor":7},{"not_picked":["Blizzard","Go for the Eyes"],"picked":"BootSequence","floor":8},{"not_picked":["Scrape","Undo","Compile Driver"],"picked":"Chaos","floor":10},{"not_picked":["Go for the Eyes","Storm","Stack"],"picked":"Genetic Algorithm","floor":11},{"not_picked":["Redo","Ball Lightning","Chill"],"picked":"Static Discharge","floor":12},{"not_picked":["Compile Driver","FTL","Force Field"],"picked":"Beam Cell","floor":13},{"not_picked":["Rebound","Coolheaded","Cold Snap"],"picked":"Capacitor","floor":14},{"not_picked":["Sweeping Beam","Go for the Eyes","Cold Snap"],"picked":"Force Field","floor":15},{"not_picked":["Thunder Strike","Creative AI","Rainbow"],"picked":"Electrodynamics","floor":16},{"not_picked":["Darkness+1","Compile Driver","Streamline"],"picked":"Stack+1","floor":18},{"not_picked":["Hologram","Gash","Redo"],"picked":"Conserve Battery","floor":19},{"not_picked":["Darkness","Beam Cell+1","Conserve Battery"],"picked":"Storm","floor":20},{"not_picked":["Streamline","Coolheaded","Redo"],"picked":"Defragment+1","floor":22},{"not_picked":["Leap","Beam Cell+1","Barrage+1","Aggregate"],"picked":"SKIP","floor":23},{"not_picked":["Lockon","Redo","Scrape"],"picked":"Ball Lightning","floor":29},{"not_picked":["Amplify","Scrape+1","Reprogram"],"picked":"Auto Shields+1","floor":30},{"not_picked":["Rainbow","Machine Learning","Reboot"],"picked":"Echo Form","floor":33},{"not_picked":["Sweeping Beam+1","Storm+1","Go for the Eyes+1"],"picked":"Auto Shields","floor":35},{"not_picked":["Aggregate","Self Repair+1","Coolheaded"],"picked":"Conserve Battery+1","floor":36},{"not_picked":["Sadistic Nature","Panacea","Deep Breath"],"picked":"Dramatic Entrance","floor":37},{"not_picked":["Purity","Magnetism","Dark Shackles"],"picked":"Bandage Up","floor":37},{"not_picked":["Trip","Madness","Master of Strategy"],"picked":"Blind","floor":37},{"not_picked":["Lockon+1","Undo+1","Go for the Eyes+1"],"picked":"Loop","floor":39},{"not_picked":["All For One","Rebound+1","Ball Lightning"],"picked":"White Noise","floor":40},{"not_picked":["Sweeping Beam+1","Lockon","Chaos"],"picked":"Hologram+1","floor":42},{"not_picked":["Ball Lightning","Rebound","Beam Cell+1"],"picked":"Hologram+1","floor":48}],"player_experience":40761,"relics_obtained":[{"floor":5,"key":"Matryoshka"},{"floor":6,"key":"Potion Belt"},{"floor":9,"key":"Dream Catcher"},{"floor":9,"key":"Question Card"},{"floor":25,"key":"Necronomicon"},{"floor":26,"key":"Pear"},{"floor":26,"key":"Lantern"},{"floor":40,"key":"Bronze Scales"},{"floor":43,"key":"Omamori"}],"event_choices":[{"event_name":"Transmorgrifier","player_choice":"Transform","floor":2,"damage_taken":0},{"event_name":"Scrap Ooze","player_choice":"success","floor":3,"damage_taken":7},{"event_name":"Golden Shrine","player_choice":"Desecrate","floor":4,"damage_taken":0},{"event_name":"Cursed Tome","player_choice":"Obtained Book","floor":25,"damage_taken":0},{"event_name":"Purifier","player_choice":"One Purge","floor":27,"damage_taken":0},{"event_name":"The Library","player_choice":"Heal","floor":28,"damage_taken":0},{"event_name":"Ghosts","player_choice":"Became a Ghost","floor":31,"damage_taken":0},{"event_name":"SensoryStone","player_choice":"Memory 3","floor":37,"damage_taken":0},{"event_name":"Fountain of Cleansing","player_choice":"Removed Curse","floor":38,"damage_taken":0},{"event_name":"Purifier","player_choice":"One Purge","floor":45,"damage_taken":0}],"boss_relics":[{"not_picked":["Runic Pyramid","Black Star"],"picked":"Cursed Key"},{"not_picked":["Philosopher\u0027s Stone","Tiny House"],"picked":"Inserter"}],"items_purged_floors":[24,46],"is_endless":false,"potions_floor_spawned":[7,8,10,12,14,20,22,33,36,40],"ascension_level":0}