{"gold_per_floor":[114,114,131,131,143,177,177,196,275,275,290,303,323,357,357,462,462],"floor_reached":17,"playtime":2064,"items_purged":[],"score":169,"play_id":"b78336ec-3b66-49d9-9a12-94b1719f3006","local_time":"20190317163500","is_ascension_mode":false,"campfire_choices":[{"data":"Perfected Strike","floor":7,"key":"SMITH"},{"data":"True Grit","floor":15,"key":"SMITH"}],"neow_cost":"NONE","seed_source_timestamp":327073513929594,"circlet_count":0,"master_deck":["Strike_R","Strike_R","Strike_R","Strike_R","Strike_R","Defend_R+1","Defend_R+1","Defend_R","Bash","Clash","True Grit+1","Sword Boomerang","Perfected Strike+1","Uppercut","Burning Pact","Inflame","Flex","Double Tap"],"relics":["Burning Blood","NeowsBlessing","Calipers","War Paint","Shuriken","Molten Egg 2"],"potions_floor_usage":[10],"damage_taken":[{"damage":0,"enemies":"Jaw Worm","floor":1,"turns":1},{"damage":0,"enemies":"Cultist","floor":3,"turns":1},{"damage":0,"enemies":"Small Slimes","floor":5,"turns":1},{"damage":15,"enemies":"Gremlin Nob","floor":6,"turns":4},{"damage":6,"enemies":"3 Louse","floor":8,"turns":3},{"damage":1,"enemies":"2 Fungi Beasts","floor":11,"turns":3},{"damage":8,"enemies":"Exordium Wildlife","floor":12,"turns":3},{"damage":10,"enemies":"Looter","floor":13,"turns":3},{"damage":28,"enemies":"Lagavulin","floor":14,"turns":5},{"damage":46,"enemies":"Slime Boss","floor":16,"turns":10}],"seed_played":"-1871509846613079613","potions_obtained":[{"floor":3,"key":"SpeedPotion"},{"floor":6,"key":"Explosive Potion"},{"floor":8,"key":"Fruit Juice"},{"floor":10,"key":"BloodPotion"},{"floor":10,"key":"Poison Potion"},{"floor":10,"key":"Fire Potion"},{"floor":13,"key":"Strength Potion"}],"is_trial":false,"path_per_floor":["M","?","M","?","M","E","R","M","T","?","M","M","M","E","R","B",null],"character_chosen":"IRONCLAD","items_purchased":[],"campfire_rested":0,"item_purchase_floors":[],"current_hp_per_floor":[80,73,79,79,80,71,71,71,71,76,81,79,75,53,53,13,13],"gold":462,"neow_bonus":"THREE_ENEMY_KILL","is_prod":false,"is_daily":false,"chose_seed":false,"campfire_upgraded":2,"win_rate":0,"timestamp":1552808100,"path_taken":["M","?","M","?","?","E","R","M","T","?","M","M","?","E","R","BOSS"],"build_version":"2019-01-23","purchased_purges":0,"victory":false,"max_hp_per_floor":[80,80,80,80,80,80,80,80,80,85,85,85,85,85,85,85,85],"card_choices":[{"not_picked":["Perfected Strike","Flame Barrier"],"picked":"Clash","floor":1},{"not_picked":["Havoc","Fire Breathing"],"picked":"True Grit","floor":3},{"not_picked":["Wild Strike","Rupture"],"picked":"Sword Boomerang","floor":5},{"not_picked":["Twin Strike","Rupture"],"picked":"Perfected Strike","floor":6},{"not_picked":["Fiend Fire","Body Slam"],"picked":"Uppercut","floor":8},{"not_picked":["Headbutt","Fire Breathing"],"picked":"Burning Pact","floor":11},{"not_picked":["Iron Wave","Clothesline","Juggernaut"],"picked":"SKIP","floor":12},{"not_picked":["Thunderclap","Flex"],"picked":"Inflame","floor":13},{"not_picked":["Entrench","Wild Strike"],"picked":"Flex","floor":14},{"not_picked":["Berserk","Exhume"],"picked":"Double Tap","floor":16}],"player_experience":295728,"relics_obtained":[{"floor":6,"key":"War Paint"},{"floor":9,"key":"Shuriken"},{"floor":14,"key":"Molten Egg 2"}],"event_choices":[{"cards_removed":["Defend_R"],"damage_healed":0,"gold_gain":0,"player_choice":"Card Removal","damage_taken":7,"max_hp_gain":0,"max_hp_loss":0,"event_name":"Golden Wing","floor":2,"gold_loss":0},{"damage_healed":0,"gold_gain":0,"player_choice":"Gave Potion","damage_taken":0,"relics_obtained":["Calipers"],"max_hp_gain":0,"max_hp_loss":0,"event_name":"WeMeetAgain","floor":4,"gold_loss":0},{"damage_healed":0,"gold_gain":0,"player_choice":"Got Potions","damage_taken":0,"max_hp_gain":0,"max_hp_loss":0,"event_name":"Lab","floor":10,"gold_loss":0}],"is_beta":false,"boss_relics":[],"items_purged_floors":[],"is_endless":false,"potions_floor_spawned":[3,6,8,11,13,14],"ascension_level":0}