{"gold_per_floor":[118,293,307,324,324,354,366,366,411,411,424,443,443,470,470,566,566,532,340,340,340,352,387,387,486,486,486,512,512,182,200,200,200],"floor_reached":33,"playtime":1227,"items_purged":["Doubt"],"score":293,"play_id":"f580e652-6df7-443b-a601-fb38434cb499","local_time":"20190126202604","is_ascension_mode":false,"campfire_choices":[{"floor":8,"key":"REST"},{"floor":10,"key":"RECALL"},{"floor":13,"key":"REST"},{"floor":15,"key":"REST"},{"data":"Noxious Fumes","floor":24,"key":"SMITH"},{"floor":27,"key":"REST"},{"floor":29,"key":"DIG"},{"floor":32,"key":"REST"}],"neow_cost":"NONE","seed_source_timestamp":118111558701116,"circlet_count":0,"master_deck":["Defend_G+1","Defend_G+1","Defend_G+1","Defend_G+1","Defend_G+1","Strike_G+1","Strike_G+1","Survivor","Neutralize","Bane","Cloak And Dagger","Deadly Poison","Backflip","Deflect","Poisoned Stab","Acrobatics","Burst","Footwork","Noxious Fumes+1","Acrobatics","Dodge and Roll+1","Madness","Cloak And Dagger+1"],"relics":["Ring of the Snake","PreservedInsect","Paper Crane","Lantern","Empty Cage","Shovel","Shuriken","StoneCalendar","Orichalcum","Molten Egg 2","Bottled Tornado"],"potions_floor_usage":[14,14,14,28,33],"damage_taken":[{"damage":13,"enemies":"Jaw Worm","floor":1,"turns":7},{"damage":4,"enemies":"2 Louse","floor":3,"turns":3},{"damage":7,"enemies":"Cultist","floor":4,"turns":5},{"damage":26,"enemies":"3 Sentries","floor":6,"turns":9},{"damage":12,"enemies":"Blue Slaver","floor":7,"turns":4},{"damage":9,"enemies":"Exordium Thugs","floor":11,"turns":7},{"damage":15,"enemies":"Large Slime","floor":12,"turns":7},{"damage":13,"enemies":"Lagavulin","floor":14,"turns":5},{"damage":9,"enemies":"The Guardian","floor":16,"turns":12},{"damage":15,"enemies":"2 Thieves","floor":18,"turns":5},{"damage":13,"enemies":"Spheric Guardian","floor":22,"turns":6},{"damage":24,"enemies":"Book of Stabbing","floor":23,"turns":9},{"damage":15,"enemies":"Slavers","floor":28,"turns":7},{"damage":4,"enemies":"Shelled Parasite and Fungi","floor":31,"turns":7},{"damage":69,"enemies":"Collector","floor":33,"turns":5}],"seed_played":"4266772230759945589","potions_obtained":[{"floor":3,"key":"SteroidPotion"},{"floor":7,"key":"AttackPotion"},{"floor":11,"key":"PowerPotion"},{"floor":14,"key":"Fruit Juice"},{"floor":23,"key":"Dexterity Potion"},{"floor":28,"key":"Ancient Potion"}],"is_trial":false,"path_per_floor":["M","?","M","M","?","E","M","R","T","R","M","M","R","E","R","B",null,"M","$","?","T","M","E","R","?","T","R","E","R","$","M","R","B"],"character_chosen":"THE_SILENT","items_purchased":["Noxious Fumes","Acrobatics","Bottled Tornado","Madness"],"campfire_rested":5,"item_purchase_floors":[19,19,30,30],"current_hp_per_floor":[57,57,53,46,46,20,8,29,29,29,20,5,26,18,40,31,75,60,60,60,60,47,23,23,23,23,45,30,30,30,26,48,0],"gold":200,"neow_bonus":"RANDOM_COMMON_RELIC","is_prod":false,"is_daily":false,"chose_seed":false,"campfire_upgraded":1,"win_rate":0,"timestamp":1548530764,"path_taken":["M","?","M","M","?","E","M","R","T","R","M","?","R","E","R","BOSS","M","$","?","?","M","E","R","?","T","R","E","R","$","M","R","BOSS"],"build_version":"2019-01-23","purchased_purges":1,"victory":false,"max_hp_per_floor":[70,70,70,70,70,70,70,70,70,70,70,70,70,75,75,75,75,75,75,75,75,75,75,75,75,75,75,75,75,75,75,75,75],"card_choices":[{"not_picked":["Acrobatics","Underhanded Strike"],"picked":"Bane","floor":1},{"not_picked":["Flying Knee","Underhanded Strike","Outmaneuver"],"picked":"SKIP","floor":3},{"not_picked":["Infinite Blades","After Image"],"picked":"Cloak And Dagger","floor":4},{"not_picked":["Reflex","Flying Knee"],"picked":"Backflip","floor":6},{"not_picked":["Outmaneuver","Underhanded Strike"],"picked":"Deflect","floor":7},{"not_picked":["Dagger Throw","Slice"],"picked":"Poisoned Stab","floor":11},{"not_picked":["Prepared","Reflex"],"picked":"Acrobatics","floor":12},{"not_picked":["Grand Finale","Skewer","Escape Plan"],"picked":"SKIP","floor":14},{"not_picked":["Die Die Die","Tools of the Trade"],"picked":"Burst","floor":16},{"not_picked":["Deflect+1","Cloak And Dagger"],"picked":"Footwork","floor":18},{"not_picked":["Outmaneuver","Quick Slash","Endless Agony"],"picked":"SKIP","floor":22},{"not_picked":["Masterful Stab","Caltrops"],"picked":"Dodge and Roll+1","floor":23},{"not_picked":["Dagger Throw","Setup","Choke"],"picked":"SKIP","floor":28},{"not_picked":["Riddle With Holes+1","Accuracy"],"picked":"Cloak And Dagger+1","floor":31}],"player_experience":200604,"relics_obtained":[{"floor":6,"key":"Paper Crane"},{"floor":14,"key":"Lantern"},{"floor":21,"key":"Shovel"},{"floor":23,"key":"Shuriken"},{"floor":26,"key":"StoneCalendar"},{"floor":28,"key":"Orichalcum"},{"floor":29,"key":"Molten Egg 2"}],"event_choices":[{"damage_healed":0,"gold_gain":175,"player_choice":"AGREE","damage_taken":0,"max_hp_gain":0,"max_hp_loss":0,"event_name":"Liars Game","floor":2,"gold_loss":0,"cards_obtained":["Doubt"]},{"damage_healed":0,"gold_gain":0,"cards_transformed":["Strike_G"],"player_choice":"Transformed","damage_taken":0,"max_hp_gain":0,"max_hp_loss":0,"event_name":"Transmorgrifier","floor":5,"gold_loss":0,"cards_obtained":["Deadly Poison"]},{"damage_healed":0,"gold_gain":0,"player_choice":"Simplicity","damage_taken":0,"max_hp_gain":0,"max_hp_loss":0,"event_name":"Back to Basics","floor":20,"gold_loss":0,"cards_upgraded":["Defend_G","Defend_G","Defend_G","Defend_G","Defend_G","Strike_G","Strike_G"]},{"damage_healed":0,"gold_gain":99,"player_choice":"Stole From Cult","damage_taken":0,"max_hp_gain":0,"max_hp_loss":0,"event_name":"Nest","floor":25,"gold_loss":0}],"is_beta":false,"boss_relics":[{"not_picked":["Coffee Dripper","Ring of the Serpent"],"picked":"Empty Cage"}],"items_purged_floors":[19],"is_endless":false,"potions_floor_spawned":[3,7,11,14,23,28],"killed_by":"Collector","ascension_level":0}