{"gold_per_floor":[114,114,114,39,49,49,49,74,74,74,93,93,168,181,181,258,258,273,372,372,387,403,403,421,436,507,507,517,129,176,192,192,267,267,277,277,210,262,262,262,281,281,281,281,281,291,291,306,306,306],"floor_reached":51,"playtime":3786,"items_purged":["Strike_B","Defend_B"],"score":1213,"play_id":"f52456d7-5317-4bfd-aae4-c749719f14a5","local_time":"20190518113010","is_ascension_mode":true,"campfire_choices":[{"floor":6,"key":"REST"},{"data":"Echo Form","floor":10,"key":"SMITH"},{"data":"Go for the Eyes","floor":12,"key":"SMITH"},{"floor":15,"key":"REST"},{"floor":23,"key":"REST"},{"data":"Buffer","floor":27,"key":"SMITH"},{"data":"Conserve Battery","floor":32,"key":"SMITH"},{"data":"Glacier","floor":40,"key":"SMITH"},{"data":"Dualcast","floor":42,"key":"SMITH"},{"data":"Melter","floor":44,"key":"SMITH"},{"data":"Master of Strategy","floor":49,"key":"SMITH"}],"neow_cost":"TEN_PERCENT_HP_LOSS","seed_source_timestamp":8591403453910,"circlet_count":0,"master_deck":["AscendersBane","Defend_B+1","Zap+1","Dualcast+1","Steam","Echo Form+1","Buffer+1","Buffer+1","Blizzard+1","Rainbow+1","Melter+1","Chill+1","Conserve Battery+1","Glacier+1","Bandage Up","Self Repair+1","Self Repair+1","Double Energy+1","Master of Strategy+1","Deep Breath","Trip","Parasite"],"relics":["Cracked Core","War Paint","DataDisk","Singing Bowl","Astrolabe","Nilry\u0027s Codex","Frozen Egg 2","Art of War","Ancient Tea Set","Sozu","Ginger","Shuriken"],"potions_floor_usage":[22,25,25,31,38],"damage_taken":[{"damage":14,"enemies":"Small Slimes","floor":1,"turns":4},{"damage":0,"enemies":"Cultist","floor":5,"turns":4},{"damage":0,"enemies":"Lagavulin","floor":8,"turns":9},{"damage":3,"enemies":"Jaw Worm","floor":11,"turns":2},{"damage":4,"enemies":"2 Fungi Beasts","floor":14,"turns":4},{"damage":45,"enemies":"The Guardian","floor":16,"turns":11},{"damage":0,"enemies":"Shell Parasite","floor":18,"turns":6},{"damage":1,"enemies":"Chosen","floor":21,"turns":6},{"damage":5,"enemies":"Centurion and Healer","floor":22,"turns":5},{"damage":17,"enemies":"Chosen and Byrds","floor":24,"turns":8},{"damage":5,"enemies":"Shelled Parasite and Fungi","floor":25,"turns":6},{"damage":0,"enemies":"Snake Plant","floor":28,"turns":4},{"damage":0,"enemies":"3 Cultists","floor":31,"turns":6},{"damage":0,"enemies":"Automaton","floor":33,"turns":9},{"damage":6,"enemies":"3 Darklings","floor":35,"turns":6},{"damage":84,"enemies":"2 Orb Walkers","floor":38,"turns":7},{"damage":4,"enemies":"3 Shapes","floor":41,"turns":8},{"damage":0,"enemies":"Spire Growth","floor":46,"turns":6},{"damage":30,"enemies":"Writhing Mass","floor":48,"turns":7},{"damage":0,"enemies":"Donu and Deca","floor":50,"turns":12}],"seed_played":"-7804834291347030567","potions_obtained":[{"floor":16,"key":"Regen Potion"},{"floor":21,"key":"Block Potion"},{"floor":24,"key":"Ancient Potion"},{"floor":28,"key":"Strength Potion"},{"floor":33,"key":"AttackPotion"}],"is_trial":false,"path_per_floor":["M","?","?","$","M","R","?","E","T","R","M","R","?","M","R","B",null,"M","?","?","M","M","R","M","M","T","R","M","$","T","M","R","B",null,"M","?","$","?","?","R","M","R","T","R","?","M","?","M","R","B",null],"character_chosen":"DEFECT","items_purchased":["Art of War","Bandage Up","Energy Potion","Self Repair+1"],"campfire_rested":3,"item_purchase_floors":[29,29,29,37],"current_hp_per_floor":[54,42,42,42,42,62,67,67,67,67,66,66,55,53,76,31,66,66,66,50,49,46,69,54,64,64,64,64,64,64,70,70,74,81,81,81,81,11,95,95,97,97,97,97,97,97,87,93,93,99],"gold":306,"neow_bonus":"REMOVE_TWO","is_prod":false,"is_daily":false,"chose_seed":false,"campfire_upgraded":8,"win_rate":0,"timestamp":1558204210,"path_taken":["M","?","?","$","?","R","?","E","T","R","M","R","?","M","R","BOSS","M","?","?","M","M","R","M","M","T","R","M","$","?","M","R","BOSS","M","?","$","?","?","R","?","R","T","R","?","M","?","M","R","BOSS"],"build_version":"2019-01-23","purchased_purges":2,"victory":true,"max_hp_per_floor":[68,68,68,68,68,68,73,73,73,73,75,75,75,77,77,77,77,77,77,77,77,79,79,81,81,81,81,81,81,81,83,83,83,83,85,85,85,85,95,95,97,97,97,97,97,97,97,99,99,99],"card_choices":[{"not_picked":["Barrage","Stack","Beam Cell"],"picked":"SKIP","floor":1},{"not_picked":["Streamline","Compile Driver"],"picked":"Echo Form","floor":5},{"not_picked":["Steam","Amplify"],"picked":"Go for the Eyes","floor":8},{"not_picked":["Steam","Chaos","Lockon"],"picked":"Singing Bowl","floor":11},{"not_picked":["Compile Driver","Turbo","Beam Cell"],"picked":"Singing Bowl","floor":14},{"not_picked":["Biased Cognition","Creative AI"],"picked":"Buffer","floor":16},{"not_picked":["Ball Lightning","Cold Snap"],"picked":"Melter","floor":18},{"not_picked":["Recycle","Self Repair"],"picked":"Chill+1","floor":21},{"not_picked":["White Noise+1","Stack","Hello World"],"picked":"Singing Bowl","floor":22},{"not_picked":["Streamline","Go for the Eyes","Stack"],"picked":"Singing Bowl","floor":24},{"not_picked":["Coolheaded","Steam Power"],"picked":"Conserve Battery","floor":25},{"not_picked":["Coolheaded","Streamline"],"picked":"Glacier","floor":28},{"not_picked":["Cold Snap","Compile Driver","Steam"],"picked":"Singing Bowl","floor":31},{"not_picked":["Thunder Strike","Rainbow"],"picked":"Core Surge","floor":33},{"not_picked":["Cold Snap","Compile Driver","Gash"],"picked":"Singing Bowl","floor":35},{"not_picked":["Stack","Leap"],"picked":"Self Repair+1","floor":38},{"not_picked":["Static Discharge+1","Gash","Barrage+1"],"picked":"Singing Bowl","floor":41},{"not_picked":["Auto Shields","Gash+1"],"picked":"Double Energy+1","floor":46},{"not_picked":["Flash of Steel","Dramatic Entrance"],"picked":"Master of Strategy","floor":47},{"not_picked":["Purity","Bandage Up"],"picked":"Deep Breath","floor":47},{"not_picked":["Sadistic Nature+1","Finesse"],"picked":"Trip","floor":47},{"not_picked":["Ball Lightning","Cold Snap","Rebound+1"],"picked":"Singing Bowl","floor":48}],"player_experience":613473,"relics_obtained":[{"floor":8,"key":"DataDisk"},{"floor":9,"key":"Singing Bowl"},{"floor":20,"key":"Nilry\u0027s Codex"},{"floor":26,"key":"Frozen Egg 2"},{"floor":30,"key":"Ancient Tea Set"},{"floor":38,"key":"Ginger"},{"floor":43,"key":"Shuriken"}],"event_choices":[{"damage_healed":0,"gold_gain":0,"player_choice":"Success","damage_taken":12,"relics_obtained":["War Paint"],"max_hp_gain":0,"max_hp_loss":0,"event_name":"Scrap Ooze","floor":2,"gold_loss":0},{"damage_healed":0,"gold_gain":0,"player_choice":"1 cards matched","damage_taken":0,"max_hp_gain":0,"max_hp_loss":0,"event_name":"Match and Keep!","floor":3,"gold_loss":0,"cards_obtained":["Steam"]},{"damage_healed":0,"gold_gain":0,"player_choice":"Donut","damage_taken":0,"max_hp_gain":5,"max_hp_loss":0,"event_name":"Big Fish","floor":7,"gold_loss":0},{"damage_healed":0,"gold_gain":75,"player_choice":"Gather Gold","damage_taken":11,"max_hp_gain":0,"max_hp_loss":0,"event_name":"World of Goop","floor":13,"gold_loss":0},{"damage_healed":0,"gold_gain":99,"player_choice":"Stole From Cult","damage_taken":0,"max_hp_gain":0,"max_hp_loss":0,"event_name":"Nest","floor":19,"gold_loss":0},{"damage_healed":0,"gold_gain":0,"player_choice":"Obtained Book","damage_taken":16,"max_hp_gain":0,"max_hp_loss":0,"event_name":"Cursed Tome","floor":20,"gold_loss":0},{"damage_healed":0,"gold_gain":0,"player_choice":"Ignored","damage_taken":0,"max_hp_gain":0,"max_hp_loss":0,"event_name":"Tomb of Lord Red Mask","floor":36,"gold_loss":0},{"damage_healed":0,"gold_gain":0,"player_choice":"Fight","damage_taken":0,"max_hp_gain":0,"max_hp_loss":0,"event_name":"Mysterious Sphere","floor":38,"gold_loss":0},{"cards_removed":["Core Surge"],"damage_healed":74,"gold_gain":0,"player_choice":"Offered Rare","damage_taken":0,"max_hp_gain":10,"max_hp_loss":0,"event_name":"Bonfire Elementals","floor":39,"gold_loss":0},{"cards_removed":["Go for the Eyes"],"damage_healed":0,"gold_gain":0,"player_choice":"Removed Attack","damage_taken":0,"max_hp_gain":0,"max_hp_loss":0,"event_name":"Falling","floor":45,"gold_loss":0},{"damage_healed":0,"gold_gain":0,"player_choice":"Memory 3","damage_taken":10,"max_hp_gain":0,"max_hp_loss":0,"event_name":"SensoryStone","floor":47,"gold_loss":0}],"is_beta":false,"boss_relics":[{"not_picked":["Black Star","FrozenCore"],"picked":"Astrolabe"},{"not_picked":["Coffee Dripper","Empty Cage"],"picked":"Sozu"}],"items_purged_floors":[4,29],"is_endless":false,"potions_floor_spawned":[16,21,24,28,33,38,41,46],"ascension_level":13}