{"gold_per_floor":[119,129,54,64,83,83,83,103,103,26,26,41,56,74,74,170,170,190,210,229,229,239,239,258,258,258,258,258,278,296,196,196,196],"floor_reached":33,"playtime":891,"items_purged":["Defend_R","Bite"],"score":270,"play_id":"e406191c-72d9-4748-a928-f1b9d3675f65","local_time":"20190603212957","is_ascension_mode":false,"campfire_choices":[{"floor":15,"key":"REST"},{"floor":23,"key":"REST"},{"data":"Armaments","floor":25,"key":"SMITH"},{"data":"Limit Break","floor":28,"key":"SMITH"},{"floor":32,"key":"REST"}],"neow_cost":"NONE","seed_source_timestamp":54440550470060,"circlet_count":0,"master_deck":["Defend_R+1","Defend_R","Defend_R","Bash","Sword Boomerang","Shrug It Off","Pommel Strike","Cleave","Twin Strike","Inflame","Escape Plan+1","Feed","Sword Boomerang","Limit Break+1","Feed","Heavy Blade+1","Shrug It Off","Armaments+1","Bite","Bite","Bite","Bite","Clothesline+1"],"relics":["Sozu"],"potions_floor_usage":[],"damage_taken":[{"damage":1,"enemies":"Cultist","floor":1,"turns":3},{"damage":0,"enemies":"Small Slimes","floor":2,"turns":3},{"damage":0,"enemies":"2 Louse","floor":4,"turns":2},{"damage":8,"enemies":"Large Slime","floor":5,"turns":4},{"damage":8,"enemies":"Lots of Slimes","floor":8,"turns":4},{"damage":0,"enemies":"Red Slaver","floor":12,"turns":2},{"damage":7,"enemies":"3 Louse","floor":13,"turns":2},{"damage":10,"enemies":"Exordium Thugs","floor":14,"turns":6},{"damage":48,"enemies":"The Guardian","floor":16,"turns":12},{"damage":22,"enemies":"2 Thieves","floor":18,"turns":4},{"damage":18,"enemies":"3 Byrds","floor":19,"turns":6},{"damage":13,"enemies":"Snecko","floor":20,"turns":5},{"damage":19,"enemies":"Cultist and Chosen","floor":22,"turns":5},{"damage":27,"enemies":"3 Cultists","floor":24,"turns":5},{"damage":30,"enemies":"Snake Plant","floor":29,"turns":5},{"damage":10,"enemies":"Snecko","floor":30,"turns":4},{"damage":46,"enemies":"Collector","floor":33,"turns":3}],"seed_played":"1138330945250387511","potions_obtained":[],"is_trial":false,"path_per_floor":["M","M","$","M","M","?","?","M","T","$","?","M","M","M","R","B",null,"M","M","M","?","M","R","M","R","T","?","R","M","M","$","R","B"],"character_chosen":"IRONCLAD","items_purchased":["Inflame"],"campfire_rested":3,"item_purchase_floors":[10],"current_hp_per_floor":[79,79,79,79,71,55,55,47,47,47,47,47,43,36,61,16,89,70,58,45,45,29,59,32,32,32,32,32,13,14,14,36,0],"gold":196,"neow_bonus":"BOSS_RELIC","is_prod":false,"is_daily":false,"chose_seed":false,"campfire_upgraded":2,"win_rate":0,"timestamp":1559590197,"path_taken":["M","M","$","M","M","?","?","?","T","$","?","?","M","M","R","BOSS","M","M","M","?","?","R","M","R","T","?","R","M","M","$","R","BOSS"],"build_version":"2019-01-23","purchased_purges":2,"victory":false,"max_hp_per_floor":[80,80,80,80,80,80,80,80,80,80,80,80,83,86,86,89,89,92,98,98,98,101,101,101,101,101,70,70,73,76,76,76,76],"card_choices":[{"not_picked":["Second Wind","Clash"],"picked":"Sword Boomerang","floor":1},{"not_picked":["Blood for Blood","Power Through"],"picked":"Shrug It Off","floor":2},{"not_picked":["Headbutt","Clash"],"picked":"Pommel Strike","floor":4},{"not_picked":["Wild Strike","Reckless Charge"],"picked":"Cleave","floor":5},{"not_picked":["Iron Wave","Clash"],"picked":"Twin Strike","floor":8},{"not_picked":["Shrug It Off","Seeing Red"],"picked":"Feed","floor":12},{"not_picked":["Perfected Strike","Seeing Red"],"picked":"Sword Boomerang","floor":13},{"not_picked":["Warcry","Blood for Blood"],"picked":"Limit Break","floor":14},{"not_picked":["Berserk","Fiend Fire"],"picked":"Feed","floor":16},{"not_picked":["Headbutt+1","Anger"],"picked":"Heavy Blade+1","floor":18},{"not_picked":["Carnage","Iron Wave+1","Berserk"],"picked":"SKIP","floor":19},{"not_picked":["Body Slam+1","Thunderclap"],"picked":"Shrug It Off","floor":20},{"not_picked":["Flex","Warcry+1"],"picked":"Armaments","floor":22},{"not_picked":["True Grit+1","Flame Barrier","Sword Boomerang"],"picked":"SKIP","floor":24},{"not_picked":["Havoc","Searing Blow","Bloodletting"],"picked":"SKIP","floor":29},{"not_picked":["Seeing Red","Body Slam"],"picked":"Clothesline+1","floor":30}],"player_experience":294993,"relics_obtained":[],"event_choices":[{"damage_healed":0,"gold_gain":0,"player_choice":"Entered Light","damage_taken":16,"max_hp_gain":0,"max_hp_loss":0,"event_name":"Shining Light","floor":6,"gold_loss":0,"cards_upgraded":["Strike_R","Defend_R"]},{"cards_removed":["Strike_R"],"damage_healed":0,"gold_gain":0,"player_choice":"Offered Basic","damage_taken":0,"max_hp_gain":0,"max_hp_loss":0,"event_name":"Bonfire Elementals","floor":7,"gold_loss":0},{"cards_removed":["Strike_R"],"damage_healed":0,"gold_gain":0,"player_choice":"Took Card","damage_taken":0,"max_hp_gain":0,"max_hp_loss":0,"event_name":"NoteForYourself","floor":11,"gold_loss":0,"cards_obtained":["Escape Plan"]},{"damage_healed":0,"gold_gain":0,"player_choice":"Bought 0 Potions","damage_taken":0,"max_hp_gain":0,"max_hp_loss":0,"event_name":"The Woman in Blue","floor":21,"gold_loss":0},{"damage_healed":0,"gold_gain":0,"player_choice":"Became a vampire","damage_taken":0,"max_hp_gain":0,"max_hp_loss":31,"event_name":"Vampires","floor":27,"gold_loss":0,"cards_obtained":["Bite","Bite","Bite","Bite","Bite"]}],"is_beta":false,"boss_relics":[{"not_picked":["Calling Bell","Pandora\u0027s Box","Philosopher\u0027s Stone"]}],"items_purged_floors":[3,31],"is_endless":false,"potions_floor_spawned":[1,5,8,16,19,20,22],"killed_by":"Collector","ascension_level":0}