{"gold_per_floor":[116,133,58,58,111,143,157,171,222,236,68,88,100,111,111,215,215,229,229,239,3,3,3,20,40,40,60,72,72,83,8,8,112,112,123,133,83,43,59,88,88,104,177,177,30,41,53,72,72,72],"floor_reached":51,"playtime":3735,"items_purged":["Strike_B","Strike_B","Strike_B","Defend_B","Defend_B"],"score":955,"play_id":"d35e4352-2a75-4f7d-8d70-63b9215a6d16","local_time":"20190507155644","is_ascension_mode":true,"campfire_choices":[{"floor":15,"key":"REST"},{"data":"Scrape","floor":23,"key":"SMITH"},{"data":"Zap","floor":32,"key":"SMITH"},{"data":"Reinforced Body","floor":41,"key":"SMITH"},{"data":"Scrape","floor":44,"key":"SMITH"},{"floor":49,"key":"REST"}],"neow_cost":"NONE","seed_source_timestamp":294172421472072,"circlet_count":0,"master_deck":["Zap+1","Dualcast","Gash","Go for the Eyes","Reinforced Body+1","Chill","Sweeping Beam","Gash+1","BootSequence","Gash","Echo Form","Gash+1","Scrape+1","Beam Cell+1","Steam+1","Scrape+1","Chill+1","FTL+1","Steam+1","Panacea","Fission"],"relics":["Cracked Core","NeowsBlessing","Happy Flower","Bronze Scales","Smiling Mask","Runic Pyramid","Omamori","Mercury Hourglass","Blue Candle","WarpedTongs","Empty Cage","Symbiotic Virus","Ornamental Fan"],"potions_floor_usage":[16,16,16,25,40,40,50,50],"damage_taken":[{"damage":0,"enemies":"Cultist","floor":1,"turns":1},{"damage":0,"enemies":"Jaw Worm","floor":2,"turns":1},{"damage":0,"enemies":"Lagavulin","floor":6,"turns":1},{"damage":0,"enemies":"Small Slimes","floor":7,"turns":2},{"damage":9,"enemies":"Gremlin Gang","floor":8,"turns":7},{"damage":2,"enemies":"Red Slaver","floor":10,"turns":4},{"damage":1,"enemies":"Exordium Thugs","floor":12,"turns":5},{"damage":0,"enemies":"3 Louse","floor":13,"turns":2},{"damage":0,"enemies":"Looter","floor":14,"turns":4},{"damage":25,"enemies":"Slime Boss","floor":16,"turns":11},{"damage":0,"enemies":"Chosen","floor":18,"turns":6},{"damage":0,"enemies":"3 Byrds","floor":20,"turns":3},{"damage":0,"enemies":"3 Cultists","floor":24,"turns":4},{"damage":0,"enemies":"Snake Plant","floor":25,"turns":3},{"damage":0,"enemies":"Centurion and Healer","floor":27,"turns":4},{"damage":6,"enemies":"Cultist and Chosen","floor":28,"turns":5},{"damage":0,"enemies":"3 Cultists","floor":30,"turns":4},{"damage":6,"enemies":"Champ","floor":33,"turns":6},{"damage":0,"enemies":"3 Shapes","floor":35,"turns":5},{"damage":1,"enemies":"Orb Walker","floor":36,"turns":2},{"damage":0,"enemies":"Jaw Worm Horde","floor":39,"turns":4},{"damage":7,"enemies":"Nemesis","floor":40,"turns":7},{"damage":0,"enemies":"3 Darklings","floor":42,"turns":3},{"damage":0,"enemies":"Sphere and 2 Shapes","floor":46,"turns":4},{"damage":0,"enemies":"Writhing Mass","floor":47,"turns":5},{"damage":0,"enemies":"4 Shapes","floor":48,"turns":3},{"damage":31,"enemies":"Time Eater","floor":50,"turns":7}],"seed_played":"3152519862739058369","potions_obtained":[{"floor":2,"key":"Regen Potion"},{"floor":6,"key":"SteroidPotion"},{"floor":7,"key":"Ancient Potion"},{"floor":10,"key":"Poison Potion"},{"floor":16,"key":"Block Potion"},{"floor":18,"key":"AttackPotion"},{"floor":20,"key":"Ancient Potion"},{"floor":30,"key":"Strength Potion"},{"floor":33,"key":"LiquidBronze"},{"floor":40,"key":"SteroidPotion"},{"floor":46,"key":"SteroidPotion"},{"floor":47,"key":"FocusPotion"}],"is_trial":false,"path_per_floor":["M","M","$","?","T","E","M","M","T","M","$","M","M","M","R","B",null,"M","?","M","$","T","R","M","M","T","M","M","?","M","$","R","B",null,"M","M","$","?","M","E","R","M","T","R","$","M","M","M","R","B",null],"character_chosen":"DEFECT","items_purchased":["Gash","BootSequence","Scrape","Omamori","Scrape","Panacea"],"campfire_rested":2,"item_purchase_floors":[11,11,21,21,31,45],"current_hp_per_floor":[68,68,68,68,68,68,68,59,59,57,57,56,56,56,75,60,71,71,71,71,71,71,71,71,71,71,71,65,65,65,65,65,59,71,71,70,70,70,70,63,63,63,63,63,63,63,63,63,75,44],"gold":72,"neow_bonus":"THREE_ENEMY_KILL","is_prod":false,"is_daily":false,"chose_seed":false,"campfire_upgraded":4,"win_rate":0,"timestamp":1557269804,"path_taken":["M","M","?","?","?","E","?","M","T","M","$","M","M","M","R","BOSS","M","?","?","?","?","R","M","M","T","M","M","?","?","$","R","BOSS","M","M","$","?","?","E","R","M","T","R","?","M","M","M","R","BOSS"],"build_version":"2019-01-23","purchased_purges":5,"victory":true,"max_hp_per_floor":[75,75,75,75,75,75,75,75,75,75,75,75,75,75,75,75,75,75,75,75,75,75,75,75,75,75,75,75,75,75,75,75,75,75,75,75,75,75,75,75,75,75,75,75,75,75,75,75,75,75],"card_choices":[{"not_picked":["Streamline","Steam","Compile Driver"],"picked":"SKIP","floor":1},{"not_picked":["Reprogram","Rebound"],"picked":"Gash","floor":2},{"not_picked":["Beam Cell","Redo"],"picked":"Go for the Eyes","floor":6},{"not_picked":["Turbo","Undo"],"picked":"Reinforced Body","floor":7},{"not_picked":["Stack","Storm"],"picked":"Chill","floor":8},{"not_picked":["Ball Lightning","Capacitor"],"picked":"Sweeping Beam","floor":10},{"not_picked":["Rebound","Compile Driver","Thunder Strike"],"picked":"SKIP","floor":12},{"not_picked":["Hologram","Streamline","Ball Lightning"],"picked":"SKIP","floor":13},{"not_picked":["Hello World","Melter"],"picked":"Gash","floor":14},{"not_picked":["Seek","Fission"],"picked":"Echo Form","floor":16},{"not_picked":["Compile Driver+1","Turbo+1","Stack+1"],"picked":"SKIP","floor":18},{"not_picked":["Rip and Tear","Biased Cognition"],"picked":"Gash+1","floor":20},{"not_picked":["Sweeping Beam","Rebound+1","Undo"],"picked":"SKIP","floor":24},{"not_picked":["Heatsinks","Go for the Eyes"],"picked":"Beam Cell+1","floor":25},{"not_picked":["Rebound+1","Sweeping Beam+1"],"picked":"Steam+1","floor":27},{"not_picked":["Fission","Turbo+1","Stack"],"picked":"SKIP","floor":28},{"not_picked":["Compile Driver","Turbo","Sweeping Beam"],"picked":"SKIP","floor":30},{"not_picked":["Sunder","Turbo","Static Discharge"],"picked":"SKIP","floor":35},{"not_picked":["Stack+1","Skim"],"picked":"Chill","floor":36},{"not_picked":["Coolheaded+1","Hello World+1","Barrage+1"],"picked":"SKIP","floor":39},{"not_picked":["Self Repair+1","Ball Lightning"],"picked":"FTL+1","floor":40},{"not_picked":["Static Discharge+1","Hologram+1"],"picked":"Steam+1","floor":42},{"not_picked":["Cold Snap","Ball Lightning+1"],"picked":"Fission","floor":46},{"not_picked":["Conserve Battery","Melter","Rebound+1"],"picked":"SKIP","floor":47},{"not_picked":["Rebound","Sweeping Beam","Streamline"],"picked":"SKIP","floor":48}],"player_experience":309295,"relics_obtained":[{"floor":5,"key":"Happy Flower"},{"floor":6,"key":"Bronze Scales"},{"floor":9,"key":"Smiling Mask"},{"floor":22,"key":"Mercury Hourglass"},{"floor":26,"key":"Blue Candle"},{"floor":40,"key":"Symbiotic Virus"},{"floor":43,"key":"Ornamental Fan"}],"event_choices":[{"damage_healed":0,"gold_gain":0,"player_choice":"Ignored","damage_taken":0,"max_hp_gain":0,"max_hp_loss":0,"event_name":"Shining Light","floor":4,"gold_loss":0},{"cards_removed":["Strike_B"],"damage_healed":0,"gold_gain":0,"player_choice":"Offered Basic","damage_taken":0,"max_hp_gain":0,"max_hp_loss":0,"event_name":"Bonfire Elementals","floor":19,"gold_loss":0},{"damage_healed":0,"gold_gain":0,"player_choice":"Rummage","damage_taken":0,"relics_obtained":["WarpedTongs"],"max_hp_gain":0,"max_hp_loss":0,"event_name":"Accursed Blacksmith","floor":29,"gold_loss":0,"cards_obtained":["Pain"]},{"damage_healed":0,"gold_gain":0,"player_choice":"Upgraded Two","damage_taken":0,"max_hp_gain":0,"max_hp_loss":0,"event_name":"Designer","floor":38,"gold_loss":40,"cards_upgraded":["Gash","Chill"]}],"is_beta":false,"boss_relics":[{"not_picked":["Inserter","Eternal Feather"],"picked":"Runic Pyramid"},{"not_picked":["Calling Bell","Pandora\u0027s Box"],"picked":"Empty Cage"}],"items_purged_floors":[3,11,21,37,45],"is_endless":false,"potions_floor_spawned":[2,6,7,10,13,16,18,20,30,33,35,40,46,47],"ascension_level":8}