{"gold_per_floor":[113,188,204,204,222,222,234,234,259,259,291,310,310,344,344,423,423,435,445,43,43,93,93,113,143,143,143,174,191,221,237,237,316,316,332,380,380,270,45,45,71,83,83,95,125,125,50,68,68,68,68],"floor_reached":52,"playtime":2196,"items_purged":["Pain","Strike_R"],"score":2006,"play_id":"b57d0df2-2ab7-4e02-a1b5-88b04919f086","local_time":"20190603110449","is_ascension_mode":true,"campfire_choices":[{"data":"Inflame","floor":6.0,"key":"SMITH"},{"data":"Whirlwind","floor":8.0,"key":"SMITH"},{"data":"Bash","floor":10.0,"key":"SMITH"},{"data":"Evolve","floor":15.0,"key":"SMITH"},{"data":"True Grit","floor":23.0,"key":"SMITH"},{"data":"Offering","floor":27.0,"key":"SMITH"},{"data":"Rampage","floor":32.0,"key":"SMITH"},{"data":"Limit Break","floor":40.0,"key":"SMITH"},{"data":"Double Tap","floor":46.0,"key":"SMITH"},{"data":"Burning Pact","floor":49.0,"key":"SMITH"}],"neow_cost":"NONE","seed_source_timestamp":227718349075825,"circlet_count":0,"master_deck":["AscendersBane","Defend_R","Defend_R","Defend_R","Defend_R","Bash+1","Inflame+1","Battle Trance","Whirlwind+1","Shrug It Off","Power Through","Evolve+1","Offering+1","True Grit+1","Reaper","Reckless Charge+1","Anger","Feel No Pain+1","Flame Barrier","Shrug It Off","Rampage+1","Limit Break+1","Pommel Strike","Pommel Strike","Feel No Pain+1","Burning Pact+1","Headbutt","Heavy Blade","Battle Trance+1","Double Tap+1","Inflame+1","True Grit"],"special_seed":0,"relics":["Burning Blood","WarpedTongs","Oddly Smooth Stone","PreservedInsect","Omamori","Dream Catcher","Philosopher\u0027s Stone","Frozen Egg 2","Bird Faced Urn","Juzu Bracelet","Regal Pillow","Pear","Mark of Pain","Turnip","Bag of Marbles","Lantern","Letter Opener"],"potions_floor_usage":[51,51,51],"damage_taken":[{"damage":7.0,"enemies":"Small Slimes","floor":1.0,"turns":5.0},{"damage":4.0,"enemies":"Jaw Worm","floor":3.0,"turns":4.0},{"damage":6.0,"enemies":"Cultist","floor":5.0,"turns":3.0},{"damage":8.0,"enemies":"Looter","floor":7.0,"turns":3.0},{"damage":18.0,"enemies":"3 Sentries","floor":11.0,"turns":4.0},{"damage":8.0,"enemies":"Exordium Wildlife","floor":12.0,"turns":4.0},{"damage":11.0,"enemies":"Lagavulin","floor":14.0,"turns":5.0},{"damage":44.0,"enemies":"Slime Boss","floor":16.0,"turns":5.0},{"damage":13.0,"enemies":"2 Thieves","floor":18.0,"turns":2.0},{"damage":11.0,"enemies":"Chosen","floor":19.0,"turns":3.0},{"damage":18.0,"enemies":"Snecko","floor":24.0,"turns":5.0},{"damage":6.0,"enemies":"Gremlin Leader","floor":25.0,"turns":4.0},{"damage":27.0,"enemies":"Slavers","floor":28.0,"turns":3.0},{"damage":6.0,"enemies":"3 Cultists","floor":29.0,"turns":2.0},{"damage":7.0,"enemies":"Book of Stabbing","floor":30.0,"turns":3.0},{"damage":7.0,"enemies":"Centurion and Healer","floor":31.0,"turns":5.0},{"damage":77.0,"enemies":"Automaton","floor":33.0,"turns":11.0},{"damage":16.0,"enemies":"3 Shapes","floor":35.0,"turns":8.0},{"damage":30.0,"enemies":"2 Orb Walkers","floor":36.0,"turns":4.0},{"damage":56.0,"enemies":"Reptomancer","floor":41.0,"turns":5.0},{"damage":7.0,"enemies":"Orb Walker","floor":42.0,"turns":3.0},{"damage":6.0,"enemies":"Sphere and 2 Shapes","floor":44.0,"turns":3.0},{"damage":48.0,"enemies":"Nemesis","floor":45.0,"turns":9.0},{"damage":8.0,"enemies":"4 Shapes","floor":48.0,"turns":4.0},{"damage":41,"enemies":"Time Eater","floor":50,"turns":8},{"damage":36,"enemies":"Donu and Deca","floor":51,"turns":6}],"seed_played":"-5777482902339680695","potions_obtained":[{"floor":1.0,"key":"Fire Potion"},{"floor":5.0,"key":"SteroidPotion"},{"floor":11.0,"key":"Regen Potion"},{"floor":14.0,"key":"SteroidPotion"},{"floor":25.0,"key":"Regen Potion"},{"floor":28.0,"key":"Fire Potion"},{"floor":29.0,"key":"SkillPotion"},{"floor":30.0,"key":"Energy Potion"},{"floor":41.0,"key":"EntropicBrew"},{"floor":42.0,"key":"FearPotion"}],"is_trial":false,"path_per_floor":["M","?","M","?","M","R","M","R","T","R","E","M","?","E","R","B",null,"M","M","$","?","?","R","M","E","T","R","E","M","E","M","R","B",null,"M","?","?","?","$","R","E","M","T","M","E","R","$","M","R","B","B",null],"character_chosen":"IRONCLAD","items_purchased":["Frozen Egg 2","Energy Potion","Feel No Pain+1","Burning Pact","Inflame+1"],"campfire_rested":0,"item_purchase_floors":[20,20,39,39,47],"current_hp_per_floor":[67,56,58,58,58,58,56,56,56,56,44,42,42,51,51,13,60,53,48,48,48,48,48,40,64,64,64,55,73,85,85,85,27,71,83,65,65,65,65,65,35,49,49,81,41,41,41,73,73,81,81],"gold":68,"neow_bonus":"REMOVE_CARD","is_prod":false,"is_daily":false,"chose_seed":false,"campfire_upgraded":10,"win_rate":0,"timestamp":1559534689,"path_taken":["M","?","M","?","M","R","?","R","T","R","E","M","?","E","R","BOSS","M","M","$","?","?","R","M","E","T","R","E","M","E","M","R","BOSS","M","?","?","?","$","R","E","M","T","M","E","R","$","M","R","BOSS","BOSS"],"build_version":"2019-01-23","purchased_purges":2,"victory":true,"max_hp_per_floor":[75,75,75,75,75,75,75,75,75,75,75,75,75,75,75,75,75,75,75,75,75,75,75,75,75,75,75,75,75,85,85,85,85,85,85,85,81,81,81,81,81,81,81,81,81,81,81,81,81,81,81],"card_choices":[{"not_picked":["Warcry","Pummel"],"picked":"Inflame","floor":1.0},{"not_picked":["Heavy Blade","Inflame"],"picked":"Battle Trance","floor":3.0},{"not_picked":["Flex","Shockwave"],"picked":"Whirlwind","floor":5.0},{"not_picked":["Iron Wave","Cleave"],"picked":"Shrug It Off","floor":7.0},{"not_picked":["Body Slam","Bludgeon"],"picked":"Power Through","floor":11.0},{"not_picked":["Battle Trance","Sentinel"],"picked":"Evolve","floor":12.0},{"not_picked":["Seeing Red","Pummel","Sever Soul"],"picked":"SKIP","floor":14.0},{"not_picked":["Barricade","Reaper"],"picked":"Offering","floor":16.0},{"not_picked":["Combust","Pommel Strike"],"picked":"True Grit","floor":18.0},{"not_picked":["Twin Strike","Pommel Strike","Evolve+1"],"picked":"SKIP","floor":19.0},{"not_picked":["Havoc","Armaments"],"picked":"Anger","floor":24.0},{"not_picked":["Headbutt","Berserk+1"],"picked":"Feel No Pain+1","floor":25.0},{"not_picked":["Dropkick","Heavy Blade"],"picked":"Flame Barrier","floor":28.0},{"not_picked":["Anger","Clash","Cleave"],"picked":"SKIP","floor":29.0},{"not_picked":["Anger","Clash","Cleave"],"picked":"SKIP","floor":29.0},{"not_picked":["Reckless Charge","Wild Strike"],"picked":"Shrug It Off","floor":30.0},{"not_picked":["Pommel Strike","Bludgeon"],"picked":"Rampage","floor":31.0},{"not_picked":["Juggernaut+1","Fiend Fire"],"picked":"Limit Break","floor":33.0},{"not_picked":["Fire Breathing+1","Warcry"],"picked":"Pommel Strike","floor":35.0},{"not_picked":["Spot Weakness","Flex+1"],"picked":"Pommel Strike","floor":36.0},{"not_picked":["Thunderclap","Evolve+1"],"picked":"Headbutt","floor":41.0},{"not_picked":["Warcry","Twin Strike"],"picked":"Heavy Blade","floor":42.0},{"not_picked":["Pummel","Combust+1"],"picked":"Battle Trance+1","floor":44.0},{"not_picked":["Shrug It Off","Blood for Blood+1"],"picked":"Double Tap","floor":45.0},{"not_picked":["Clothesline","Thunderclap+1"],"picked":"True Grit","floor":48.0}],"player_experience":536368,"relics_obtained":[{"floor":9.0,"key":"Oddly Smooth Stone"},{"floor":11.0,"key":"PreservedInsect"},{"floor":14.0,"key":"Dream Catcher"},{"floor":25.0,"key":"Bird Faced Urn"},{"floor":26.0,"key":"Juzu Bracelet"},{"floor":28.0,"key":"Regal Pillow"},{"floor":30.0,"key":"Pear"},{"floor":36.0,"key":"Turnip"},{"floor":41.0,"key":"Bag of Marbles"},{"floor":43.0,"key":"Lantern"},{"floor":45.0,"key":"Letter Opener"}],"event_choices":[{"damage_healed":0.0,"max_hp_gain":0.0,"max_hp_loss":0.0,"gold_gain":75.0,"event_name":"World of Goop","player_choice":"Gather Gold","floor":2.0,"gold_loss":0.0,"damage_taken":11.0},{"damage_healed":0.0,"max_hp_gain":0.0,"max_hp_loss":0.0,"gold_gain":0.0,"event_name":"Accursed Blacksmith","player_choice":"Rummage","floor":4.0,"gold_loss":0.0,"damage_taken":0.0,"relics_obtained":["WarpedTongs"],"cards_obtained":["Pain"]},{"damage_healed":0.0,"max_hp_gain":0.0,"max_hp_loss":0.0,"gold_gain":0.0,"event_name":"Dead Adventurer","player_choice":"Searched \u00271\u0027 times","floor":13.0,"gold_loss":0.0,"damage_taken":0.0,"relics_obtained":["Omamori"]},{"damage_healed":0.0,"max_hp_gain":0.0,"max_hp_loss":0.0,"gold_gain":0.0,"cards_transformed":["Strike_R","Strike_R"],"event_name":"Drug Dealer","player_choice":"Became Test Subject","floor":21.0,"gold_loss":0.0,"damage_taken":0.0,"cards_obtained":["Reaper","Reckless Charge"]},{"damage_healed":0.0,"max_hp_gain":0.0,"max_hp_loss":0.0,"gold_gain":50.0,"event_name":"Nest","player_choice":"Stole From Cult","floor":22.0,"gold_loss":0.0,"damage_taken":0.0},{"damage_healed":0.0,"max_hp_gain":0.0,"max_hp_loss":0.0,"gold_gain":0.0,"event_name":"Mysterious Sphere","player_choice":"Fight","floor":36.0,"gold_loss":0.0,"damage_taken":0.0},{"damage_healed":0.0,"max_hp_gain":0.0,"max_hp_loss":4.0,"gold_gain":0.0,"event_name":"Winding Halls","player_choice":"Max HP","floor":37.0,"gold_loss":0.0,"damage_taken":0.0},{"cards_removed":["Strike_R"],"damage_healed":0.0,"max_hp_gain":0.0,"max_hp_loss":0.0,"gold_gain":0.0,"event_name":"Designer","player_choice":"Upgrade and Remove","floor":38.0,"gold_loss":110.0,"damage_taken":0.0,"cards_upgraded":["Reckless Charge"]}],"is_beta":false,"boss_relics":[{"not_picked":["Calling Bell","Runic Pyramid"],"picked":"Philosopher\u0027s Stone"},{"not_picked":["Snecko Eye","Runic Cube"],"picked":"Mark of Pain"}],"items_purged_floors":[20,39],"is_endless":false,"potions_floor_spawned":[1,5,11,14,25,28,29,30,33,41,42,44,48],"ascension_level":20}