{"gold_per_floor":[113,63,39,50,64,64,79,79,103,103,116,130,130,55,55,158,158,170,189,208,108,108,108,108,108,108,108,128,128,147,98,98,194,194,210,229,239,258,148,148,164,164,164,164,177,193,206,217,217,217],"floor_reached":51,"playtime":4012,"items_purged":["Strike_B","Defend_B"],"score":930,"play_id":"c011db39-6d6b-4d1c-adb5-860be479664d","local_time":"20190508171422","is_ascension_mode":true,"campfire_choices":[{"data":"Conserve Battery","floor":6,"key":"SMITH"},{"data":"Streamline","floor":8,"key":"SMITH"},{"floor":13,"key":"REST"},{"data":"Zap","floor":15,"key":"SMITH"},{"floor":23,"key":"REST"},{"floor":25,"key":"REST"},{"data":"Buffer","floor":27,"key":"SMITH"},{"floor":29,"key":"REST"},{"data":"Dualcast","floor":32,"key":"SMITH"},{"floor":40,"key":"REST"},{"floor":42,"key":"REST"},{"floor":44,"key":"REST"},{"floor":49,"key":"REST"}],"neow_cost":"NONE","seed_source_timestamp":310060296774432,"circlet_count":0,"master_deck":["AscendersBane","Zap+1","Dualcast+1","Conserve Battery+1","BootSequence","Streamline+1","Gash","Buffer+1","Hologram+1","Melter+1","Machine Learning+1","Gash","FTL+1","All For One","Compile Driver+1","Hologram+1","Go for the Eyes+1","Leap","FTL","Gash","Conserve Battery+1"],"relics":["Empty Cage","Omamori","Astrolabe","Dodecahedron","Nuclear Battery","Emotion Chip"],"potions_floor_usage":[16,16,16,30,33,33,38,45,47,47,50],"damage_taken":[{"damage":4,"enemies":"Small Slimes","floor":1,"turns":4},{"damage":0,"enemies":"Jaw Worm","floor":4,"turns":5},{"damage":0,"enemies":"Cultist","floor":5,"turns":4},{"damage":0,"enemies":"Exordium Wildlife","floor":7,"turns":5},{"damage":1,"enemies":"2 Fungi Beasts","floor":11,"turns":4},{"damage":10,"enemies":"Gremlin Gang","floor":12,"turns":5},{"damage":83,"enemies":"Hexaghost","floor":16,"turns":14},{"damage":20,"enemies":"3 Byrds","floor":18,"turns":6},{"damage":0,"enemies":"Chosen","floor":19,"turns":4},{"damage":23,"enemies":"Snake Plant","floor":20,"turns":4},{"damage":3,"enemies":"Centurion and Healer","floor":28,"turns":4},{"damage":0,"enemies":"Snecko","floor":30,"turns":4},{"damage":71,"enemies":"Collector","floor":33,"turns":6},{"damage":0,"enemies":"Orb Walker","floor":35,"turns":3},{"damage":34,"enemies":"3 Darklings","floor":36,"turns":4},{"damage":0,"enemies":"Transient","floor":37,"turns":5},{"damage":13,"enemies":"Spire Growth","floor":38,"turns":4},{"damage":0,"enemies":"Sphere and 2 Shapes","floor":41,"turns":2},{"damage":0,"enemies":"Jaw Worm Horde","floor":45,"turns":3},{"damage":16,"enemies":"Writhing Mass","floor":46,"turns":7},{"damage":19,"enemies":"Transient","floor":47,"turns":5},{"damage":0,"enemies":"Sphere and 2 Shapes","floor":48,"turns":8},{"damage":55,"enemies":"Donu and Deca","floor":50,"turns":7}],"seed_played":"222783335510603758","potions_obtained":[{"floor":11,"key":"Swift Potion"},{"floor":12,"key":"Regen Potion"},{"floor":16,"key":"Fruit Juice"},{"floor":18,"key":"FearPotion"},{"floor":20,"key":"FearPotion"},{"floor":37,"key":"SkillPotion"},{"floor":41,"key":"FearPotion"},{"floor":47,"key":"Fruit Juice"},{"floor":48,"key":"Dexterity Potion"}],"is_trial":false,"path_per_floor":["M","?","?","M","M","R","M","R","T","T","M","M","R","$","R","B",null,"M","M","M","$","?","R","?","R","T","R","M","R","M","$","R","B",null,"M","M","M","M","$","R","M","R","T","R","M","M","M","M","R","B",null],"character_chosen":"DEFECT","items_purchased":["Block Potion","FTL","EssenceOfSteel"],"campfire_rested":8,"item_purchase_floors":[31,39,39],"current_hp_per_floor":[64,64,64,64,64,64,64,64,64,64,63,53,75,75,75,12,63,43,43,20,20,20,44,44,68,68,68,65,80,80,80,80,9,62,62,28,28,15,15,39,39,63,63,80,80,64,50,50,75,20],"gold":217,"neow_bonus":"BOSS_RELIC","is_prod":false,"is_daily":false,"chose_seed":false,"campfire_upgraded":5,"win_rate":0,"timestamp":1557360862,"path_taken":["M","?","?","M","M","R","M","R","T","?","M","?","R","$","R","BOSS","M","M","M","$","?","R","?","R","T","R","?","R","M","$","R","BOSS","M","M","?","M","$","R","M","R","T","R","M","M","M","M","R","BOSS"],"build_version":"2019-01-23","purchased_purges":2,"victory":true,"max_hp_per_floor":[75,75,75,75,75,75,75,75,75,75,75,75,75,75,75,80,80,80,80,80,80,80,80,80,80,80,80,80,80,80,80,80,80,80,80,80,80,80,80,80,80,80,80,80,80,80,85,85,85,85],"card_choices":[{"not_picked":["Coolheaded","Reinforced Body"],"picked":"Conserve Battery","floor":1},{"not_picked":["Barrage","Coolheaded"],"picked":"BootSequence","floor":4},{"not_picked":["Electrodynamics","Ball Lightning","Streamline"],"picked":"SKIP","floor":5},{"not_picked":["Go for the Eyes","Beam Cell"],"picked":"Streamline","floor":7},{"not_picked":["Compile Driver","Steam","Leap"],"picked":"SKIP","floor":11},{"not_picked":["Sweeping Beam","Multi-Cast"],"picked":"Gash","floor":12},{"not_picked":["Core Surge","Reboot"],"picked":"Buffer","floor":16},{"not_picked":["Skim","Compile Driver","Recycle"],"picked":"SKIP","floor":18},{"not_picked":["Redo","Ball Lightning"],"picked":"Gash","floor":19},{"not_picked":["Recycle","Blizzard"],"picked":"FTL+1","floor":20},{"not_picked":["Consume","Stack+1","Leap"],"picked":"SKIP","floor":28},{"not_picked":["Beam Cell","Sweeping Beam+1","Biased Cognition"],"picked":"SKIP","floor":30},{"not_picked":["Meteor Strike","Fission"],"picked":"All For One","floor":33},{"not_picked":["Streamline+1","Scrape+1"],"picked":"Compile Driver+1","floor":35},{"not_picked":["Sweeping Beam","Stack"],"picked":"Hologram+1","floor":36},{"not_picked":["Cold Snap","Turbo"],"picked":"Go for the Eyes+1","floor":37},{"not_picked":["Melter","Rebound"],"picked":"Leap","floor":38},{"not_picked":["Stack+1","Steam Power","Capacitor"],"picked":"SKIP","floor":41},{"not_picked":["Rip and Tear+1","Fission"],"picked":"Gash","floor":45},{"not_picked":["Streamline+1","Static Discharge+1","Sweeping Beam+1"],"picked":"SKIP","floor":46},{"not_picked":["Defragment","Self Repair+1","Recycle+1"],"picked":"SKIP","floor":47},{"not_picked":["Chill","Beam Cell+1"],"picked":"Conserve Battery+1","floor":48}],"player_experience":323274,"relics_obtained":[{"floor":9,"key":"Omamori"},{"floor":26,"key":"Dodecahedron"},{"floor":43,"key":"Emotion Chip"}],"event_choices":[{"cards_removed":["Defend_B"],"damage_healed":0,"gold_gain":0,"player_choice":"Card Removal","damage_taken":0,"max_hp_gain":0,"max_hp_loss":0,"event_name":"The Cleric","floor":2,"gold_loss":50},{"damage_healed":0,"gold_gain":0,"player_choice":"Left Gold","damage_taken":0,"max_hp_gain":0,"max_hp_loss":0,"event_name":"World of Goop","floor":3,"gold_loss":24},{"damage_healed":0,"gold_gain":0,"player_choice":"Ignored","damage_taken":0,"max_hp_gain":0,"max_hp_loss":0,"event_name":"Ghosts","floor":22,"gold_loss":0},{"damage_healed":0,"gold_gain":0,"player_choice":"Ignored","damage_taken":0,"max_hp_gain":0,"max_hp_loss":0,"event_name":"Vampires","floor":24,"gold_loss":0}],"is_beta":false,"boss_relics":[{"not_picked":["Coffee Dripper","Runic Pyramid"],"picked":"Astrolabe"},{"not_picked":["Tiny House","White Beast Statue"],"picked":"Nuclear Battery"}],"items_purged_floors":[14,21],"is_endless":false,"potions_floor_spawned":[11,12,16,18,20,37,41,47,48],"ascension_level":10}