{"path_per_floor":["M","M","M","M","?","E","?","M","T","R","M","T","M","M","R"],"character_chosen":"IRONCLAD","items_purchased":[],"gold_per_floor":[109,119,137,152,152,187,262,280,307,307,320,320,336,348,348,348],"floor_reached":16,"campfire_rested":1,"playtime":449,"current_hp_per_floor":[80,80,75,67,72,30,19,20,20,20,23,30,24,12,39,0],"items_purged":[],"gold":348,"score":106,"play_id":"9a6d82f4-3fef-4d04-bbaa-3369c3a57099","local_time":"20180410115044","is_prod":false,"is_daily":false,"is_ascension_mode":false,"campfire_upgraded":1,"timestamp":1523328644,"path_taken":["M","M","M","?","?","E","?","?","T","R","M","?","M","M","R","BOSS"],"build_version":"2018-04-05v2","purchased_purges":0,"victory":false,"master_deck":["Strike_R","Strike_R","Strike_R","Strike_R","Strike_R","Defend_R","Defend_R","Defend_R","Defend_R","Bash","Shrug It Off","Flame Barrier","Flame Barrier","True Grit+1","Juggernaut","Heavy Blade","Seeing Red","Heavy Blade","Flex"],"max_hp_per_floor":[80,80,80,80,85,85,85,85,85,85,85,92,92,92,92,92],"relics":["Burning Blood","Bag of Marbles","Centennial Puzzle","Lantern","Strawberry"],"card_choices":[{"not_picked":["Rupture","Armaments"],"picked":"Shrug It Off","floor":1},{"not_picked":["Second Wind","Headbutt"],"picked":"Flame Barrier","floor":2},{"not_picked":["Bloodletting","Havoc"],"picked":"Flame Barrier","floor":3},{"not_picked":["Cleave","Pommel Strike"],"picked":"True Grit","floor":4},{"not_picked":["Clothesline","Havoc"],"picked":"Juggernaut","floor":6},{"not_picked":["Shockwave","Rage"],"picked":"Heavy Blade","floor":8},{"not_picked":["Headbutt","Cleave"],"picked":"Seeing Red","floor":11},{"not_picked":["Combust","Cleave"],"picked":"Heavy Blade","floor":13},{"not_picked":["Body Slam","Ghostly Armor"],"picked":"Flex","floor":14}],"player_experience":120946,"potions_floor_usage":[],"damage_taken":[{"damage":6,"enemies":"Cultist","floor":1,"turns":3},{"damage":6,"enemies":"2 Louse","floor":2,"turns":2},{"damage":11,"enemies":"Jaw Worm","floor":3,"turns":3},{"damage":14,"enemies":"Blue Slaver","floor":4,"turns":3},{"damage":48,"enemies":"3 Sentries","floor":6,"turns":13},{"damage":5,"enemies":"3 Louse","floor":8,"turns":3},{"damage":3,"enemies":"Red Slaver","floor":11,"turns":4},{"damage":12,"enemies":"Blue Slaver","floor":13,"turns":3},{"damage":18,"enemies":"Lots of Slimes","floor":14,"turns":3},{"damage":41,"enemies":"Slime Boss","floor":16,"turns":5}],"event_choices":[{"event_name":"Big Fish","player_choice":"Donut","floor":5,"damage_taken":0},{"event_name":"World of Goop","player_choice":"Gather Gold","floor":7,"damage_taken":0}],"boss_relics":[],"potions_floor_spawned":[1,6,13,14],"seed_played":"-2082777345742230264","killed_by":"Slime Boss","ascension_level":0,"is_trial":false}