{"gold_per_floor":[118,118,134,147,161,175,194,222,249,269,269,283,283,322,322,452,452,470,470,470,745,233,233,233],"floor_reached":24,"playtime":1014,"items_purged":["Regret"],"score":333,"play_id":"4b2c6f60-44ee-45a2-a2ef-0a49e7a7b61b","local_time":"20190422131703","daily_mods":["Diverse"],"is_ascension_mode":false,"campfire_choices":[{"floor":15,"key":"REST"},{"data":"Armaments","floor":23,"key":"SMITH"}],"neow_cost":"","seed_source_timestamp":634499797701179,"circlet_count":0,"master_deck":["Defend_R","Defend_R","Defend_R","Defend_R","Bash","Blade Dance","Demon Form","True Grit","Conserve Battery","Dagger Spray","White Noise","Loop","Escape Plan","Conserve Battery","Flying Knee+1","Injury","Armaments+1","Venomology","Thunderclap+1","Bite+1","Bite+1","Bite+1","Bite+1","Bite+1","Noxious Fumes","Dagger Spray+1","Doom and Gloom+1","Exhume"],"relics":["Burning Blood","Molten Egg 2","Oddly Smooth Stone","GremlinMask","Golden Idol","Potion Belt","Philosopher\u0027s Stone","Bronze Scales"],"potions_floor_usage":[8,14,16,24,24],"damage_taken":[{"damage":13,"enemies":"Jaw Worm","floor":1,"turns":3},{"damage":10,"enemies":"Cultist","floor":3,"turns":4},{"damage":0,"enemies":"2 Louse","floor":4,"turns":3},{"damage":19,"enemies":"Blue Slaver","floor":5,"turns":4},{"damage":4,"enemies":"3 Louse","floor":6,"turns":3},{"damage":10,"enemies":"Looter","floor":7,"turns":2},{"damage":25,"enemies":"3 Sentries","floor":8,"turns":4},{"damage":6,"enemies":"Gremlin Gang","floor":10,"turns":3},{"damage":10,"enemies":"3 Louse","floor":12,"turns":4},{"damage":19,"enemies":"Gremlin Nob","floor":14,"turns":5},{"damage":35,"enemies":"Slime Boss","floor":16,"turns":8},{"damage":30,"enemies":"3 Byrds","floor":18,"turns":5},{"damage":68,"enemies":"Book of Stabbing","floor":24,"turns":5}],"seed_played":"-1300474006431630719","potions_obtained":[{"floor":3,"key":"EssenceOfSteel"},{"floor":4,"key":"SkillPotion"},{"floor":5,"key":"SpeedPotion"},{"floor":10,"key":"Ancient Potion"}],"is_trial":true,"path_per_floor":["M","?","M","M","M","M","M","E","T","M","?","M","?","E","R","B",null,"M","?","?","?","$","R","E"],"character_chosen":"IRONCLAD","items_purchased":["Noxious Fumes","Dagger Spray+1","Doom and Gloom+1","Exhume","Bronze Scales"],"campfire_rested":1,"item_purchase_floors":[22,22,22,22,22],"current_hp_per_floor":[73,73,69,75,62,64,60,41,41,41,41,37,37,24,48,19,80,56,56,56,56,56,56,0],"gold":233,"neow_bonus":"","is_prod":false,"is_daily":false,"chose_seed":false,"campfire_upgraded":1,"win_rate":0,"timestamp":1555931823,"path_taken":["M","?","M","?","M","M","M","E","T","M","?","?","?","E","R","BOSS","M","?","?","?","$","R","E"],"build_version":"2019-01-23","purchased_purges":1,"victory":false,"max_hp_per_floor":[80,80,80,80,80,80,80,80,80,80,80,80,80,80,80,80,80,80,56,56,56,56,56,56],"card_choices":[{"not_picked":["Gash","Expertise"],"picked":"Blade Dance","floor":1},{"not_picked":["Expertise","Thunderclap"],"picked":"Conserve Battery","floor":3},{"not_picked":["Sucker Punch","Flame Barrier"],"picked":"Dagger Spray","floor":4},{"not_picked":["Searing Blow","Heavy Blade"],"picked":"White Noise","floor":5},{"not_picked":["PiercingWail","Spot Weakness"],"picked":"Loop","floor":6},{"not_picked":["Underhanded Strike","Burning Pact","Beam Cell"],"picked":"SKIP","floor":7},{"not_picked":["Concentrate","Night Terror"],"picked":"Escape Plan","floor":8},{"not_picked":["Body Slam+1","Sentinel"],"picked":"Conserve Battery","floor":10},{"not_picked":["Acrobatics","Cleave+1"],"picked":"Flying Knee+1","floor":12},{"not_picked":["Clothesline+1","Turbo"],"picked":"Armaments","floor":14},{"not_picked":["Burst","Juggernaut"],"picked":"Venomology","floor":16},{"not_picked":["Leap","Deadly Poison"],"picked":"Thunderclap+1","floor":18}],"player_experience":255930,"relics_obtained":[{"floor":8,"key":"Molten Egg 2"},{"floor":9,"key":"Oddly Smooth Stone"},{"floor":14,"key":"Potion Belt"}],"event_choices":[{"damage_healed":0,"gold_gain":0,"player_choice":"2 cards matched","damage_taken":0,"max_hp_gain":0,"max_hp_loss":0,"event_name":"Match and Keep!","floor":2,"gold_loss":0,"cards_obtained":["Demon Form","True Grit"]},{"damage_healed":0,"gold_gain":0,"player_choice":"Trade","damage_taken":0,"relics_obtained":["GremlinMask"],"max_hp_gain":0,"max_hp_loss":0,"event_name":"FaceTrader","floor":11,"gold_loss":0},{"damage_healed":0,"gold_gain":0,"player_choice":"Take Wound","damage_taken":0,"relics_obtained":["Golden Idol"],"max_hp_gain":0,"max_hp_loss":0,"event_name":"Golden Idol","floor":13,"gold_loss":0,"cards_obtained":["Injury"]},{"damage_healed":0,"gold_gain":0,"player_choice":"Became a vampire","damage_taken":0,"max_hp_gain":0,"max_hp_loss":24,"event_name":"Vampires","floor":19,"gold_loss":0,"cards_obtained":["Bite","Bite","Bite","Bite","Bite"]},{"damage_healed":0,"gold_gain":0,"player_choice":"Ignored","damage_taken":0,"max_hp_gain":0,"max_hp_loss":0,"event_name":"Ghosts","floor":20,"gold_loss":0},{"damage_healed":0,"gold_gain":275,"player_choice":"Desecrate","damage_taken":0,"max_hp_gain":0,"max_hp_loss":0,"event_name":"Golden Shrine","floor":21,"gold_loss":0,"cards_obtained":["Regret"]}],"is_beta":false,"boss_relics":[{"not_picked":["Velvet Choker","Empty Cage"],"picked":"Philosopher\u0027s Stone"}],"items_purged_floors":[22],"is_endless":true,"potions_floor_spawned":[3,4,5,10,12],"killed_by":"Book of Stabbing","ascension_level":0}