{"gold_per_floor":[119,143,158,158,333,364,364,378,426,426,437,468,23,42,42,145,145,162,162,162,18,36,36],"floor_reached":23,"playtime":841,"items_purged":["Enlightenment"],"score":224,"play_id":"4c9432ea-c72d-4031-9bef-5b6312a3e80a","local_time":"20181125200847","is_ascension_mode":false,"campfire_choices":[{"data":"Doubt","floor":7,"key":"PURGE"},{"data":"Strike_G","floor":10,"key":"PURGE"},{"data":"After Image","floor":15,"key":"SMITH"}],"neow_cost":"NONE","seed_source_timestamp":179914564480756,"circlet_count":0,"master_deck":["Defend_G","Defend_G","Defend_G+1","Defend_G","Defend_G","Strike_G","Strike_G","Strike_G","Survivor+1","Neutralize","Poisoned Stab","Flying Knee","Infinite Blades","Poisoned Stab","Blur","After Image+1","Infinite Blades","Deflect","The Bomb","Ghostly Armor","Noxious Fumes"],"relics":["Ring of the Snake","NeowsBlessing","War Paint","Peace Pipe","Gremlin Horn","PrismaticShard","Bag of Marbles","Eternal Feather"],"potions_floor_usage":[12,18,19],"damage_taken":[{"damage":0,"enemies":"Cultist","floor":1,"turns":1},{"damage":0,"enemies":"2 Louse","floor":3,"turns":1},{"damage":0,"enemies":"Gremlin Nob","floor":6,"turns":1},{"damage":0,"enemies":"Jaw Worm","floor":8,"turns":4},{"damage":0,"enemies":"Large Slime","floor":11,"turns":5},{"damage":20,"enemies":"Lagavulin","floor":12,"turns":9},{"damage":5,"enemies":"Exordium Thugs","floor":14,"turns":5},{"damage":38,"enemies":"Slime Boss","floor":16,"turns":17},{"damage":0,"enemies":"Shell Parasite","floor":18,"turns":5},{"damage":9,"enemies":"Masked Bandits","floor":19,"turns":3},{"damage":21,"enemies":"3 Byrds","floor":22,"turns":5},{"damage":43,"enemies":"Book of Stabbing","floor":23,"turns":7}],"seed_played":"-9046024327815006127","potions_obtained":[{"floor":1,"key":"Swift Potion"},{"floor":11,"key":"SmokeBomb"},{"floor":16,"key":"Poison Potion"}],"is_trial":false,"path_per_floor":["M","T","M","?","?","E","R","M","T","R","M","E","$","M","R","B",null,"M","?","?","$","M","E"],"character_chosen":"THE_SILENT","items_purchased":["PrismaticShard","Infinite Blades","Bag of Marbles","Deflect","Noxious Fumes"],"campfire_rested":0,"item_purchase_floors":[13,13,13,13,21],"current_hp_per_floor":[70,70,70,70,70,70,70,70,70,70,70,50,50,45,45,7,70,70,61,61,61,40,0],"gold":36,"neow_bonus":"THREE_ENEMY_KILL","is_prod":false,"is_daily":false,"chose_seed":false,"campfire_upgraded":1,"win_rate":0,"timestamp":1543172927,"path_taken":["M","?","M","?","?","E","R","M","T","R","M","E","$","M","R","BOSS","M","?","?","$","M","E"],"build_version":"2018-11-15","purchased_purges":1,"victory":false,"max_hp_per_floor":[70,70,70,70,70,70,70,70,70,70,70,70,70,70,70,70,70,70,70,70,70,70,70],"card_choices":[{"not_picked":["Riddle With Holes","Slice"],"picked":"Poisoned Stab","floor":1},{"not_picked":["PiercingWail","Dagger Throw"],"picked":"Flying Knee","floor":3},{"not_picked":["Calculated Gamble","Well Laid Plans"],"picked":"Infinite Blades","floor":6},{"not_picked":["Predator","Footwork"],"picked":"Poisoned Stab","floor":8},{"not_picked":["Caltrops","Backflip"],"picked":"Blur","floor":11},{"not_picked":["Deflect","All Out Attack"],"picked":"After Image","floor":12},{"not_picked":["Sweeping Beam","Intimidate"],"picked":"Enlightenment","floor":14},{"not_picked":["Metamorphosis","Biased Cognition"],"picked":"The Bomb","floor":16},{"not_picked":["Dual Wield","Leap"],"picked":"Ghostly Armor","floor":18},{"not_picked":["Corruption","Leap","FTL"],"picked":"SKIP","floor":22}],"player_experience":140952,"relics_obtained":[{"floor":2,"key":"War Paint"},{"floor":6,"key":"Peace Pipe"},{"floor":12,"key":"Gremlin Horn"}],"event_choices":[{"cards_removed":["Strike_G"],"damage_healed":0,"gold_gain":0,"player_choice":"Forget","damage_taken":0,"max_hp_gain":0,"max_hp_loss":0,"event_name":"Living Wall","floor":4,"gold_loss":0},{"damage_healed":0,"gold_gain":175,"player_choice":"AGREE","damage_taken":0,"max_hp_gain":0,"max_hp_loss":0,"event_name":"Liars Game","floor":5,"gold_loss":0,"cards_obtained":["Doubt"]},{"damage_healed":0,"gold_gain":0,"player_choice":"Fought Bandits","damage_taken":0,"max_hp_gain":0,"max_hp_loss":0,"event_name":"Masked Bandits","floor":19,"gold_loss":0},{"damage_healed":0,"gold_gain":0,"player_choice":"Ignored","damage_taken":0,"max_hp_gain":0,"max_hp_loss":0,"event_name":"Vampires","floor":20,"gold_loss":0}],"is_beta":false,"boss_relics":[{"not_picked":["Tiny House","Velvet Choker"],"picked":"Eternal Feather"}],"items_purged_floors":[21],"is_endless":false,"potions_floor_spawned":[1,11,16,19],"killed_by":"Book of Stabbing","ascension_level":0}