{"gold_per_floor":[113,123,139,139,154,154,170,189,246,260,260,304,304,379,379,503,503,523,523,523,523,271,271,306,3,3,14,14,14,14,30,30,30],"floor_reached":33,"playtime":1928,"items_purged":["Dualcast"],"score":290,"play_id":"b1423626-eadd-4412-9064-4cbb52303a3c","local_time":"20190421194457","is_ascension_mode":false,"campfire_choices":[{"floor":6,"key":"REST"},{"floor":11,"key":"REST"},{"floor":15,"key":"REST"},{"floor":28,"key":"REST"},{"floor":30,"key":"REST"},{"floor":32,"key":"REST"}],"neow_cost":"NONE","seed_source_timestamp":938561043166586,"circlet_count":0,"master_deck":["Gash","Go for the Eyes","BootSequence","Streamline","Rip and Tear","Gash","Seek","Gash","Bite","Bite","Bite","Bite","Bite","Rip and Tear","Rebound","Scrape","Go for the Eyes+1","Streamline","Beam Cell"],"relics":["Cracked Core","Bloody Idol","Tiny Chest","Juzu Bracelet","Empty Cage","Strawberry","Bronze Scales","Anchor","Blood Vial","Dream Catcher","PreservedInsect"],"potions_floor_usage":[16,24,24,33,33],"damage_taken":[{"damage":1,"enemies":"Cultist","floor":1,"turns":3},{"damage":5,"enemies":"2 Louse","floor":2,"turns":3},{"damage":3,"enemies":"Small Slimes","floor":3,"turns":3},{"damage":12,"enemies":"2 Fungi Beasts","floor":5,"turns":4},{"damage":2,"enemies":"Blue Slaver","floor":7,"turns":4},{"damage":1,"enemies":"Exordium Wildlife","floor":8,"turns":3},{"damage":8,"enemies":"2 Fungi Beasts","floor":10,"turns":3},{"damage":16,"enemies":"Lagavulin","floor":12,"turns":7},{"damage":31,"enemies":"Slime Boss","floor":16,"turns":9},{"damage":27,"enemies":"Shell Parasite","floor":18,"turns":5},{"damage":47,"enemies":"Colosseum Slavers","floor":23,"turns":4},{"damage":44,"enemies":"Gremlin Leader","floor":24,"turns":7},{"damage":13,"enemies":"3 Byrds","floor":27,"turns":4},{"damage":24,"enemies":"Snecko","floor":31,"turns":4},{"damage":74,"enemies":"Collector","floor":33,"turns":5}],"seed_played":"7066708600758127761","potions_obtained":[{"floor":1,"key":"LiquidBronze"},{"floor":7,"key":"Strength Potion"},{"floor":10,"key":"AttackPotion"},{"floor":16,"key":"GamblersBrew"},{"floor":18,"key":"Regen Potion"},{"floor":24,"key":"FocusPotion"}],"is_trial":false,"path_per_floor":["M","M","M","?","M","R","M","M","T","M","R","E","?","?","R","B",null,"M","?","?","?","$","?","E","$","T","M","R","?","R","M","R","B"],"character_chosen":"DEFECT","items_purchased":["Strawberry","Rip and Tear","Anchor","Blood Vial"],"campfire_rested":6,"item_purchase_floors":[22,22,25,25],"current_hp_per_floor":[74,69,66,48,36,58,56,55,55,47,69,53,53,42,64,33,75,48,48,48,48,55,14,11,11,11,17,34,34,51,38,55,0],"gold":30,"neow_bonus":"REMOVE_CARD","is_prod":false,"is_daily":false,"chose_seed":false,"campfire_upgraded":0,"win_rate":0.0,"timestamp":1555901097,"path_taken":["M","?","?","?","M","R","M","M","T","M","R","E","?","?","R","BOSS","M","?","?","?","$","?","E","$","T","M","R","?","R","M","R","BOSS"],"build_version":"2019-01-23","purchased_purges":1,"victory":false,"max_hp_per_floor":[75,75,75,75,75,75,75,75,75,75,75,75,75,75,75,75,75,75,52,52,52,59,59,59,59,59,59,59,59,59,59,59,59],"card_choices":[{"not_picked":["Force Field","Compile Driver"],"picked":"Gash","floor":1},{"not_picked":["Cold Snap","Streamline"],"picked":"Go for the Eyes","floor":2},{"not_picked":["Reinforced Body","Streamline","Leap"],"picked":"SKIP","floor":3},{"not_picked":["Sunder","Hologram"],"picked":"BootSequence","floor":5},{"not_picked":["Thunder Strike","Loop"],"picked":"Streamline","floor":7},{"not_picked":["Stack","Barrage","Fusion"],"picked":"SKIP","floor":8},{"not_picked":["Tempest","Lockon"],"picked":"Rip and Tear","floor":10},{"not_picked":["Undo","Amplify"],"picked":"Gash","floor":12},{"not_picked":["Creative AI","Rainbow"],"picked":"Seek","floor":16},{"not_picked":["Undo","Leap"],"picked":"Gash","floor":18},{"not_picked":["Steam","Chill"],"picked":"Rebound","floor":24},{"not_picked":["Steam","Reboot"],"picked":"Scrape","floor":27},{"not_picked":["Heatsinks","Sweeping Beam+1"],"picked":"Go for the Eyes+1","floor":28},{"not_picked":["Turbo+1","Compile Driver"],"picked":"Streamline","floor":31},{"not_picked":["Cold Snap","Ball Lightning"],"picked":"Beam Cell","floor":32}],"player_experience":43771,"relics_obtained":[{"floor":9,"key":"Tiny Chest"},{"floor":12,"key":"Juzu Bracelet"},{"floor":24,"key":"Bronze Scales"},{"floor":26,"key":"Dream Catcher"}],"event_choices":[{"damage_healed":0,"gold_gain":0,"player_choice":"Take Damage","damage_taken":18,"relics_obtained":["Golden Idol"],"max_hp_gain":0,"max_hp_loss":0,"event_name":"Golden Idol","floor":4,"gold_loss":0},{"cards_removed":["Defend_B"],"damage_healed":0,"gold_gain":0,"player_choice":"Forget","damage_taken":0,"max_hp_gain":0,"max_hp_loss":0,"event_name":"Living Wall","floor":13,"gold_loss":0},{"damage_healed":0,"gold_gain":75,"player_choice":"Gather Gold","damage_taken":11,"max_hp_gain":0,"max_hp_loss":0,"event_name":"World of Goop","floor":14,"gold_loss":0},{"damage_healed":0,"gold_gain":0,"player_choice":"Became a vampire","damage_taken":0,"max_hp_gain":0,"max_hp_loss":23,"event_name":"Vampires","floor":19,"gold_loss":0,"cards_obtained":["Bite","Bite","Bite","Bite","Bite"]},{"damage_healed":0,"gold_gain":0,"player_choice":"Gave Idol","damage_taken":0,"relics_obtained":["Bloody Idol"],"max_hp_gain":0,"max_hp_loss":0,"event_name":"Forgotten Altar","floor":20,"relics_lost":["Golden Idol"],"gold_loss":0},{"cards_removed":["Zap"],"damage_healed":0,"gold_gain":0,"player_choice":"Elegance","damage_taken":0,"max_hp_gain":0,"max_hp_loss":0,"event_name":"Back to Basics","floor":21,"gold_loss":0},{"damage_healed":0,"gold_gain":0,"player_choice":"Fight","damage_taken":0,"max_hp_gain":0,"max_hp_loss":0,"event_name":"Colosseum","floor":23,"gold_loss":0},{"damage_healed":0,"gold_gain":0,"player_choice":"Fled From Nobs","damage_taken":0,"max_hp_gain":0,"max_hp_loss":0,"event_name":"Colosseum","floor":23,"gold_loss":0},{"damage_healed":0,"gold_gain":0,"player_choice":"Opened","damage_taken":0,"relics_obtained":["PreservedInsect"],"max_hp_gain":0,"max_hp_loss":0,"event_name":"The Mausoleum","floor":29,"gold_loss":0}],"is_beta":false,"boss_relics":[{"not_picked":["Velvet Choker","Inserter"],"picked":"Empty Cage"}],"items_purged_floors":[22],"is_endless":false,"potions_floor_spawned":[1,7,10,16,18,23,24],"killed_by":"Collector","ascension_level":0}