{"gold_per_floor":[109,127,127,302,302,337,347,347,370,445,445,465,496,50,50,149,199,209,209,84,110,35,50,50,67,67,67,67,123,73,73,85,202,214,241,203,218,14,27,27],"floor_reached":40,"playtime":1413,"items_purged":["Defend_R","Defend_R","Shame","Bash","Strike_R"],"score":415,"play_id":"d490fd9a-a099-4ea6-9340-ecc7432bb0dd","local_time":"20190317165847","is_ascension_mode":false,"campfire_choices":[{"data":"Spot Weakness","floor":8,"key":"SMITH"},{"floor":11,"key":"REST"},{"data":"True Grit","floor":15,"key":"SMITH"},{"data":"Seeing Red","floor":27,"key":"SMITH"},{"floor":32,"key":"REST"}],"neow_cost":"TEN_PERCENT_HP_LOSS","seed_source_timestamp":329149673080459,"circlet_count":0,"master_deck":["Strike_R","Strike_R+1","Strike_R+1","Defend_R+1","Spot Weakness+1","Clash","True Grit+1","Inflame","Heavy Blade","Sword Boomerang","Finesse","Demon Form","Clash","Battle Trance","Seeing Red+1","Armaments","Offering","Flex+1","Parasite","Warcry"],"relics":["Burning Blood","Torii","Smiling Mask","Lantern","Juzu Bracelet","Mango","Tiny House","Red Mask","Peace Pipe","Champion Belt","Tiny Chest","MawBank","Cursed Key","Bronze Scales"],"potions_floor_usage":[16,25,25,33,33,39],"damage_taken":[{"damage":6,"enemies":"Cultist","floor":1,"turns":3},{"damage":0,"enemies":"Small Slimes","floor":2,"turns":3},{"damage":36,"enemies":"Lagavulin","floor":6,"turns":5},{"damage":7,"enemies":"2 Louse","floor":7,"turns":2},{"damage":23,"enemies":"Exordium Thugs","floor":12,"turns":4},{"damage":11,"enemies":"3 Sentries","floor":13,"turns":7},{"damage":21,"enemies":"The Guardian","floor":16,"turns":7},{"damage":21,"enemies":"2 Thieves","floor":18,"turns":3},{"damage":39,"enemies":"Masked Bandits","floor":21,"turns":5},{"damage":10,"enemies":"3 Byrds","floor":23,"turns":4},{"damage":1,"enemies":"3 Cultists","floor":25,"turns":3},{"damage":48,"enemies":"Champ","floor":33,"turns":7},{"damage":24,"enemies":"3 Darklings","floor":35,"turns":4},{"damage":19,"enemies":"3 Shapes","floor":37,"turns":6},{"damage":30,"enemies":"Writhing Mass","floor":39,"turns":3},{"damage":44,"enemies":"Reptomancer","floor":40,"turns":4}],"seed_played":"2713251698229177635","potions_obtained":[{"floor":2,"key":"FearPotion"},{"floor":6,"key":"FearPotion"},{"floor":13,"key":"Energy Potion"},{"floor":17,"key":"EntropicBrew"},{"floor":21,"key":"SkillPotion"},{"floor":37,"key":"AttackPotion"}],"is_trial":false,"path_per_floor":["M","M","?","?","?","E","M","R","T","?","R","M","E","$","R","B",null,"M","?","$","?","?","M","?","M","T","R","?","T","$","T","R","B",null,"M","$","M","$","M","E"],"character_chosen":"IRONCLAD","items_purchased":["Finesse","Mango","Battle Trance","Bronze Scales"],"campfire_rested":2,"item_purchase_floors":[14,14,20,38],"current_hp_per_floor":[72,72,58,58,51,21,20,20,20,9,30,13,8,22,22,7,91,76,76,76,43,43,39,21,26,26,26,26,26,26,26,54,12,96,78,78,65,65,41,0],"gold":27,"neow_bonus":"ONE_RARE_RELIC","is_prod":false,"is_daily":false,"chose_seed":false,"campfire_upgraded":3,"win_rate":0,"timestamp":1552809527,"path_taken":["M","M","?","?","?","E","M","R","T","?","R","M","E","$","R","BOSS","M","?","?","?","?","M","?","M","T","R","?","?","$","?","R","BOSS","M","$","M","?","M","E"],"build_version":"2019-01-23","purchased_purges":5,"victory":false,"max_hp_per_floor":[72,72,72,72,72,72,72,72,72,72,72,72,72,86,86,86,91,91,91,91,91,91,91,96,96,96,96,96,96,96,96,96,96,96,96,96,96,96,96,96],"card_choices":[{"not_picked":["Heavy Blade","Inflame"],"picked":"Spot Weakness","floor":1},{"not_picked":["Body Slam","Iron Wave"],"picked":"Clash","floor":2},{"not_picked":["Twin Strike","Whirlwind"],"picked":"True Grit","floor":6},{"not_picked":["Uppercut","Barricade"],"picked":"Inflame","floor":7},{"not_picked":["Thunderclap","Searing Blow"],"picked":"Heavy Blade","floor":12},{"not_picked":["Disarm","Wild Strike"],"picked":"Sword Boomerang","floor":13},{"not_picked":["Berserk","Dark Embrace"],"picked":"Demon Form","floor":16},{"not_picked":["Armaments","Cleave"],"picked":"Clash","floor":17},{"not_picked":["Headbutt","Flame Barrier","Wild Strike"],"picked":"SKIP","floor":18},{"not_picked":["Havoc","Cleave"],"picked":"Seeing Red","floor":23},{"not_picked":["Headbutt","Searing Blow"],"picked":"Armaments","floor":25},{"not_picked":["Barricade","Feed"],"picked":"Offering","floor":33},{"not_picked":["Clothesline","Heavy Blade"],"picked":"Flex+1","floor":35},{"not_picked":["Dropkick+1","Shrug It Off","Headbutt"],"picked":"SKIP","floor":37},{"not_picked":["Iron Wave+1","Anger"],"picked":"Warcry","floor":39}],"player_experience":297792,"relics_obtained":[{"floor":6,"key":"Smiling Mask"},{"floor":9,"key":"Lantern"},{"floor":13,"key":"Juzu Bracelet"},{"floor":21,"key":"Red Mask"},{"floor":26,"key":"Peace Pipe"},{"floor":29,"key":"Tiny Chest"},{"floor":31,"key":"MawBank"}],"event_choices":[{"damage_healed":0,"gold_gain":0,"player_choice":"Entered Light","damage_taken":14,"max_hp_gain":0,"max_hp_loss":0,"event_name":"Shining Light","floor":3,"gold_loss":0,"cards_upgraded":["Strike_R","Defend_R"]},{"damage_healed":0,"gold_gain":175,"player_choice":"AGREE","damage_taken":0,"max_hp_gain":0,"max_hp_loss":0,"event_name":"Liars Game","floor":4,"gold_loss":0,"cards_obtained":["Doubt"]},{"cards_removed":["Doubt"],"damage_healed":0,"gold_gain":0,"player_choice":"Card Removal","damage_taken":7,"max_hp_gain":0,"max_hp_loss":0,"event_name":"Golden Wing","floor":5,"gold_loss":0},{"damage_healed":0,"gold_gain":75,"player_choice":"Gather Gold","damage_taken":11,"max_hp_gain":0,"max_hp_loss":0,"event_name":"World of Goop","floor":10,"gold_loss":0},{"cards_removed":["Strike_R"],"damage_healed":0,"gold_gain":0,"player_choice":"Purged","damage_taken":0,"max_hp_gain":0,"max_hp_loss":0,"event_name":"Purifier","floor":19,"gold_loss":0},{"damage_healed":0,"gold_gain":0,"player_choice":"Fought Bandits","damage_taken":0,"max_hp_gain":0,"max_hp_loss":0,"event_name":"Masked Bandits","floor":21,"gold_loss":0},{"cards_removed":["Defend_R"],"damage_healed":0,"gold_gain":0,"player_choice":"Gave Gold","damage_taken":0,"max_hp_gain":0,"max_hp_loss":0,"event_name":"Beggar","floor":22,"gold_loss":75},{"damage_healed":0,"gold_gain":0,"player_choice":"Shed Blood","damage_taken":23,"max_hp_gain":5,"max_hp_loss":0,"event_name":"Forgotten Altar","floor":24,"gold_loss":0},{"damage_healed":0,"gold_gain":0,"player_choice":"Stole Relic","damage_taken":0,"relics_obtained":["Champion Belt"],"max_hp_gain":0,"max_hp_loss":0,"event_name":"Addict","floor":28,"gold_loss":0,"cards_obtained":["Shame"]}],"is_beta":false,"boss_relics":[{"not_picked":["White Beast Statue","Runic Pyramid"],"picked":"Tiny House"},{"not_picked":["Mark of Pain","Black Star"],"picked":"Cursed Key"}],"items_purged_floors":[14,20,30,36,38],"is_endless":false,"potions_floor_spawned":[2,6,13,21,23,37],"killed_by":"Reptomancer","ascension_level":0}