{"gold_per_floor":[118,118,68,68,78,78,106,106,106,118,134,134,160,18,18,18],"floor_reached":16,"playtime":696,"items_purged":["Strike_B"],"score":213,"play_id":"f7440062-5ce9-4cb1-8656-fb836832d88f","local_time":"20190511232335","is_ascension_mode":true,"campfire_choices":[{"data":"Zap","floor":6,"key":"SMITH"},{"data":"Scrape","floor":8,"key":"SMITH"},{"data":"Dualcast","floor":12,"key":"SMITH"},{"floor":15,"key":"REST"}],"neow_cost":"NONE","seed_source_timestamp":515597649193755,"circlet_count":0,"master_deck":["AscendersBane","Strike_B","Strike_B","Defend_B","Defend_B","Defend_B","Defend_B","Zap+1","Dualcast+1","Scrape+1","BootSequence","BootSequence","Scrape","Self Repair"],"relics":["Cracked Core","NeowsBlessing","Sundial","Ancient Tea Set","DataDisk","Pantograph"],"potions_floor_usage":[16],"damage_taken":[{"damage":0,"enemies":"Small Slimes","floor":1,"turns":1},{"damage":0,"enemies":"Jaw Worm","floor":5,"turns":1},{"damage":0,"enemies":"3 Sentries","floor":7,"turns":1},{"damage":1,"enemies":"Cultist","floor":10,"turns":3},{"damage":0,"enemies":"Large Slime","floor":11,"turns":5},{"damage":15,"enemies":"Lagavulin","floor":13,"turns":5},{"damage":77,"enemies":"Slime Boss","floor":16,"turns":10}],"seed_played":"-5019599842695417640","potions_obtained":[{"floor":1,"key":"Strength Potion"},{"floor":7,"key":"Block Potion"}],"is_trial":false,"path_per_floor":["M","?","?","T","M","R","E","R","T","M","M","R","E","$","R","B"],"character_chosen":"DEFECT","items_purchased":["Self Repair"],"campfire_rested":1,"item_purchase_floors":[14],"current_hp_per_floor":[68,68,68,68,68,68,68,68,68,67,67,67,52,52,74,0],"gold":18,"neow_bonus":"THREE_ENEMY_KILL","is_prod":false,"is_daily":false,"chose_seed":false,"campfire_upgraded":3,"win_rate":0,"timestamp":1557642215,"path_taken":["M","?","?","?","M","R","E","R","T","M","M","R","E","?","R","BOSS"],"build_version":"2019-01-23","purchased_purges":1,"victory":false,"max_hp_per_floor":[75,75,75,75,75,75,75,75,75,75,75,75,75,75,75,75],"card_choices":[{"not_picked":["Tempest","Ball Lightning","Force Field"],"picked":"SKIP","floor":1},{"not_picked":["Loop","Beam Cell"],"picked":"Scrape","floor":5},{"not_picked":["Compile Driver","Undo"],"picked":"BootSequence","floor":7},{"not_picked":["Beam Cell","Turbo"],"picked":"BootSequence","floor":10},{"not_picked":["Go for the Eyes","Biased Cognition","Hologram"],"picked":"SKIP","floor":11},{"not_picked":["Hologram","Redo"],"picked":"Scrape","floor":13}],"player_experience":482891,"relics_obtained":[{"floor":4,"key":"Sundial"},{"floor":7,"key":"Ancient Tea Set"},{"floor":9,"key":"DataDisk"},{"floor":13,"key":"Pantograph"}],"event_choices":[{"damage_healed":0,"gold_gain":0,"player_choice":"Ignored","damage_taken":0,"max_hp_gain":0,"max_hp_loss":0,"event_name":"Shining Light","floor":2,"gold_loss":0},{"cards_removed":["Strike_B"],"damage_healed":0,"gold_gain":0,"player_choice":"Card Removal","damage_taken":0,"max_hp_gain":0,"max_hp_loss":0,"event_name":"The Cleric","floor":3,"gold_loss":50}],"is_beta":false,"boss_relics":[],"items_purged_floors":[14],"is_endless":false,"potions_floor_spawned":[1,7,13],"killed_by":"Slime Boss","ascension_level":12}