{"gold_per_floor":[115,129,129,142,417,417,436,454,481,62,73,91,102,102],"floor_reached":14,"playtime":590,"items_purged":["Strike_B"],"score":163,"play_id":"33b70feb-3b08-465d-981e-5e57dac8f499","local_time":"20190527225125","is_ascension_mode":true,"campfire_choices":[{"data":"Zap","floor":6,"key":"SMITH"}],"neow_cost":"NONE","seed_source_timestamp":242950918149189,"circlet_count":0,"master_deck":["AscendersBane","Strike_B","Strike_B","Strike_B","Defend_B","Defend_B","Defend_B","Defend_B","Zap+1","Dualcast","Steam","Machine Learning","Regret","Glacier","Defragment","Purity","Conserve Battery","Fusion"],"relics":["Cracked Core","NeowsBlessing","Bag of Preparation","Bronze Scales"],"potions_floor_usage":[13],"damage_taken":[{"damage":0,"enemies":"Cultist","floor":1,"turns":1},{"damage":0,"enemies":"Small Slimes","floor":2,"turns":1},{"damage":0,"enemies":"2 Louse","floor":4,"turns":1},{"damage":9,"enemies":"Exordium Wildlife","floor":7,"turns":4},{"damage":14,"enemies":"Lots of Slimes","floor":8,"turns":5},{"damage":5,"enemies":"2 Fungi Beasts","floor":11,"turns":4},{"damage":5,"enemies":"Looter","floor":12,"turns":4},{"damage":19,"enemies":"Red Slaver","floor":13,"turns":4},{"damage":19,"enemies":"Lagavulin","floor":14,"turns":8}],"seed_played":"6341041593547082436","potions_obtained":[{"floor":1,"key":"SpeedPotion"},{"floor":7,"key":"Swift Potion"}],"is_trial":false,"path_per_floor":["M","M","?","M","?","R","M","M","T","$","M","M","M","E"],"character_chosen":"DEFECT","items_purchased":["Bronze Scales","Defragment","Purity"],"campfire_rested":0,"item_purchase_floors":[10,10,10],"current_hp_per_floor":[64,64,69,69,69,69,60,46,46,46,41,36,17,0],"gold":102,"neow_bonus":"THREE_ENEMY_KILL","is_prod":false,"is_daily":false,"chose_seed":false,"campfire_upgraded":1,"win_rate":0,"timestamp":1559022685,"path_taken":["M","?","?","M","?","R","M","M","T","$","?","M","M","E"],"build_version":"2019-01-23","purchased_purges":1,"victory":false,"max_hp_per_floor":[71,71,76,76,76,76,76,76,76,76,76,76,76,76],"card_choices":[{"not_picked":["Reprogram","Coolheaded","Streamline"],"picked":"SKIP","floor":1},{"not_picked":["Leap","Steam Power"],"picked":"Steam","floor":2},{"not_picked":["Conserve Battery","Streamline"],"picked":"Machine Learning","floor":4},{"not_picked":["Streamline","Beam Cell"],"picked":"Glacier","floor":7},{"not_picked":["Barrage","Storm","Turbo"],"picked":"SKIP","floor":8},{"not_picked":["Barrage","Hologram","Double Energy"],"picked":"SKIP","floor":11},{"not_picked":["Stack","Chill"],"picked":"Conserve Battery","floor":12},{"not_picked":["Steam","Rip and Tear"],"picked":"Fusion","floor":13}],"player_experience":782187,"relics_obtained":[{"floor":9,"key":"Bag of Preparation"}],"event_choices":[{"damage_healed":0,"gold_gain":0,"player_choice":"Donut","damage_taken":0,"max_hp_gain":5,"max_hp_loss":0,"event_name":"Big Fish","floor":3,"gold_loss":0},{"damage_healed":0,"gold_gain":275,"player_choice":"Desecrate","damage_taken":0,"max_hp_gain":0,"max_hp_loss":0,"event_name":"Golden Shrine","floor":5,"gold_loss":0,"cards_obtained":["Regret"]}],"is_beta":false,"boss_relics":[],"items_purged_floors":[10],"is_endless":false,"potions_floor_spawned":[1,7],"killed_by":"Lagavulin","ascension_level":18}