{"gold_per_floor":[109,109,34,47,47,76,76,91,91,91,91],"floor_reached":11,"playtime":278,"items_purged":["Strike_R"],"score":131,"play_id":"728252e8-59f4-4e43-8f13-93c4c48c1f6a","local_time":"20190404155838","is_ascension_mode":true,"campfire_choices":[{"data":"Wild Strike","floor":7,"key":"SMITH"}],"neow_cost":"NONE","seed_source_timestamp":18701774433498,"circlet_count":0,"master_deck":["AscendersBane","Strike_R","Strike_R","Strike_R","Defend_R","Defend_R","Defend_R","Defend_R","Bash+1","Headbutt+1","Wild Strike+1","Shrug It Off","Sword Boomerang"],"relics":["Burning Blood","Torii","Self Forming Clay"],"potions_floor_usage":[11],"damage_taken":[{"damage":6,"enemies":"2 Louse","floor":1,"turns":3},{"damage":6,"enemies":"Cultist","floor":4,"turns":3},{"damage":45,"enemies":"3 Sentries","floor":6,"turns":11},{"damage":7,"enemies":"Jaw Worm","floor":8,"turns":2},{"damage":27,"enemies":"Lagavulin","floor":11,"turns":3}],"seed_played":"8951703639995874143","potions_obtained":[{"floor":6,"key":"SteroidPotion"}],"is_trial":false,"path_per_floor":["M","?","$","M","?","E","R","M","T","?","E"],"character_chosen":"IRONCLAD","items_purchased":[],"campfire_rested":0,"item_purchase_floors":[],"current_hp_per_floor":[68,68,68,68,73,34,34,33,33,26,0],"gold":91,"neow_bonus":"UPGRADE_CARD","is_prod":false,"is_daily":false,"chose_seed":false,"campfire_upgraded":1,"win_rate":0,"timestamp":1554368318,"path_taken":["M","?","$","?","?","E","R","M","T","?","E"],"build_version":"2019-01-23","purchased_purges":1,"victory":false,"max_hp_per_floor":[75,75,75,75,80,80,80,80,80,80,80],"card_choices":[{"not_picked":["Warcry","Dual Wield"],"picked":"Headbutt","floor":1},{"not_picked":["Dual Wield","Entrench"],"picked":"Wild Strike","floor":4},{"not_picked":["Flex","Warcry"],"picked":"Shrug It Off","floor":6},{"not_picked":["Warcry","Heavy Blade"],"picked":"Sword Boomerang","floor":8}],"player_experience":414600,"relics_obtained":[{"floor":6,"key":"Torii"},{"floor":9,"key":"Self Forming Clay"}],"event_choices":[{"damage_healed":0,"gold_gain":0,"player_choice":"Forge","damage_taken":0,"max_hp_gain":0,"max_hp_loss":0,"event_name":"Accursed Blacksmith","floor":2,"gold_loss":0,"cards_upgraded":["Headbutt"]},{"damage_healed":0,"gold_gain":0,"player_choice":"Donut","damage_taken":0,"max_hp_gain":5,"max_hp_loss":0,"event_name":"Big Fish","floor":5,"gold_loss":0},{"cards_removed":["Strike_R"],"damage_healed":0,"gold_gain":0,"player_choice":"Card Removal","damage_taken":7,"max_hp_gain":0,"max_hp_loss":0,"event_name":"Golden Wing","floor":10,"gold_loss":0}],"is_beta":false,"boss_relics":[],"items_purged_floors":[3],"is_endless":false,"potions_floor_spawned":[6],"killed_by":"Lagavulin","ascension_level":17}