{"gold_per_floor":[116,131,81,181,200,200,216,216,265,295,315,315,329,107,107,107],"floor_reached":16,"playtime":900,"items_purged":["Strike_B"],"score":156,"play_id":"56b995b5-f1bc-42d1-92e5-1926fcb9eb54","local_time":"20190518173027","is_ascension_mode":true,"campfire_choices":[{"data":"Auto Shields","floor":6,"key":"SMITH"},{"floor":15,"key":"REST"}],"neow_cost":"NONE","seed_source_timestamp":28361091744606,"circlet_count":0,"master_deck":["AscendersBane","Strike_B","Strike_B","Defend_B","Defend_B","Defend_B","Defend_B","Zap","Dualcast","Auto Shields+1","Conserve Battery","Go for the Eyes","Melter"],"relics":["Cracked Core","NeowsBlessing","Ornamental Fan","Regal Pillow","Odd Mushroom","Anchor"],"potions_floor_usage":[10,13,16],"damage_taken":[{"damage":0,"enemies":"Small Slimes","floor":1,"turns":1},{"damage":0,"enemies":"Cultist","floor":2,"turns":1},{"damage":0,"enemies":"Jaw Worm","floor":5,"turns":1},{"damage":1,"enemies":"Blue Slaver","floor":7,"turns":5},{"damage":41,"enemies":"The Mushroom Lair","floor":10,"turns":4},{"damage":5,"enemies":"Looter","floor":11,"turns":4},{"damage":15,"enemies":"Exordium Thugs","floor":13,"turns":8},{"damage":42,"enemies":"Slime Boss","floor":16,"turns":11}],"seed_played":"2807362771827402453","potions_obtained":[{"floor":1,"key":"SteroidPotion"},{"floor":5,"key":"LiquidBronze"},{"floor":11,"key":"Block Potion"},{"floor":12,"key":"Swift Potion"}],"is_trial":false,"path_per_floor":["M","M","?","?","M","R","M","T","T","?","M","?","M","$","R","B"],"character_chosen":"DEFECT","items_purchased":["Anchor"],"campfire_rested":1,"item_purchase_floors":[14],"current_hp_per_floor":[64,64,64,64,64,64,63,63,63,22,17,17,2,2,38,0],"gold":107,"neow_bonus":"THREE_ENEMY_KILL","is_prod":false,"is_daily":false,"chose_seed":false,"campfire_upgraded":1,"win_rate":0,"timestamp":1558225827,"path_taken":["M","M","?","?","M","R","?","?","T","?","M","?","?","$","R","BOSS"],"build_version":"2019-01-23","purchased_purges":1,"victory":false,"max_hp_per_floor":[71,71,71,71,71,71,71,71,71,71,71,71,71,71,71,71],"card_choices":[{"not_picked":["Hologram","Static Discharge"],"picked":"Auto Shields","floor":1},{"not_picked":["Steam Power","Steam","Hello World"],"picked":"SKIP","floor":2},{"not_picked":["Steam","Capacitor"],"picked":"Conserve Battery","floor":5},{"not_picked":["Beam Cell","Chaos"],"picked":"Go for the Eyes","floor":7},{"not_picked":["Barrage","Steam"],"picked":"Melter","floor":11},{"not_picked":["Streamline","Aggregate","Fusion"],"picked":"SKIP","floor":13}],"player_experience":632218,"relics_obtained":[{"floor":8,"key":"Ornamental Fan"},{"floor":9,"key":"Regal Pillow"},{"floor":10,"key":"Odd Mushroom"}],"event_choices":[{"cards_removed":["Strike_B"],"damage_healed":0,"gold_gain":0,"player_choice":"Card Removal","damage_taken":0,"max_hp_gain":0,"max_hp_loss":0,"event_name":"The Cleric","floor":3,"gold_loss":50},{"damage_healed":0,"gold_gain":100,"player_choice":"Pray","damage_taken":0,"max_hp_gain":0,"max_hp_loss":0,"event_name":"Golden Shrine","floor":4,"gold_loss":0},{"damage_healed":0,"gold_gain":0,"player_choice":"Fought Mushrooms","damage_taken":0,"max_hp_gain":0,"max_hp_loss":0,"event_name":"Mushrooms","floor":10,"gold_loss":0},{"damage_healed":0,"gold_gain":0,"player_choice":"Got Potions","damage_taken":0,"max_hp_gain":0,"max_hp_loss":0,"event_name":"Lab","floor":12,"gold_loss":0}],"is_beta":false,"boss_relics":[],"items_purged_floors":[14],"is_endless":false,"potions_floor_spawned":[1,5,11],"killed_by":"Slime Boss","ascension_level":14}