{"gold_per_floor":[109,109,6,81,81,113,113,141,141,141,159,84,149,177,177,251,251,268,193,3,21,34,34],"floor_reached":23,"playtime":1545,"items_purged":["Strike_B"],"score":510,"play_id":"157af3af-5c9b-4053-8c5f-9cb77a81be72","local_time":"20190527231723","is_ascension_mode":true,"campfire_choices":[{"data":"Zap","floor":10,"key":"SMITH"},{"floor":15,"key":"REST"}],"neow_cost":"NONE","seed_source_timestamp":243553354008131,"circlet_count":0,"master_deck":["AscendersBane","Strike_B","Defend_B+1","Defend_B","Defend_B+1","Defend_B+1","Zap+1","Dualcast+1","Ball Lightning","Static Discharge","Conserve Battery","Doom and Gloom","Fusion","Echo Form","Steam","Apotheosis","Reinforced Body","Sweeping Beam+1"],"relics":["Cracked Core","NeowsBlessing","Centennial Puzzle","War Paint","Mango","Question Card","Letter Opener","Runic Dome"],"potions_floor_usage":[13],"damage_taken":[{"damage":0,"enemies":"2 Louse","floor":1,"turns":1},{"damage":0,"enemies":"Gremlin Nob","floor":6,"turns":1},{"damage":0,"enemies":"3 Sentries","floor":8,"turns":1},{"damage":0,"enemies":"Jaw Worm","floor":11,"turns":3},{"damage":12,"enemies":"Lagavulin Event","floor":13,"turns":5},{"damage":3,"enemies":"Gremlin Nob","floor":14,"turns":3},{"damage":48,"enemies":"Slime Boss","floor":16,"turns":8},{"damage":12,"enemies":"3 Byrds","floor":18,"turns":2},{"damage":14,"enemies":"2 Thieves","floor":21,"turns":3},{"damage":6,"enemies":"Centurion and Healer","floor":22,"turns":5},{"damage":41,"enemies":"Book of Stabbing","floor":23,"turns":3}],"seed_played":"7356140143389846531","potions_obtained":[{"floor":6,"key":"Poison Potion"},{"floor":16,"key":"Poison Potion"}],"is_trial":false,"path_per_floor":["M","?","$","?","?","E","?","E","T","R","M","$","?","E","R","B",null,"M","?","$","M","M","E"],"character_chosen":"DEFECT","items_purchased":["Static Discharge","Conserve Battery","Apotheosis"],"campfire_rested":1,"item_purchase_floors":[3,3,20],"current_hp_per_floor":[64,69,69,58,58,58,35,35,49,49,49,49,37,34,61,13,71,59,59,59,45,39,0],"gold":34,"neow_bonus":"THREE_ENEMY_KILL","is_prod":false,"is_daily":false,"chose_seed":false,"campfire_upgraded":1,"win_rate":0,"timestamp":1559024243,"path_taken":["M","?","$","?","?","E","?","E","T","R","M","$","?","E","R","BOSS","M","?","$","M","M","E"],"build_version":"2019-01-23","purchased_purges":1,"victory":false,"max_hp_per_floor":[71,76,76,76,76,76,76,76,90,90,90,90,90,90,90,90,90,90,90,90,90,90,90],"card_choices":[{"not_picked":["Doom and Gloom","Steam"],"picked":"Ball Lightning","floor":1},{"not_picked":["Scrape","Compile Driver","Turbo"],"picked":"SKIP","floor":6},{"not_picked":["Stack","Turbo"],"picked":"Doom and Gloom","floor":8},{"not_picked":["Aggregate","Rainbow","Compile Driver"],"picked":"SKIP","floor":11},{"not_picked":["Barrage","Steam","Rebound"],"picked":"Fusion","floor":14},{"not_picked":["Fission","Hyperbeam","Core Surge"],"picked":"Echo Form","floor":16},{"not_picked":["Conserve Battery+1","Cold Snap","Turbo"],"picked":"Steam","floor":18},{"not_picked":["Doom and Gloom+1","Compile Driver","Sweeping Beam"],"picked":"Reinforced Body","floor":21},{"not_picked":["Reinforced Body+1","Lockon","Compile Driver"],"picked":"Sweeping Beam+1","floor":22}],"player_experience":782777,"relics_obtained":[{"floor":6,"key":"Centennial Puzzle"},{"floor":8,"key":"War Paint"},{"floor":9,"key":"Mango"},{"floor":13,"key":"Question Card"},{"floor":14,"key":"Letter Opener"}],"event_choices":[{"damage_healed":0,"gold_gain":0,"player_choice":"Donut","damage_taken":0,"max_hp_gain":5,"max_hp_loss":0,"event_name":"Big Fish","floor":2,"gold_loss":0},{"damage_healed":0,"gold_gain":75,"player_choice":"Gather Gold","damage_taken":11,"max_hp_gain":0,"max_hp_loss":0,"event_name":"World of Goop","floor":4,"gold_loss":0},{"cards_removed":["Strike_B"],"damage_healed":0,"gold_gain":0,"player_choice":"Forget","damage_taken":0,"max_hp_gain":0,"max_hp_loss":0,"event_name":"Living Wall","floor":5,"gold_loss":0},{"damage_healed":0,"gold_gain":0,"player_choice":"Entered Light","damage_taken":23,"max_hp_gain":0,"max_hp_loss":0,"event_name":"Shining Light","floor":7,"gold_loss":0,"cards_upgraded":["Defend_B","Defend_B"]},{"damage_healed":0,"gold_gain":0,"player_choice":"Searched \u00271\u0027 times","damage_taken":0,"max_hp_gain":0,"max_hp_loss":0,"event_name":"Dead Adventurer","floor":13,"gold_loss":0},{"cards_removed":["Strike_B"],"damage_healed":0,"gold_gain":0,"player_choice":"Gave Gold","damage_taken":0,"max_hp_gain":0,"max_hp_loss":0,"event_name":"Beggar","floor":19,"gold_loss":75}],"is_beta":false,"boss_relics":[{"not_picked":["Ectoplasm","Cursed Key"],"picked":"Runic Dome"}],"items_purged_floors":[12],"is_endless":false,"potions_floor_spawned":[6,16],"killed_by":"Book of Stabbing","ascension_level":18}