{"gold_per_floor":[112,123,135,135,135,169,169,181,181,181,194,211,55,55],"floor_reached":14,"playtime":491,"items_purged":[],"score":124,"play_id":"9aa29c22-9fea-49b4-a404-d9880cdc3c59","local_time":"20190604141053","is_ascension_mode":true,"campfire_choices":[{"data":"Entrench","floor":7.0,"key":"SMITH"},{"data":"Metallicize","floor":10.0,"key":"SMITH"}],"neow_cost":"NONE","seed_source_timestamp":33576346432100,"circlet_count":0,"master_deck":["Strike_R","Strike_R","Strike_R","Defend_R","Defend_R","Defend_R","Defend_R","Bash","Entrench+1","Metallicize+1","Flex","Inflame","Twin Strike","Pommel Strike","Twin Strike"],"special_seed":0,"relics":["Burning Blood","NeowsBlessing","Blue Candle","Matryoshka","Lantern"],"potions_floor_usage":[11],"damage_taken":[{"damage":0.0,"enemies":"Cultist","floor":1.0,"turns":1.0},{"damage":0.0,"enemies":"Small Slimes","floor":2.0,"turns":2.0},{"damage":0.0,"enemies":"Jaw Worm","floor":3.0,"turns":1.0},{"damage":52.0,"enemies":"3 Sentries","floor":6.0,"turns":15.0},{"damage":7.0,"enemies":"Red Slaver","floor":8.0,"turns":6.0},{"damage":10,"enemies":"Exordium Thugs","floor":11,"turns":8},{"damage":12,"enemies":"Gremlin Gang","floor":12,"turns":7},{"damage":18,"enemies":"Lots of Slimes","floor":14,"turns":2}],"seed_played":"2108706290553644730","potions_obtained":[{"floor":1.0,"key":"Strength Potion"},{"floor":3.0,"key":"PowerPotion"},{"floor":11,"key":"AttackPotion"}],"is_trial":false,"path_per_floor":["M","M","M","?","?","E","R","M","T","R","M","M","$","M"],"character_chosen":"IRONCLAD","items_purchased":["Lantern"],"campfire_rested":0,"item_purchase_floors":[13],"current_hp_per_floor":[78,80,80,73,73,27,27,26,26,26,22,16,16,0],"gold":55,"neow_bonus":"THREE_ENEMY_KILL","is_prod":false,"is_daily":false,"chose_seed":false,"campfire_upgraded":2,"win_rate":0,"timestamp":1559682653,"path_taken":["M","M","?","?","?","E","R","M","T","R","?","M","$","M"],"build_version":"2019-01-23","purchased_purges":0,"victory":false,"max_hp_per_floor":[80,80,80,80,80,80,80,80,80,80,80,80,80,80],"card_choices":[{"not_picked":["Anger","Bloodletting"],"picked":"Entrench","floor":1.0},{"not_picked":["Ghostly Armor","Body Slam"],"picked":"Metallicize","floor":2.0},{"not_picked":["Metallicize","Rampage"],"picked":"Flex","floor":3.0},{"not_picked":["Limit Break","Thunderclap"],"picked":"Inflame","floor":6.0},{"not_picked":["Sword Boomerang","Perfected Strike"],"picked":"Twin Strike","floor":8.0},{"not_picked":["Warcry","Pummel"],"picked":"Pommel Strike","floor":11},{"not_picked":["True Grit","Anger"],"picked":"Twin Strike","floor":12}],"player_experience":254709,"relics_obtained":[{"floor":6.0,"key":"Blue Candle"},{"floor":9.0,"key":"Matryoshka"}],"event_choices":[{"cards_removed":["Strike_R"],"damage_healed":0.0,"max_hp_gain":0.0,"max_hp_loss":0.0,"gold_gain":0.0,"event_name":"Golden Wing","player_choice":"Card Removal","floor":4.0,"gold_loss":0.0,"damage_taken":7.0},{"cards_removed":["Strike_R"],"damage_healed":0.0,"max_hp_gain":0.0,"max_hp_loss":0.0,"gold_gain":0.0,"event_name":"Bonfire Elementals","player_choice":"Offered Basic","floor":5.0,"gold_loss":0.0,"damage_taken":0.0}],"is_beta":false,"boss_relics":[],"items_purged_floors":[],"is_endless":false,"potions_floor_spawned":[1,3,11],"killed_by":"Lots of Slimes","ascension_level":7}