{"gold_per_floor":[109,125,140,140,157,157,157,174,197,15,15,115,44,59,59,154,154,167,167,167,185,185,185,247,257,257,356,15,15,28,44,44,140,140,151,161,69,88,104,139,151,151,177,205,217,228,228,228,228,228],"floor_reached":51,"playtime":3981,"items_purged":["Streamline"],"score":995,"play_id":"905cd4c6-f50b-4b10-bcb9-3d4d04ad756c","local_time":"20190507113116","is_ascension_mode":true,"campfire_choices":[{"floor":6,"key":"REST"},{"data":"Reinforced Body","floor":11,"key":"SMITH"},{"data":"Go for the Eyes","floor":15,"key":"SMITH"},{"floor":23,"key":"REST"},{"data":"The Bomb","floor":29,"key":"SMITH"},{"data":"Buffer","floor":32,"key":"SMITH"},{"floor":42,"key":"REST"},{"floor":47,"key":"REST"},{"floor":49,"key":"RECALL"}],"neow_cost":"NONE","seed_source_timestamp":277988554023742,"circlet_count":0,"master_deck":["Zap+1","Dualcast+1","Doom and Gloom+1","Reinforced Body+1","Self Repair+1","Ball Lightning+1","The Bomb+1","Conserve Battery+1","Go for the Eyes+1","Conserve Battery+1","Electrodynamics+1","Double Energy+1","Creative AI+1","Buffer+1","Coolheaded+1","Echo Form+1","Conserve Battery+1","Leap+1","Conserve Battery+1","Coolheaded+1","BootSequence+1","Stack+1","Electrodynamics+1","Meteor Strike+1","Hologram+1","Finesse+1","Stack+1","Leap+1","Sweeping Beam+1","Conserve Battery+1","Compile Driver+1"],"relics":["Cracked Core","Oddly Smooth Stone","Pandora\u0027s Box","Tiny Chest","Du-Vu Doll","Bottled Lightning","Philosopher\u0027s Stone","Centennial Puzzle","Omamori","Question Card","Mark of the Bloom"],"potions_floor_usage":[16,24,33,40,41,45,46],"damage_taken":[{"damage":1,"enemies":"Cultist","floor":1,"turns":3},{"damage":7,"enemies":"Jaw Worm","floor":2,"turns":4},{"damage":0,"enemies":"Small Slimes","floor":3,"turns":2},{"damage":21,"enemies":"Exordium Thugs","floor":5,"turns":5},{"damage":13,"enemies":"Large Slime","floor":8,"turns":5},{"damage":1,"enemies":"Looter","floor":14,"turns":3},{"damage":0,"enemies":"Slime Boss","floor":16,"turns":7},{"damage":12,"enemies":"2 Thieves","floor":18,"turns":3},{"damage":20,"enemies":"Spheric Guardian","floor":21,"turns":5},{"damage":14,"enemies":"Gremlin Leader","floor":24,"turns":6},{"damage":0,"enemies":"3 Cultists","floor":25,"turns":3},{"damage":0,"enemies":"Shelled Parasite and Fungi","floor":30,"turns":6},{"damage":12,"enemies":"Sentry and Sphere","floor":31,"turns":5},{"damage":2,"enemies":"Automaton","floor":33,"turns":13},{"damage":0,"enemies":"3 Shapes","floor":35,"turns":3},{"damage":0,"enemies":"Orb Walker","floor":36,"turns":3},{"damage":0,"enemies":"Sphere and 2 Shapes","floor":38,"turns":5},{"damage":11,"enemies":"Jaw Worm Horde","floor":39,"turns":3},{"damage":56,"enemies":"Reptomancer","floor":40,"turns":8},{"damage":6,"enemies":"Maw","floor":41,"turns":8},{"damage":0,"enemies":"Nemesis","floor":44,"turns":9},{"damage":0,"enemies":"3 Darklings","floor":45,"turns":4},{"damage":16,"enemies":"Transient","floor":46,"turns":5},{"damage":18,"enemies":"Donu and Deca","floor":50,"turns":9}],"seed_played":"9203843054284734312","potions_obtained":[{"floor":1,"key":"SteroidPotion"},{"floor":3,"key":"Weak Potion"},{"floor":8,"key":"PowerPotion"},{"floor":16,"key":"Explosive Potion"},{"floor":18,"key":"Ancient Potion"},{"floor":24,"key":"Block Potion"},{"floor":36,"key":"FearPotion"},{"floor":38,"key":"GamblersBrew"},{"floor":41,"key":"SkillPotion"},{"floor":44,"key":"FearPotion"},{"floor":46,"key":"Ancient Potion"}],"is_trial":false,"path_per_floor":["M","M","M","?","M","R","?","M","T","$","R","?","$","M","R","B",null,"M","?","?","M","?","R","E","M","T","?","$","R","M","M","R","B",null,"M","M","$","M","M","E","M","R","T","E","M","M","R","?","R","B",null],"character_chosen":"DEFECT","items_purchased":["The Bomb","Conserve Battery","Go for the Eyes","Bottled Lightning","Stack","Finesse"],"campfire_rested":4,"item_purchase_floors":[10,13,13,28,28,37],"current_hp_per_floor":[67,60,60,65,51,75,75,69,69,69,69,69,69,68,68,75,79,67,67,67,54,54,78,71,71,71,71,71,71,78,73,73,78,80,80,80,80,80,69,20,21,45,45,52,66,50,74,74,74,56],"gold":228,"neow_bonus":"REMOVE_CARD","is_prod":false,"is_daily":false,"chose_seed":false,"campfire_upgraded":4,"win_rate":0,"timestamp":1557253876,"path_taken":["M","M","M","?","M","R","?","?","T","$","R","?","$","M","R","BOSS","M","?","?","M","?","R","E","?","T","?","$","R","M","M","R","BOSS","M","M","$","M","M","E","M","R","T","E","M","M","R","?","R","BOSS"],"build_version":"2019-01-23","purchased_purges":1,"victory":true,"max_hp_per_floor":[75,75,75,80,80,80,80,80,80,80,80,80,80,80,80,80,80,80,80,80,80,80,80,80,80,80,80,80,80,80,80,80,80,80,80,80,80,80,80,80,80,80,80,80,80,80,80,80,80,80],"card_choices":[{"not_picked":["Consume","Hello World"],"picked":"Doom and Gloom","floor":1},{"not_picked":["Rebound","Cold Snap"],"picked":"Reinforced Body","floor":2},{"not_picked":["Cold Snap","Auto Shields"],"picked":"Self Repair","floor":3},{"not_picked":["Ball Lightning","Recycle","Streamline"],"picked":"SKIP","floor":5},{"not_picked":["Rebound","Compile Driver"],"picked":"Ball Lightning","floor":8},{"not_picked":["Fusion","Rebound"],"picked":"Conserve Battery","floor":14},{"not_picked":["Amplify","Meteor Strike"],"picked":"Electrodynamics","floor":16},{"not_picked":["Streamline","Turbo"],"picked":"Conserve Battery","floor":18},{"not_picked":["Gash","Aggregate"],"picked":"Conserve Battery","floor":21},{"not_picked":["Sweeping Beam+1","Lockon+1"],"picked":"Coolheaded","floor":24},{"not_picked":["Sweeping Beam","Compile Driver"],"picked":"BootSequence+1","floor":25},{"not_picked":["Static Discharge","Force Field"],"picked":"Electrodynamics","floor":30},{"not_picked":["Consume+1","Gash","Storm"],"picked":"SKIP","floor":31},{"not_picked":["Electrodynamics","Amplify"],"picked":"Meteor Strike","floor":33},{"not_picked":["Heatsinks+1","Loop+1","Streamline"],"picked":"SKIP","floor":35},{"not_picked":["Leap","Streamline"],"picked":"Hologram+1","floor":36},{"not_picked":["Capacitor","Rip and Tear+1"],"picked":"Stack+1","floor":38},{"not_picked":["Lockon","Sunder"],"picked":"Leap","floor":39},{"not_picked":["Fusion+1","Turbo+1","Compile Driver"],"picked":"SKIP","floor":40},{"not_picked":["Streamline","Turbo+1","Steam Power"],"picked":"SKIP","floor":41},{"not_picked":["Scrape+1","Storm"],"picked":"Sweeping Beam+1","floor":44},{"not_picked":["Compile Driver","Steam Power+1","Thunder Strike"],"picked":"Conserve Battery","floor":45},{"not_picked":["Streamline+1","Rebound+1","Redo+1"],"picked":"Compile Driver+1","floor":46}],"player_experience":295269,"relics_obtained":[{"floor":9,"key":"Oddly Smooth Stone"},{"floor":24,"key":"Tiny Chest"},{"floor":26,"key":"Du-Vu Doll"},{"floor":40,"key":"Centennial Puzzle"},{"floor":43,"key":"Omamori"},{"floor":44,"key":"Question Card"}],"event_choices":[{"damage_healed":0,"gold_gain":0,"player_choice":"Donut","damage_taken":0,"max_hp_gain":5,"max_hp_loss":0,"event_name":"Big Fish","floor":4,"gold_loss":0},{"damage_healed":0,"gold_gain":0,"player_choice":"Forge","damage_taken":0,"max_hp_gain":0,"max_hp_loss":0,"event_name":"Accursed Blacksmith","floor":7,"gold_loss":0,"cards_upgraded":["Doom and Gloom"]},{"damage_healed":0,"gold_gain":100,"player_choice":"Gold","damage_taken":0,"max_hp_gain":0,"max_hp_loss":0,"event_name":"Wheel of Change","floor":12,"gold_loss":0},{"damage_healed":0,"gold_gain":0,"player_choice":"Ignored","damage_taken":0,"max_hp_gain":0,"max_hp_loss":0,"event_name":"Ghosts","floor":19,"gold_loss":0},{"damage_healed":0,"gold_gain":0,"player_choice":"Read","damage_taken":0,"max_hp_gain":0,"max_hp_loss":0,"event_name":"The Library","floor":20,"gold_loss":0,"cards_obtained":["Leap"]},{"cards_removed":["Heatsinks"],"damage_healed":0,"gold_gain":0,"player_choice":"Purged","damage_taken":0,"max_hp_gain":0,"max_hp_loss":0,"event_name":"Purifier","floor":22,"gold_loss":0},{"damage_healed":0,"gold_gain":99,"player_choice":"Stole From Cult","damage_taken":0,"max_hp_gain":0,"max_hp_loss":0,"event_name":"Nest","floor":27,"gold_loss":0},{"damage_healed":0,"gold_gain":0,"player_choice":"Upgrade","damage_taken":0,"relics_obtained":["Mark of the Bloom"],"max_hp_gain":0,"max_hp_loss":0,"event_name":"MindBloom","floor":48,"gold_loss":0,"cards_upgraded":["Zap","Dualcast","Self Repair","Ball Lightning","Conserve Battery","Conserve Battery","Electrodynamics","Double Energy","Creative AI","Coolheaded","Echo Form","Conserve Battery","Leap","Conserve Battery","Coolheaded","Stack","Electrodynamics","Meteor Strike","Finesse","Leap","Conserve Battery"]}],"is_beta":false,"boss_relics":[{"not_picked":["Orrery","Inserter"],"picked":"Pandora\u0027s Box"},{"not_picked":["Cursed Key","Eternal Feather"],"picked":"Philosopher\u0027s Stone"}],"items_purged_floors":[28],"is_endless":false,"potions_floor_spawned":[1,3,8,16,18,24,36,38,39,41,44,46],"ascension_level":6}