{"gold_per_floor":[109,124,124,138,157,82,116,116,116,147,164,164,192,203,203,274,274,289,289,194,213,224,224,244,244,244,244,262,281,316,316,316,316],"floor_reached":33,"playtime":1706,"items_purged":["Strike_R"],"score":488,"play_id":"7e22b2c1-5afe-4733-b6bd-551d50b4cdad","local_time":"20190321101830","is_ascension_mode":true,"campfire_choices":[{"data":"Bash","floor":8.0,"key":"SMITH"},{"data":"True Grit","floor":12.0,"key":"SMITH"},{"data":"Clothesline","floor":15.0,"key":"SMITH"},{"data":"True Grit","floor":23,"key":"SMITH"},{"data":"Power Through","floor":27,"key":"SMITH"},{"floor":32,"key":"REST"}],"neow_cost":"NONE","seed_source_timestamp":0,"circlet_count":0,"master_deck":["AscendersBane","Strike_R+1","Strike_R+1","Defend_R","Defend_R","Defend_R","Defend_R","Bash+1","Power Through+1","Clothesline+1","Battle Trance","Anger+1","True Grit+1","Evolve+1","Feel No Pain+1","Feed","True Grit+1","Ghostly Armor","Impervious","Battle Trance","Spot Weakness","Inflame+1"],"special_seed":0,"relics":["Burning Blood","NeowsBlessing","Smiling Mask","Bottled Flame","Frozen Egg 2","Odd Mushroom","Sozu","MutagenicStrength","Sundial","Whetstone","Enchiridion"],"potions_floor_usage":[],"damage_taken":[{"damage":0.0,"enemies":"Cultist","floor":1.0,"turns":1.0},{"damage":1.0,"enemies":"Small Slimes","floor":2.0,"turns":2.0},{"damage":0.0,"enemies":"Jaw Worm","floor":4.0,"turns":1.0},{"damage":4.0,"enemies":"Looter","floor":5.0,"turns":5.0},{"damage":30.0,"enemies":"Gremlin Nob","floor":7.0,"turns":5.0},{"damage":25.0,"enemies":"Lagavulin","floor":10.0,"turns":7.0},{"damage":0.0,"enemies":"2 Fungi Beasts","floor":11.0,"turns":4.0},{"damage":0.0,"enemies":"The Mushroom Lair","floor":13.0,"turns":4.0},{"damage":3.0,"enemies":"Blue Slaver","floor":14.0,"turns":3.0},{"damage":13.0,"enemies":"Hexaghost","floor":16.0,"turns":9.0},{"damage":31,"enemies":"Spheric Guardian","floor":18,"turns":8},{"damage":3,"enemies":"Shell Parasite","floor":21,"turns":6},{"damage":20,"enemies":"Snecko","floor":22,"turns":10},{"damage":6,"enemies":"Snake Plant","floor":24,"turns":9},{"damage":21,"enemies":"3 Cultists","floor":28,"turns":9},{"damage":2,"enemies":"Snecko","floor":29,"turns":8},{"damage":2,"enemies":"Book of Stabbing","floor":30,"turns":6},{"damage":38,"enemies":"Automaton","floor":33,"turns":8}],"seed_played":"4687520566033022615","potions_obtained":[{"floor":1.0,"key":"Block Potion"},{"floor":7.0,"key":"SteroidPotion"},{"floor":11.0,"key":"EssenceOfSteel"},{"floor":13.0,"key":"EntropicBrew"}],"is_trial":false,"path_per_floor":["M","M","?","M","M","?","E","R","T","E","M","R","?","M","R","B",null,"M","?","$","M","M","R","M","?","T","R","M","M","E","?","R","B"],"character_chosen":"IRONCLAD","items_purchased":["True Grit"],"campfire_rested":1,"item_purchase_floors":[20],"current_hp_per_floor":[74,75,75,75,75,75,51,51,51,32,38,38,44,47,47,55,70,48,48,48,54,43,43,46,46,46,46,34,38,42,21,48,10],"gold":316,"neow_bonus":"THREE_ENEMY_KILL","is_prod":false,"is_daily":false,"chose_seed":false,"campfire_upgraded":5,"win_rate":0,"timestamp":1553138310,"path_taken":["M","?","?","?","?","?","E","R","T","E","M","R","?","M","R","BOSS","BOSS","M","?","$","M","M","R","M","?","T","R","M","?","E","?","R","BOSS"],"build_version":"2019-01-23","purchased_purges":1,"victory":false,"max_hp_per_floor":[75,75,75,75,75,75,75,75,75,75,75,75,75,75,75,75,75,78,78,78,81,84,84,87,87,87,87,90,90,90,90,90,90],"card_choices":[{"not_picked":["Entrench","Sever Soul","Thunderclap"],"picked":"SKIP","floor":1.0},{"not_picked":["Evolve","True Grit"],"picked":"Power Through","floor":2.0},{"not_picked":["Dual Wield","Flex"],"picked":"Clothesline","floor":4.0},{"not_picked":["Burning Pact","Corruption"],"picked":"Battle Trance","floor":5.0},{"not_picked":["Brutality","True Grit"],"picked":"Anger","floor":7.0},{"not_picked":["Armaments","Carnage"],"picked":"True Grit","floor":10.0},{"not_picked":["Thunderclap","Second Wind","Searing Blow"],"picked":"SKIP","floor":11.0},{"not_picked":["Clothesline","Armaments"],"picked":"Evolve+1","floor":13.0},{"not_picked":["Body Slam","Clothesline"],"picked":"Feel No Pain+1","floor":14.0},{"not_picked":["Double Tap","Immolate"],"picked":"Feed","floor":16},{"not_picked":["Clash","Combust+1","Dual Wield"],"picked":"SKIP","floor":18},{"not_picked":["Sword Boomerang","Clothesline"],"picked":"Ghostly Armor","floor":21},{"not_picked":["Thunderclap","Dropkick"],"picked":"Impervious","floor":22},{"not_picked":["Anger+1","Fire Breathing+1"],"picked":"Battle Trance","floor":24},{"not_picked":["Bloodletting","Rupture+1","Perfected Strike"],"picked":"SKIP","floor":28},{"not_picked":["Reckless Charge","Rage"],"picked":"Spot Weakness","floor":29},{"not_picked":["Bloodletting+1","Power Through"],"picked":"Inflame+1","floor":30}],"player_experience":399180,"relics_obtained":[{"floor":7.0,"key":"Smiling Mask"},{"floor":9.0,"key":"Bottled Flame"},{"floor":10.0,"key":"Frozen Egg 2"},{"floor":13.0,"key":"Odd Mushroom"},{"floor":26,"key":"Sundial"},{"floor":30,"key":"Whetstone"},{"floor":31,"key":"Enchiridion"}],"event_choices":[{"cards_removed":["Strike_R"],"damage_healed":0.0,"max_hp_gain":0.0,"max_hp_loss":0.0,"gold_gain":0.0,"event_name":"Purifier","player_choice":"Purged","floor":3.0,"gold_loss":0.0,"damage_taken":0.0},{"cards_removed":["Strike_R"],"damage_healed":0.0,"max_hp_gain":0.0,"max_hp_loss":0.0,"gold_gain":0.0,"event_name":"The Cleric","player_choice":"Card Removal","floor":6.0,"gold_loss":75.0,"damage_taken":0.0},{"damage_healed":0.0,"max_hp_gain":0.0,"max_hp_loss":0.0,"gold_gain":0.0,"event_name":"Mushrooms","player_choice":"Fought Mushrooms","floor":13.0,"gold_loss":0.0,"damage_taken":0.0},{"damage_healed":0,"gold_gain":0,"player_choice":"Inject Mutagens","damage_taken":0,"relics_obtained":["MutagenicStrength"],"max_hp_gain":0,"max_hp_loss":0,"event_name":"Drug Dealer","floor":19,"gold_loss":0},{"damage_healed":0,"gold_gain":0,"player_choice":"Upgraded","damage_taken":0,"max_hp_gain":0,"max_hp_loss":0,"event_name":"Upgrade Shrine","floor":25,"gold_loss":0,"cards_upgraded":["Anger"]},{"damage_healed":0,"gold_gain":0,"player_choice":"Obtained Book","damage_taken":21,"max_hp_gain":0,"max_hp_loss":0,"event_name":"Cursed Tome","floor":31,"gold_loss":0}],"is_beta":false,"boss_relics":[{"not_picked":["Orrery","Empty Cage"],"picked":"Sozu"}],"items_purged_floors":[20],"is_endless":false,"potions_floor_spawned":[1,7,11,13,18,22,30],"killed_by":"Automaton","ascension_level":15}