{"gold_per_floor":[111,122,12,31,106,106,106,106,106,106,122,122,146,166,166,257,257,280,280,63,63,83,83,97,113,113,113],"floor_reached":27,"playtime":1369,"items_purged":["Strike_B"],"score":379,"play_id":"02acd731-8b25-41fd-bccc-b031057ffd15","local_time":"20190524143322","is_ascension_mode":true,"campfire_choices":[{"data":"Zap","floor":6,"key":"SMITH"},{"data":"Fusion","floor":12,"key":"SMITH"},{"data":"Steam","floor":15,"key":"SMITH"},{"data":"Good Instincts","floor":23,"key":"SMITH"}],"neow_cost":"NONE","seed_source_timestamp":132740937763511,"circlet_count":0,"master_deck":["AscendersBane","Strike_B","Strike_B","Strike_B","Defend_B","Defend_B","Defend_B","Defend_B","Zap+1","Dualcast","Fusion+1","Leap","BootSequence","Coolheaded","All For One","Hologram","Sweeping Beam","Steam+1","Echo Form","Steam","Ghostly","Ghostly","Ghostly","Good Instincts+1","Reprogram","Gash","Hologram","Barrage"],"relics":["Cracked Core","NeowsBlessing","Golden Idol","Mercury Hourglass","Bottled Lightning","Inserter","Singing Bowl"],"potions_floor_usage":[16,16],"damage_taken":[{"damage":0,"enemies":"Jaw Worm","floor":1,"turns":1},{"damage":0,"enemies":"Small Slimes","floor":2,"turns":1},{"damage":0,"enemies":"Cultist","floor":4,"turns":1},{"damage":0,"enemies":"Looter","floor":11,"turns":3},{"damage":10,"enemies":"Exordium Thugs","floor":13,"turns":4},{"damage":0,"enemies":"Large Slime","floor":14,"turns":4},{"damage":29,"enemies":"Slime Boss","floor":16,"turns":11},{"damage":20,"enemies":"3 Byrds","floor":18,"turns":5},{"damage":2,"enemies":"2 Thieves","floor":22,"turns":5},{"damage":0,"enemies":"Snake Plant","floor":24,"turns":6},{"damage":14,"enemies":"Shelled Parasite and Fungi","floor":25,"turns":9},{"damage":21,"enemies":"Chosen and Byrds","floor":27,"turns":7}],"seed_played":"-4786669126432791012","potions_obtained":[{"floor":10,"key":"Block Potion"},{"floor":10,"key":"Ancient Potion"},{"floor":13,"key":"SkillPotion"},{"floor":18,"key":"SpeedPotion"}],"is_trial":false,"path_per_floor":["M","M","$","M","?","R","?","T","T","?","M","R","M","M","R","B",null,"M","?","$","?","M","R","M","M","T","M"],"character_chosen":"DEFECT","items_purchased":["BootSequence","Coolheaded","Good Instincts","Reprogram"],"campfire_rested":0,"item_purchase_floors":[3,3,20,20],"current_hp_per_floor":[64,64,64,64,53,53,53,53,53,53,53,53,43,43,43,14,52,32,32,32,32,30,30,30,16,16,0],"gold":113,"neow_bonus":"THREE_ENEMY_KILL","is_prod":false,"is_daily":false,"chose_seed":false,"campfire_upgraded":4,"win_rate":0,"timestamp":1558733602,"path_taken":["M","M","$","M","?","R","?","?","T","?","?","R","M","M","R","BOSS","M","?","$","?","M","R","M","M","T","M"],"build_version":"2019-01-23","purchased_purges":1,"victory":false,"max_hp_per_floor":[71,71,71,71,71,71,64,64,64,64,64,64,64,64,64,64,64,64,32,32,32,32,32,32,32,32,32],"card_choices":[{"not_picked":["Sweeping Beam","Coolheaded"],"picked":"Fusion","floor":1},{"not_picked":["Rebound","Barrage"],"picked":"Leap","floor":2},{"not_picked":["Turbo","Storm"],"picked":"All For One","floor":4},{"not_picked":["Redo","Compile Driver"],"picked":"Hologram","floor":11},{"not_picked":["Beam Cell","Leap"],"picked":"Sweeping Beam","floor":13},{"not_picked":["Lockon","Steam Power"],"picked":"Steam","floor":14},{"not_picked":["Buffer","Thunder Strike"],"picked":"Echo Form","floor":16},{"not_picked":["Chill","FTL"],"picked":"Steam","floor":18},{"not_picked":["Recycle","Conserve Battery"],"picked":"Gash","floor":22},{"not_picked":["Scrape","Redo"],"picked":"Hologram","floor":24},{"not_picked":["Stack+1","Capacitor"],"picked":"Barrage","floor":25}],"player_experience":730280,"relics_obtained":[{"floor":8,"key":"Mercury Hourglass"},{"floor":9,"key":"Bottled Lightning"},{"floor":26,"key":"Singing Bowl"}],"event_choices":[{"damage_healed":0,"gold_gain":75,"player_choice":"Gather Gold","damage_taken":11,"max_hp_gain":0,"max_hp_loss":0,"event_name":"World of Goop","floor":5,"gold_loss":0},{"damage_healed":0,"gold_gain":0,"player_choice":"Lose Max HP","damage_taken":0,"relics_obtained":["Golden Idol"],"max_hp_gain":0,"max_hp_loss":7,"event_name":"Golden Idol","floor":7,"gold_loss":0},{"damage_healed":0,"gold_gain":0,"player_choice":"Got Potions","damage_taken":0,"max_hp_gain":0,"max_hp_loss":0,"event_name":"Lab","floor":10,"gold_loss":0},{"damage_healed":0,"gold_gain":0,"player_choice":"Became a Ghost","damage_taken":0,"max_hp_gain":0,"max_hp_loss":32,"event_name":"Ghosts","floor":19,"gold_loss":0,"cards_obtained":["Ghostly","Ghostly","Ghostly"]},{"damage_healed":0,"gold_gain":0,"player_choice":"Ignored","damage_taken":0,"max_hp_gain":0,"max_hp_loss":0,"event_name":"Beggar","floor":21,"gold_loss":0}],"is_beta":false,"boss_relics":[{"not_picked":["FrozenCore","Sozu"],"picked":"Inserter"}],"items_purged_floors":[20],"is_endless":false,"potions_floor_spawned":[11,13,18],"killed_by":"Chosen and Byrds","ascension_level":17}