{"gold_per_floor":[14,33,45,60,60,60,77,77,77,107,32,32,49,62,62,62],"floor_reached":16,"playtime":458,"items_purged":["Strike_B"],"score":104,"play_id":"5350be20-e8f2-4982-ab42-059ee0109dc4","local_time":"20181126200612","is_ascension_mode":false,"campfire_choices":[{"data":"Chaos","floor":6,"key":"SMITH"},{"floor":8,"key":"REST"},{"floor":15,"key":"REST"}],"neow_cost":"NO_GOLD","seed_source_timestamp":19283151282936,"circlet_count":0,"master_deck":["Defend_B","Defend_B","Defend_B","Defend_B","Zap","Dualcast","Storm","Chaos+1","Darkness","FTL","Fission","Cold Snap","Hologram","Decay","Defragment","Self Repair"],"relics":["Cracked Core","Ornamental Fan"],"potions_floor_usage":[10,10],"damage_taken":[{"damage":1,"enemies":"Cultist","floor":1,"turns":4},{"damage":3,"enemies":"Small Slimes","floor":2,"turns":4},{"damage":1,"enemies":"Jaw Worm","floor":3,"turns":3},{"damage":36,"enemies":"Lots of Slimes","floor":4,"turns":5},{"damage":13,"enemies":"2 Fungi Beasts","floor":7,"turns":3},{"damage":5,"enemies":"Lagavulin","floor":10,"turns":6},{"damage":18,"enemies":"3 Louse","floor":13,"turns":3},{"damage":1,"enemies":"Exordium Wildlife","floor":14,"turns":2},{"damage":44,"enemies":"The Guardian","floor":16,"turns":6}],"seed_played":"8140696248017125569","potions_obtained":[{"floor":1,"key":"Swift Potion"},{"floor":7,"key":"Poison Potion"},{"floor":10,"key":"GamblersBrew"},{"floor":13,"key":"SkillPotion"},{"floor":14,"key":"SneckoOil"}],"is_trial":false,"path_per_floor":["M","M","M","M","?","R","M","R","T","E","$","?","M","M","R","B"],"character_chosen":"DEFECT","items_purchased":[],"campfire_rested":2,"item_purchase_floors":[],"current_hp_per_floor":[74,71,70,34,34,34,21,43,43,38,38,38,20,19,41,0],"gold":62,"neow_bonus":"REMOVE_TWO","is_prod":false,"is_daily":false,"chose_seed":false,"campfire_upgraded":1,"win_rate":0,"timestamp":1543259172,"path_taken":["M","M","M","?","?","R","M","R","T","E","$","?","M","M","R","BOSS"],"build_version":"2018-11-15","purchased_purges":1,"victory":false,"max_hp_per_floor":[75,75,75,75,75,75,75,75,75,75,75,75,75,75,75,75],"card_choices":[{"not_picked":["Consume","Compile Driver"],"picked":"Storm","floor":1},{"not_picked":["Consume","Coolheaded"],"picked":"Chaos","floor":2},{"not_picked":["Sunder","Consume"],"picked":"Darkness","floor":3},{"not_picked":["Redo","Undo"],"picked":"FTL","floor":4},{"not_picked":["Sunder","Sweeping Beam"],"picked":"Cold Snap","floor":7},{"not_picked":["Turbo","Reboot"],"picked":"Hologram","floor":10},{"not_picked":["Sunder","Loop"],"picked":"Defragment","floor":13},{"not_picked":["Fusion","Cold Snap"],"picked":"Self Repair","floor":14}],"player_experience":147635,"relics_obtained":[{"floor":10,"key":"Ornamental Fan"}],"event_choices":[{"damage_healed":0,"gold_gain":0,"cards_transformed":["Strike_B"],"player_choice":"Change","damage_taken":0,"max_hp_gain":0,"max_hp_loss":0,"event_name":"Living Wall","floor":5,"gold_loss":0,"cards_obtained":["Fission"]},{"damage_healed":0,"gold_gain":0,"player_choice":"Cursed","damage_taken":0,"max_hp_gain":0,"max_hp_loss":0,"event_name":"Wheel of Change","floor":12,"gold_loss":0,"cards_obtained":["Decay"]}],"is_beta":false,"boss_relics":[],"items_purged_floors":[11],"is_endless":false,"potions_floor_spawned":[1,7,10,13,14],"killed_by":"The Guardian","ascension_level":0}