{"gold_per_floor":[117,117,117,117,130,130,159,170,238,238,571,590,617,632,632,707,707,719,819,819,262,281,316,296,296,296,296,310,335,17,32,32,109,109,119,119,131,143,165,177,223,235,274,286,326,357,398,510,522,534,546],"floor_reached":52,"playtime":2036,"items_purged":[],"score":2363,"play_id":"daac9c43-50c2-48ab-bd9a-7c71075bf6ec","local_time":"20190602020017","is_ascension_mode":true,"campfire_choices":[{"data":"Bash","floor":6.0,"key":"SMITH"},{"data":"Havoc","floor":10.0,"key":"SMITH"},{"floor":15.0,"key":"REST"},{"data":"Demon Form","floor":25.0,"key":"SMITH"},{"floor":27.0,"key":"REST"},{"data":"Corruption","floor":32.0,"key":"SMITH"},{"data":"Feel No Pain","floor":40.0,"key":"SMITH"},{"data":"Clothesline","floor":42.0,"key":"SMITH"},{"data":"Pommel Strike","floor":49.0,"key":"SMITH"}],"neow_cost":"PERCENT_DAMAGE","seed_source_timestamp":192634279633503,"circlet_count":0,"master_deck":["AscendersBane","Strike_R+1","Strike_R+1","Strike_R+1","Defend_R+1","Defend_R+1","Defend_R+1","Defend_R+1","Bash+1","Clothesline+1","Offering","Havoc+1","Headbutt","Battle Trance","Pommel Strike+1","Demon Form+1","Feel No Pain+1","Master of Strategy+1","Battle Trance","Limit Break+1","Corruption+1","Secret Technique","Combust","True Grit+1","Heavy Blade+1"],"special_seed":0,"relics":["Burning Blood","Thread and Needle","Juzu Bracelet","Pear","Old Coin","Incense Burner","Busted Crown","Charon\u0027s Ashes","Matryoshka","Letter Opener","PreservedInsect","Vajra","Calipers","Bottled Tornado","Membership Card","War Paint","Snecko Eye","MawBank","Unceasing Top","Bronze Scales","Smiling Mask","Singing Bowl","Pocketwatch","Turnip"],"potions_floor_usage":[51,51],"damage_taken":[{"damage":0.0,"enemies":"2 Louse","floor":1.0,"turns":4.0},{"damage":0.0,"enemies":"Small Slimes","floor":5.0,"turns":3.0},{"damage":24.0,"enemies":"3 Sentries","floor":7.0,"turns":10.0},{"damage":8.0,"enemies":"Jaw Worm","floor":8.0,"turns":4.0},{"damage":8.0,"enemies":"Gremlin Nob","floor":11.0,"turns":3.0},{"damage":0.0,"enemies":"2 Fungi Beasts","floor":12.0,"turns":3.0},{"damage":19.0,"enemies":"3 Sentries","floor":13.0,"turns":7.0},{"damage":7.0,"enemies":"3 Louse","floor":14.0,"turns":3.0},{"damage":35.0,"enemies":"Slime Boss","floor":16.0,"turns":7.0},{"damage":6.0,"enemies":"Spheric Guardian","floor":18.0,"turns":3.0},{"damage":27.0,"enemies":"Colosseum Slavers","floor":19.0,"turns":3.0},{"damage":29.0,"enemies":"Colosseum Nobs","floor":19.0,"turns":4.0},{"damage":6.0,"enemies":"Chosen","floor":22.0,"turns":3.0},{"damage":6.0,"enemies":"Book of Stabbing","floor":23.0,"turns":3.0},{"damage":0.0,"enemies":"Centurion and Healer","floor":28.0,"turns":4.0},{"damage":14.0,"enemies":"Gremlin Leader","floor":29.0,"turns":3.0},{"damage":14.0,"enemies":"Chosen and Byrds","floor":31.0,"turns":5.0},{"damage":6.0,"enemies":"Automaton","floor":33.0,"turns":6.0},{"damage":0.0,"enemies":"Orb Walker","floor":35.0,"turns":2.0},{"damage":0.0,"enemies":"3 Shapes","floor":39.0,"turns":3.0},{"damage":0.0,"enemies":"Giant Head","floor":41.0,"turns":5.0},{"damage":9.0,"enemies":"Nemesis","floor":45.0,"turns":5.0},{"damage":6.0,"enemies":"Transient","floor":46.0,"turns":6.0},{"damage":3.0,"enemies":"Giant Head","floor":47.0,"turns":4.0},{"damage":1.0,"enemies":"Mind Bloom Boss Battle","floor":48.0,"turns":3.0},{"damage":44,"enemies":"Awakened One","floor":50,"turns":5},{"damage":6,"enemies":"Time Eater","floor":51,"turns":5}],"seed_played":"-7684186988309723410","potions_obtained":[{"floor":5.0,"key":"GamblersBrew"},{"floor":8.0,"key":"GamblersBrew"},{"floor":11.0,"key":"Energy Potion"},{"floor":19.0,"key":"Energy Potion"},{"floor":31.0,"key":"Weak Potion"},{"floor":41.0,"key":"FearPotion"},{"floor":45.0,"key":"PowerPotion"}],"is_trial":false,"path_per_floor":["M","?","?","?","M","R","E","M","T","R","E","M","E","M","R","B",null,"M","?","?","$","M","E","?","R","T","R","M","E","$","M","R","B",null,"M","?","$","?","M","R","E","R","T","?","E","M","E","?","R","B","B",null],"character_chosen":"IRONCLAD","items_purchased":["Feel No Pain","Master of Strategy","SkillPotion","Letter Opener","Membership Card","Corruption","War Paint"],"campfire_rested":2,"item_purchase_floors":[21,21,21,21,30,30,30],"current_hp_per_floor":[56,56,33,26,32,32,14,12,22,22,20,26,13,12,37,8,66,66,22,22,22,22,22,22,22,22,47,53,45,45,37,37,37,73,79,79,79,69,75,75,81,81,81,81,80,80,85,89,89,51,51],"gold":558,"neow_bonus":"ONE_RARE_RELIC","is_prod":false,"is_daily":false,"chose_seed":false,"campfire_upgraded":7,"win_rate":0,"timestamp":1559415617,"path_taken":["M","?","?","?","M","R","E","M","T","R","E","M","E","M","R","BOSS","M","?","?","$","M","E","?","R","T","R","M","E","$","M","R","BOSS","M","?","$","?","M","R","E","R","T","?","E","M","E","?","R","BOSS","BOSS"],"build_version":"2019-01-23","purchased_purges":0,"victory":true,"max_hp_per_floor":[75,75,75,75,75,75,75,75,85,85,85,85,85,85,85,85,85,85,85,85,85,85,85,85,85,85,85,85,85,85,85,85,85,85,85,85,85,85,85,85,85,85,85,85,87,87,89,89,89,89,89],"card_choices":[{"not_picked":["Sword Boomerang","Clash"],"picked":"Anger","floor":1.0},{"not_picked":["Heavy Blade","Clash"],"picked":"Clothesline","floor":5.0},{"not_picked":["Corruption","Berserk"],"picked":"Offering","floor":7.0},{"not_picked":["Carnage","Bloodletting"],"picked":"Havoc","floor":8.0},{"not_picked":["Heavy Blade","Juggernaut"],"picked":"Headbutt","floor":11.0},{"not_picked":["Shrug It Off","Flame Barrier"],"picked":"Battle Trance","floor":12.0},{"not_picked":["Havoc","Anger","Body Slam"],"picked":"SKIP","floor":13.0},{"not_picked":["Warcry","Iron Wave"],"picked":"Pommel Strike","floor":14.0},{"not_picked":["Feed","Berserk"],"picked":"Demon Form","floor":16.0},{"not_picked":["Pummel"],"picked":"SKIP","floor":18.0},{"not_picked":[],"picked":"Battle Trance","floor":22.0},{"not_picked":[],"picked":"Limit Break","floor":23.0},{"not_picked":["Anger"],"picked":"SKIP","floor":28.0},{"not_picked":["Perfected Strike"],"picked":"SKIP","floor":29.0},{"not_picked":["Seeing Red"],"picked":"SKIP","floor":31.0},{"not_picked":["Clash+1"],"picked":"SKIP","floor":35.0},{"not_picked":[],"picked":"Secret Technique","floor":38.0},{"not_picked":["Rampage+1"],"picked":"SKIP","floor":39.0},{"not_picked":["Headbutt"],"picked":"SKIP","floor":41.0},{"not_picked":["Rampage"],"picked":"Singing Bowl","floor":45.0},{"not_picked":[],"picked":"True Grit+1","floor":46.0},{"not_picked":["Havoc+1"],"picked":"Singing Bowl","floor":47.0},{"not_picked":[],"picked":"Heavy Blade+1","floor":48.0}],"player_experience":525269,"relics_obtained":[{"floor":7.0,"key":"Juzu Bracelet"},{"floor":9.0,"key":"Pear"},{"floor":11.0,"key":"Old Coin"},{"floor":13.0,"key":"Incense Burner"},{"floor":19.0,"key":"Charon\u0027s Ashes"},{"floor":19.0,"key":"Matryoshka"},{"floor":23.0,"key":"PreservedInsect"},{"floor":26.0,"key":"Vajra"},{"floor":26.0,"key":"Calipers"},{"floor":29.0,"key":"Bottled Tornado"},{"floor":41.0,"key":"Unceasing Top"},{"floor":43.0,"key":"Bronze Scales"},{"floor":43.0,"key":"Smiling Mask"},{"floor":45.0,"key":"Singing Bowl"},{"floor":47.0,"key":"Pocketwatch"},{"floor":48.0,"key":"Turnip"}],"event_choices":[{"cards_removed":["Strike_R"],"damage_healed":0.0,"max_hp_gain":0.0,"max_hp_loss":0.0,"gold_gain":0.0,"event_name":"Living Wall","player_choice":"Forget","floor":2.0,"gold_loss":0.0,"damage_taken":0.0},{"damage_healed":0.0,"max_hp_gain":0.0,"max_hp_loss":0.0,"gold_gain":0.0,"event_name":"Shining Light","player_choice":"Entered Light","floor":3.0,"gold_loss":0.0,"damage_taken":23.0,"cards_upgraded":["Strike_R","Defend_R"]},{"cards_removed":["Strike_R"],"damage_healed":0.0,"max_hp_gain":0.0,"max_hp_loss":0.0,"gold_gain":0.0,"event_name":"Golden Wing","player_choice":"Card Removal","floor":4.0,"gold_loss":0.0,"damage_taken":7.0},{"damage_healed":0.0,"max_hp_gain":0.0,"max_hp_loss":0.0,"gold_gain":0.0,"event_name":"Colosseum","player_choice":"Fight","floor":19.0,"gold_loss":0.0,"damage_taken":0.0},{"damage_healed":0.0,"max_hp_gain":0.0,"max_hp_loss":0.0,"gold_gain":0.0,"event_name":"Colosseum","player_choice":"Fought Nobs","floor":19.0,"gold_loss":0.0,"damage_taken":0.0},{"damage_healed":0.0,"max_hp_gain":0.0,"max_hp_loss":0.0,"gold_gain":0.0,"event_name":"Back to Basics","player_choice":"Simplicity","floor":20.0,"gold_loss":0.0,"damage_taken":0.0,"cards_upgraded":["Strike_R","Strike_R","Defend_R","Defend_R","Defend_R"]},{"damage_healed":0.0,"max_hp_gain":0.0,"max_hp_loss":0.0,"gold_gain":0.0,"event_name":"The Woman in Blue","player_choice":"Bought 1 Potion","floor":24.0,"gold_loss":0.0,"damage_taken":0.0},{"damage_healed":0.0,"max_hp_gain":0.0,"max_hp_loss":0.0,"gold_gain":0.0,"event_name":"WeMeetAgain","player_choice":"Gave Potion","floor":36.0,"gold_loss":0.0,"damage_taken":0.0,"relics_obtained":["MawBank"]},{"damage_healed":0.0,"max_hp_gain":0.0,"max_hp_loss":0.0,"gold_gain":0.0,"event_name":"SensoryStone","player_choice":"Memory 3","floor":38.0,"gold_loss":0.0,"damage_taken":10.0},{"damage_healed":0.0,"max_hp_gain":0.0,"max_hp_loss":0.0,"gold_gain":0.0,"cards_transformed":["Anger"],"event_name":"Transmorgrifier","player_choice":"Transformed","floor":44.0,"gold_loss":0.0,"damage_taken":0.0,"cards_obtained":["Combust"]},{"damage_healed":0.0,"max_hp_gain":0.0,"max_hp_loss":0.0,"gold_gain":0.0,"event_name":"MindBloom","player_choice":"Fight","floor":48.0,"gold_loss":0.0,"damage_taken":0.0}],"is_beta":false,"boss_relics":[{"not_picked":["Astrolabe","Lizard Tail"],"picked":"Busted Crown"},{"not_picked":["Empty Cage","Runic Dome"],"picked":"Snecko Eye"}],"items_purged_floors":[],"is_endless":false,"potions_floor_spawned":[5,8,11,19,22,23,31,41,45,46,48],"ascension_level":20}