{"gold_per_floor":[109,109,109,284,296,296,315,343,368,293,306,306,381,381,381,483,483,497,511,511,511],"floor_reached":21,"playtime":495,"items_purged":["Doubt"],"score":192,"play_id":"7b270974-3ad7-4c28-9634-d929c869936c","local_time":"20190603140759","is_ascension_mode":false,"campfire_choices":[{"data":"Iron Wave","floor":6,"key":"SMITH"},{"floor":15,"key":"REST"}],"neow_cost":"NONE","seed_source_timestamp":28313277114667,"circlet_count":0,"master_deck":["Defend_R","Defend_R","Defend_R","Defend_R","Bash","Iron Wave+1","Rage","Fire Breathing","Berserk","Thunderclap","Bite","Bite","Bite","Bite","Bite"],"relics":["Velvet Choker"],"potions_floor_usage":[16,16,21],"damage_taken":[{"damage":1,"enemies":"2 Louse","floor":1,"turns":2},{"damage":0,"enemies":"Small Slimes","floor":5,"turns":3},{"damage":1,"enemies":"Jaw Worm","floor":7,"turns":2},{"damage":17,"enemies":"The Mushroom Lair","floor":8,"turns":5},{"damage":5,"enemies":"Looter","floor":11,"turns":2},{"damage":32,"enemies":"Slime Boss","floor":16,"turns":10},{"damage":15,"enemies":"Shell Parasite","floor":18,"turns":8},{"damage":35,"enemies":"Spheric Guardian","floor":19,"turns":6},{"damage":45,"enemies":"Centurion and Healer","floor":21,"turns":4}],"seed_played":"-6853820875811359103","potions_obtained":[{"floor":5,"key":"Fire Potion"},{"floor":7,"key":"AttackPotion"},{"floor":19,"key":"Fire Potion"}],"is_trial":false,"path_per_floor":["M","?","?","?","M","R","M","?","T","$","M","T","?","T","R","B",null,"M","M","?","M"],"character_chosen":"IRONCLAD","items_purchased":[],"campfire_rested":1,"item_purchase_floors":[],"current_hp_per_floor":[79,63,56,56,56,56,55,38,38,38,33,33,22,22,46,14,80,65,30,30,0],"gold":511,"neow_bonus":"BOSS_RELIC","is_prod":false,"is_daily":false,"chose_seed":false,"campfire_upgraded":1,"win_rate":0,"timestamp":1559563679,"path_taken":["M","?","?","?","M","R","?","?","T","$","M","?","?","?","R","BOSS","M","M","?","M"],"build_version":"2019-01-23","purchased_purges":1,"victory":false,"max_hp_per_floor":[80,80,80,80,80,80,80,80,80,80,80,80,80,80,80,80,80,80,80,56,56],"card_choices":[{"not_picked":["Anger","Dropkick","Combust"],"picked":"SKIP","floor":1},{"not_picked":["Flex","Dark Embrace"],"picked":"Iron Wave","floor":5},{"not_picked":["Ghostly Armor","Clash","Havoc"],"picked":"SKIP","floor":7},{"not_picked":["Iron Wave","Anger"],"picked":"Rage","floor":8},{"not_picked":["Uppercut","Infernal Blade"],"picked":"Fire Breathing","floor":11},{"not_picked":["Dark Embrace","Impervious"],"picked":"Berserk","floor":16},{"not_picked":["Flame Barrier","Body Slam","Dual Wield"],"picked":"SKIP","floor":18},{"not_picked":["Ghostly Armor","Perfected Strike"],"picked":"Thunderclap","floor":19}],"player_experience":290059,"relics_obtained":[],"event_choices":[{"damage_healed":0,"gold_gain":0,"player_choice":"Entered Light","damage_taken":16,"max_hp_gain":0,"max_hp_loss":0,"event_name":"Shining Light","floor":2,"gold_loss":0,"cards_upgraded":["Strike_R","Strike_R"]},{"cards_removed":["Strike_R"],"damage_healed":0,"gold_gain":0,"player_choice":"Card Removal","damage_taken":7,"max_hp_gain":0,"max_hp_loss":0,"event_name":"Golden Wing","floor":3,"gold_loss":0},{"damage_healed":0,"gold_gain":175,"player_choice":"AGREE","damage_taken":0,"max_hp_gain":0,"max_hp_loss":0,"event_name":"Liars Game","floor":4,"gold_loss":0,"cards_obtained":["Doubt"]},{"damage_healed":0,"gold_gain":0,"player_choice":"Fought Mushrooms","damage_taken":0,"max_hp_gain":0,"max_hp_loss":0,"event_name":"Mushrooms","floor":8,"gold_loss":0},{"damage_healed":0,"gold_gain":75,"player_choice":"Gather Gold","damage_taken":11,"max_hp_gain":0,"max_hp_loss":0,"event_name":"World of Goop","floor":13,"gold_loss":0},{"damage_healed":0,"gold_gain":0,"player_choice":"Became a vampire","damage_taken":0,"max_hp_gain":0,"max_hp_loss":24,"event_name":"Vampires","floor":20,"gold_loss":0,"cards_obtained":["Bite","Bite","Bite","Bite","Bite"]}],"is_beta":false,"boss_relics":[{"not_picked":["Busted Crown","Empty Cage","Calling Bell"]}],"items_purged_floors":[10],"is_endless":false,"potions_floor_spawned":[5,7,19],"killed_by":"Centurion and Healer","ascension_level":0}