{"gold_per_floor":[112,131,142,161,161,161,196,209,235,253,98,108,120,120,120,216,216,232,232,232,57,57,82,82,92,92,124,124,144,162,162,162,162],"floor_reached":33,"playtime":1745,"items_purged":["Strike_R"],"score":289,"play_id":"ee2cb104-a492-460e-bbe7-14d19717fba1","local_time":"20190125001820","is_ascension_mode":false,"campfire_choices":[{"data":"Flame Barrier","floor":6,"key":"SMITH"},{"floor":15,"key":"REST"},{"floor":28,"key":"REST"},{"floor":32,"key":"RECALL"}],"neow_cost":"NONE","seed_source_timestamp":216145822611566,"circlet_count":0,"master_deck":["Strike_R+1","Strike_R+1","Strike_R+1","Strike_R+1","Defend_R+1","Defend_R+1","Defend_R+1","Defend_R+1","Bash","Carnage","Clash","Armaments+1","Flame Barrier+1","Seeing Red","Inflame","Fire Breathing","Spot Weakness","Anger","Feed","Shrug It Off","Necronomicurse","Apotheosis","Metallicize","Rage+1"],"relics":["Burning Blood","NeowsBlessing","Letter Opener","Eternal Feather","Necronomicon","Blood Vial","Champion Belt","Smiling Mask","MutagenicStrength"],"potions_floor_usage":[16,16,27,33],"damage_taken":[{"damage":0,"enemies":"Cultist","floor":1,"turns":1},{"damage":0,"enemies":"Small Slimes","floor":2,"turns":1},{"damage":0,"enemies":"Jaw Worm","floor":3,"turns":1},{"damage":7,"enemies":"Blue Slaver","floor":4,"turns":2},{"damage":36,"enemies":"Lagavulin","floor":7,"turns":7},{"damage":21,"enemies":"Exordium Wildlife","floor":8,"turns":3},{"damage":7,"enemies":"3 Louse","floor":10,"turns":3},{"damage":16,"enemies":"Large Slime","floor":12,"turns":6},{"damage":2,"enemies":"Exordium Wildlife","floor":13,"turns":3},{"damage":51,"enemies":"The Guardian","floor":16,"turns":12},{"damage":20,"enemies":"Spheric Guardian","floor":18,"turns":4},{"damage":20,"enemies":"Slavers","floor":23,"turns":6},{"damage":27,"enemies":"Colosseum Slavers","floor":24,"turns":4},{"damage":14,"enemies":"2 Thieves","floor":25,"turns":3},{"damage":19,"enemies":"Book of Stabbing","floor":27,"turns":5},{"damage":8,"enemies":"Snecko","floor":29,"turns":5},{"damage":29,"enemies":"Cultist and Chosen","floor":30,"turns":8},{"damage":74,"enemies":"Champ","floor":33,"turns":10}],"seed_played":"4217430016093456538","potions_obtained":[{"floor":2,"key":"Fire Potion"},{"floor":4,"key":"Energy Potion"},{"floor":7,"key":"AttackPotion"},{"floor":13,"key":"FairyPotion"},{"floor":23,"key":"PowerPotion"},{"floor":29,"key":"Swift Potion"}],"is_trial":false,"path_per_floor":["M","M","M","M","?","R","E","M","T","M","$","M","M","?","R","B",null,"M","?","?","$","?","E","?","M","T","E","R","M","M","?","R","B"],"character_chosen":"IRONCLAD","items_purchased":["Spot Weakness","Apotheosis"],"campfire_rested":2,"item_purchase_floors":[11,21],"current_hp_per_floor":[80,80,80,79,79,79,49,34,34,33,33,23,27,27,51,14,80,66,66,50,50,76,66,47,41,41,30,67,67,46,46,58,0],"gold":162,"neow_bonus":"THREE_ENEMY_KILL","is_prod":false,"is_daily":false,"chose_seed":false,"campfire_upgraded":1,"win_rate":0,"timestamp":1548371900,"path_taken":["M","?","M","M","?","R","E","M","T","M","$","M","?","?","R","BOSS","M","?","?","?","?","E","?","M","T","E","R","M","?","?","R","BOSS"],"build_version":"2019-01-23","purchased_purges":1,"victory":false,"max_hp_per_floor":[80,80,80,80,80,80,80,80,80,80,80,80,80,80,80,80,80,80,80,80,80,80,84,84,84,84,84,84,84,84,84,84,84],"card_choices":[{"not_picked":["Perfected Strike","Armaments"],"picked":"Carnage","floor":1},{"not_picked":["Rage","Feel No Pain"],"picked":"Clash","floor":2},{"not_picked":["Headbutt","Rampage"],"picked":"Armaments","floor":3},{"not_picked":["Anger","Uppercut"],"picked":"Flame Barrier","floor":4},{"not_picked":["Flex","Intimidate"],"picked":"Seeing Red","floor":7},{"not_picked":["Shrug It Off","Havoc"],"picked":"Inflame","floor":8},{"not_picked":["Fiend Fire","Clothesline"],"picked":"Fire Breathing","floor":10},{"not_picked":["Wild Strike","Dual Wield"],"picked":"Anger","floor":12},{"not_picked":["Havoc","Sword Boomerang","Body Slam"],"picked":"SKIP","floor":13},{"not_picked":["Juggernaut","Dark Embrace"],"picked":"Feed","floor":16},{"not_picked":["Clash","Sword Boomerang"],"picked":"Shrug It Off","floor":18},{"not_picked":["Shrug It Off+1","Fire Breathing+1"],"picked":"Metallicize","floor":23},{"not_picked":["Flex","Wild Strike","True Grit"],"picked":"SKIP","floor":25},{"not_picked":["Combust+1","Spot Weakness","Anger"],"picked":"SKIP","floor":27},{"not_picked":["Brutality","Headbutt"],"picked":"Rage+1","floor":29},{"not_picked":["Warcry","Battle Trance","Pummel"],"picked":"SKIP","floor":30}],"player_experience":184768,"relics_obtained":[{"floor":7,"key":"Letter Opener"},{"floor":20,"key":"Necronomicon"},{"floor":23,"key":"Blood Vial"},{"floor":26,"key":"Champion Belt"},{"floor":27,"key":"Smiling Mask"}],"event_choices":[{"damage_healed":0,"gold_gain":0,"player_choice":"Upgraded","damage_taken":0,"max_hp_gain":0,"max_hp_loss":0,"event_name":"Upgrade Shrine","floor":5,"gold_loss":0,"cards_upgraded":["Armaments"]},{"damage_healed":0,"gold_gain":0,"player_choice":"Ignored","damage_taken":0,"max_hp_gain":0,"max_hp_loss":0,"event_name":"Golden Idol","floor":14,"gold_loss":0},{"damage_healed":0,"gold_gain":0,"player_choice":"Simplicity","damage_taken":0,"max_hp_gain":0,"max_hp_loss":0,"event_name":"Back to Basics","floor":19,"gold_loss":0,"cards_upgraded":["Strike_R","Strike_R","Strike_R","Strike_R","Defend_R","Defend_R","Defend_R","Defend_R"]},{"damage_healed":0,"gold_gain":0,"player_choice":"Obtained Book","damage_taken":16,"max_hp_gain":0,"max_hp_loss":0,"event_name":"Cursed Tome","floor":20,"gold_loss":0},{"damage_healed":26,"gold_gain":0,"player_choice":"Heal","damage_taken":0,"max_hp_gain":0,"max_hp_loss":0,"event_name":"The Library","floor":22,"gold_loss":0},{"damage_healed":0,"gold_gain":0,"player_choice":"Fight","damage_taken":0,"max_hp_gain":0,"max_hp_loss":0,"event_name":"Colosseum","floor":24,"gold_loss":0},{"damage_healed":0,"gold_gain":0,"player_choice":"Fled From Nobs","damage_taken":0,"max_hp_gain":0,"max_hp_loss":0,"event_name":"Colosseum","floor":24,"gold_loss":0},{"damage_healed":0,"gold_gain":0,"player_choice":"Inject Mutagens","damage_taken":0,"relics_obtained":["MutagenicStrength"],"max_hp_gain":0,"max_hp_loss":0,"event_name":"Drug Dealer","floor":31,"gold_loss":0}],"is_beta":false,"boss_relics":[{"not_picked":["Snecko Eye","Orrery"],"picked":"Eternal Feather"}],"items_purged_floors":[11],"is_endless":false,"potions_floor_spawned":[2,4,7,8,12,13,23,24,29],"killed_by":"Champ","ascension_level":0}