{"gold_per_floor":[110,125,73,86,99,133,146,146,146,146,160,170,182,83,83,187,187,200,200,228,228],"floor_reached":21,"playtime":724,"items_purged":["Strike_R"],"score":183,"play_id":"f9b50d30-53aa-4f97-b286-106055ebbac4","local_time":"20180803141000","is_ascension_mode":false,"campfire_choices":[{"data":"Armaments","floor":8,"key":"SMITH"},{"data":"Clash","floor":15,"key":"SMITH"}],"neow_cost":"","seed_source_timestamp":7632145790023,"circlet_count":0,"master_deck":["Strike_R","Strike_R","Strike_R+1","Strike_R","Defend_R","Defend_R","Defend_R","Defend_R","Bash+1","Heavy Blade","Twin Strike","Armaments+1","Headbutt","Clash+1","Cleave","Pommel Strike","Parasite","Regret","Thunderclap","Writhe","Sword Boomerang"],"relics":["Burning Blood","Letter Opener","Whetstone","Calling Bell","Anchor","Gremlin Horn","Calipers","Red Mask"],"potions_floor_usage":[6,16,16],"damage_taken":[{"damage":1,"enemies":"Cultist","floor":1,"turns":4},{"damage":7,"enemies":"2 Louse","floor":2,"turns":3},{"damage":0,"enemies":"Small Slimes","floor":4,"turns":3},{"damage":34,"enemies":"Gremlin Gang","floor":5,"turns":6},{"damage":9,"enemies":"3 Sentries","floor":6,"turns":7},{"damage":5,"enemies":"Large Slime","floor":7,"turns":6},{"damage":2,"enemies":"3 Louse","floor":11,"turns":2},{"damage":2,"enemies":"Blue Slaver","floor":12,"turns":2},{"damage":8,"enemies":"Gremlin Gang","floor":13,"turns":3},{"damage":53,"enemies":"Hexaghost","floor":16,"turns":10},{"damage":19,"enemies":"3 Byrds","floor":18,"turns":6},{"damage":56,"floor":20,"turns":5},{"damage":30,"enemies":"Chosen","floor":21,"turns":4}],"seed_played":"-524943186657887515","potions_obtained":[{"floor":1,"key":"AttackPotion"},{"floor":5,"key":"Weak Potion"},{"floor":6,"key":"SpeedPotion"},{"floor":12,"key":"Energy Potion"},{"floor":18,"key":"SteroidPotion"}],"is_trial":false,"path_per_floor":["M","M","$","M","M","E","M","R","T","?","M","M","M","$","R","B",null,"M","?","?"],"character_chosen":"IRONCLAD","items_purchased":["Armaments","Pommel Strike"],"campfire_rested":0,"item_purchase_floors":[3,14],"current_hp_per_floor":[80,79,79,80,52,49,50,50,50,50,54,58,56,56,56,9,80,67,67,17,0],"gold":228,"neow_bonus":"","is_prod":false,"is_daily":false,"chose_seed":false,"campfire_upgraded":2,"win_rate":0,"timestamp":1533298200,"path_taken":["M","M","$","?","M","E","M","R","T","?","?","M","M","?","R","BOSS","M","?","?","?"],"build_version":"2018-08-02","purchased_purges":1,"victory":false,"max_hp_per_floor":[80,80,80,80,80,80,80,80,80,80,80,80,80,80,80,80,80,80,80,80,80],"card_choices":[{"not_picked":["Sentinel","Battle Trance"],"picked":"Heavy Blade","floor":1},{"not_picked":["Headbutt","Body Slam"],"picked":"Twin Strike","floor":2},{"not_picked":["Demon Form","True Grit"],"picked":"Headbutt","floor":4},{"not_picked":["Clothesline","Wild Strike"],"picked":"Clash","floor":5},{"not_picked":["Blood for Blood","True Grit"],"picked":"Cleave","floor":6},{"not_picked":["Clothesline","Hemokinesis","Headbutt"],"picked":"SKIP","floor":7},{"not_picked":["Havoc","Anger","Twin Strike"],"picked":"SKIP","floor":11},{"not_picked":["Rage","Heavy Blade","Berserk"],"picked":"SKIP","floor":12},{"not_picked":["Shockwave","Warcry","Wild Strike"],"picked":"SKIP","floor":13},{"not_picked":["Flex","Iron Wave"],"picked":"Thunderclap","floor":18},{"not_picked":["Disarm","Wild Strike"],"picked":"Sword Boomerang","floor":20}],"player_experience":96175,"relics_obtained":[{"floor":6,"key":"Letter Opener"},{"floor":9,"key":"Whetstone"},{"floor":17,"key":"Anchor"},{"floor":17,"key":"Gremlin Horn"},{"floor":17,"key":"Calipers"},{"floor":20,"key":"Red Mask"}],"event_choices":[{"event_name":"Golden Idol","player_choice":"Ignored","floor":10,"damage_taken":0},{"event_name":"Transmorgrifier","player_choice":"Transform","floor":19,"damage_taken":0},{"event_name":"Masked Bandits","player_choice":"Fought over 200 gold","floor":20,"damage_taken":0}],"is_beta":false,"boss_relics":[{"not_picked":["Fusion Hammer","Snecko Eye"],"picked":"Calling Bell"}],"items_purged_floors":[14],"is_endless":false,"potions_floor_spawned":[1,5,6,12,18],"killed_by":"Chosen","ascension_level":0}