{"gold_per_floor":[111,124,179,194,163,163,192,192,192,192,225,225,245,259,259,357,357,377,337,352,362,382,382,237,99,124,155,173,185,185,201,201,300,300,318,57,57,110,25,25,35,35,35,35,366,378,54,64,64,64,64,64,13,13],"floor_reached":54,"playtime":2223,"items_purged":["Strike_R","Strike_R"],"score":724,"play_id":"6618cd4b-4693-4791-b98f-e589873356ee","local_time":"20190126200422","is_ascension_mode":false,"campfire_choices":[{"data":"Armaments","floor":6,"key":"SMITH"},{"data":"Searing Blow","floor":8,"key":"SMITH"},{"data":"Searing Blow+1","floor":10,"key":"SMITH"},{"data":"Searing Blow+2","floor":12,"key":"SMITH"},{"data":"Searing Blow+3","floor":15,"key":"SMITH"},{"data":"True Grit","floor":23,"key":"SMITH"},{"floor":30,"key":"RECALL"},{"data":"Limit Break","floor":32,"key":"SMITH"},{"data":"Searing Blow+4","floor":40,"key":"SMITH"},{"data":"Searing Blow+5","floor":42,"key":"SMITH"},{"data":"Searing Blow+6","floor":49,"key":"SMITH"},{"data":"Searing Blow+7","floor":52,"key":"SMITH"}],"neow_cost":"NONE","seed_source_timestamp":115810611667274,"circlet_count":0,"master_deck":["Strike_R","Strike_R","Strike_R+1","Defend_R","Defend_R+1","Defend_R","Defend_R","Bash","Searing Blow+8","Armaments+1","True Grit+1","Shrug It Off","Clothesline+1","Uppercut","Seeing Red","Spot Weakness","Metallicize","Flame Barrier","Limit Break+1","Juggernaut","Inflame","Flame Barrier","Dropkick","Rage+1","Entrench","Inflame"],"relics":["Burning Blood","Strawberry","Regal Pillow","Pen Nib","Letter Opener","Snecko Eye","Red Skull","Busted Crown","Bottled Lightning","Charon\u0027s Ashes","Pear","Old Coin","Bag of Preparation"],"potions_floor_usage":[13,16,27,35,38,38,45,46,50,50,54],"damage_taken":[{"damage":15,"enemies":"Jaw Worm","floor":1,"turns":5},{"damage":2,"enemies":"2 Louse","floor":2,"turns":3},{"damage":10,"enemies":"Cultist","floor":4,"turns":4},{"damage":22,"enemies":"Exordium Thugs","floor":5,"turns":5},{"damage":27,"enemies":"Lagavulin","floor":7,"turns":12},{"damage":21,"enemies":"3 Sentries","floor":11,"turns":9},{"damage":4,"enemies":"2 Fungi Beasts","floor":13,"turns":3},{"damage":0,"enemies":"Large Slime","floor":14,"turns":3},{"damage":36,"enemies":"The Guardian","floor":16,"turns":14},{"damage":0,"enemies":"Chosen","floor":18,"turns":4},{"damage":8,"enemies":"Shell Parasite","floor":20,"turns":3},{"damage":3,"enemies":"Snake Plant","floor":21,"turns":4},{"damage":15,"enemies":"Snecko","floor":22,"turns":3},{"damage":12,"enemies":"Book of Stabbing","floor":27,"turns":4},{"damage":13,"enemies":"Cultist and Chosen","floor":28,"turns":5},{"damage":0,"enemies":"3 Cultists","floor":29,"turns":4},{"damage":4,"enemies":"Centurion and Healer","floor":31,"turns":5},{"damage":29,"enemies":"Automaton","floor":33,"turns":11},{"damage":30,"enemies":"3 Darklings","floor":35,"turns":4},{"damage":8,"enemies":"2 Orb Walkers","floor":38,"turns":4},{"damage":2,"enemies":"Orb Walker","floor":41,"turns":2},{"damage":2,"enemies":"Giant Head","floor":45,"turns":8},{"damage":16,"enemies":"3 Darklings","floor":46,"turns":4},{"damage":10,"enemies":"Maw","floor":48,"turns":5},{"damage":53,"enemies":"Awakened One","floor":50,"turns":7},{"damage":97,"enemies":"Shield and Spear","floor":54,"turns":5}],"seed_played":"8697792780807361608","potions_obtained":[{"floor":1,"key":"Swift Potion"},{"floor":5,"key":"SkillPotion"},{"floor":11,"key":"BloodPotion"},{"floor":14,"key":"SteroidPotion"},{"floor":16,"key":"BloodPotion"},{"floor":20,"key":"BloodPotion"},{"floor":29,"key":"Dexterity Potion"},{"floor":31,"key":"Fire Potion"},{"floor":35,"key":"Ancient Potion"},{"floor":38,"key":"Regen Potion"},{"floor":41,"key":"Block Potion"}],"is_trial":false,"path_per_floor":["M","M","?","M","M","R","E","R","T","R","E","R","M","M","R","B",null,"M","?","M","M","M","R","$","$","T","E","M","M","R","M","R","B",null,"M","$","?","?","$","R","M","R","T","?","E","M","$","M","R","B",null,"R","$","E"],"character_chosen":"IRONCLAD","items_purchased":["Spot Weakness","Metallicize","Bottled Lightning","Dropkick","PowerPotion","Entrench","SpeedPotion","Explosive Potion","Bag of Preparation","Block Potion"],"campfire_rested":0,"item_purchase_floors":[24,25,36,39,39,47,47,47,47,53],"current_hp_per_floor":[78,82,82,78,62,62,41,41,41,41,26,26,36,42,42,20,87,87,87,85,87,78,78,78,78,78,86,81,87,87,87,87,64,87,83,83,83,83,83,83,83,83,93,93,93,88,88,84,84,37,93,93,93,0],"gold":13,"neow_bonus":"RANDOM_COMMON_RELIC","is_prod":false,"is_daily":false,"chose_seed":false,"campfire_upgraded":11,"win_rate":0,"timestamp":1548529462,"path_taken":["M","M","?","M","M","R","E","R","T","R","E","R","M","M","R","BOSS","M","?","?","M","M","R","?","$","T","E","M","M","R","?","R","BOSS","M","$","?","?","?","R","M","R","T","?","E","M","$","M","R","BOSS","R","$","E"],"build_version":"2019-01-23","purchased_purges":2,"victory":false,"max_hp_per_floor":[87,87,87,87,87,87,87,87,87,87,87,87,87,87,87,87,87,87,87,87,87,87,87,87,87,87,87,87,87,87,87,87,87,87,87,87,83,83,83,83,83,83,93,93,93,93,93,93,93,93,93,93,93,93],"card_choices":[{"not_picked":["Corruption","Iron Wave"],"picked":"Searing Blow","floor":1},{"not_picked":["Anger","True Grit"],"picked":"Armaments","floor":2},{"not_picked":["Wild Strike","Pommel Strike","Heavy Blade"],"picked":"SKIP","floor":4},{"not_picked":["Clash","Intimidate"],"picked":"True Grit","floor":5},{"not_picked":["Armaments","Entrench","Burning Pact"],"picked":"SKIP","floor":7},{"not_picked":["Cleave","Twin Strike"],"picked":"Shrug It Off","floor":11},{"not_picked":["Wild Strike","Uppercut","Heavy Blade"],"picked":"SKIP","floor":13},{"not_picked":["Headbutt","Sword Boomerang"],"picked":"Reaper","floor":14},{"not_picked":["Reckless Charge+1","Warcry+1"],"picked":"Clothesline+1","floor":18},{"not_picked":["Searing Blow","Iron Wave"],"picked":"Uppercut","floor":20},{"not_picked":["Shockwave+1","Perfected Strike"],"picked":"Seeing Red","floor":21},{"not_picked":["Clash+1","Twin Strike","Shrug It Off"],"picked":"SKIP","floor":22},{"not_picked":["Thunderclap","Heavy Blade+1","Flex"],"picked":"SKIP","floor":27},{"not_picked":["Armaments+1","Rampage+1"],"picked":"Flame Barrier","floor":28},{"not_picked":["Anger","Uppercut"],"picked":"Limit Break","floor":29},{"not_picked":["Twin Strike","Iron Wave","Evolve+1"],"picked":"SKIP","floor":31},{"not_picked":["Feed","Exhume"],"picked":"Juggernaut","floor":33},{"not_picked":[],"picked":"Inflame","floor":35},{"not_picked":[],"picked":"Flame Barrier","floor":38},{"not_picked":["Sentinel+1"],"picked":"SKIP","floor":41},{"not_picked":["Sword Boomerang+1"],"picked":"SKIP","floor":45},{"not_picked":[],"picked":"Rage+1","floor":46},{"not_picked":[],"picked":"Inflame","floor":48}],"player_experience":198381,"relics_obtained":[{"floor":7,"key":"Regal Pillow"},{"floor":9,"key":"Pen Nib"},{"floor":11,"key":"Letter Opener"},{"floor":27,"key":"Red Skull"},{"floor":38,"key":"Charon\u0027s Ashes"},{"floor":43,"key":"Pear"},{"floor":45,"key":"Old Coin"}],"event_choices":[{"damage_healed":0,"gold_gain":55,"player_choice":"Gained Gold","damage_taken":0,"max_hp_gain":0,"max_hp_loss":0,"event_name":"Golden Wing","floor":3,"gold_loss":0},{"damage_healed":0,"gold_gain":0,"player_choice":"Upgraded Two","damage_taken":0,"max_hp_gain":0,"max_hp_loss":0,"event_name":"Designer","floor":19,"gold_loss":40,"cards_upgraded":["Strike_R","Defend_R"]},{"damage_healed":0,"gold_gain":0,"player_choice":"Max HP","damage_taken":0,"max_hp_gain":0,"max_hp_loss":4,"event_name":"Winding Halls","floor":37,"gold_loss":0},{"damage_healed":0,"gold_gain":0,"player_choice":"Fight","damage_taken":0,"max_hp_gain":0,"max_hp_loss":0,"event_name":"Mysterious Sphere","floor":38,"gold_loss":0},{"cards_removed":["Reaper"],"damage_healed":0,"gold_gain":0,"player_choice":"Removed Attack","damage_taken":0,"max_hp_gain":0,"max_hp_loss":0,"event_name":"Falling","floor":44,"gold_loss":0}],"is_beta":false,"boss_relics":[{"not_picked":["Tiny House","Calling Bell"],"picked":"Snecko Eye"},{"not_picked":["Orrery","Cursed Key"],"picked":"Busted Crown"}],"items_purged_floors":[24,25],"is_endless":false,"potions_floor_spawned":[1,5,11,14,16,20,21,29,31,35,38,41],"killed_by":"Shield and Spear","ascension_level":0}