{"gold_per_floor":[114,114,37,54,68,68,93,93,118,118],"floor_reached":10,"playtime":145,"items_purged":[],"score":66,"play_id":"b3c1703b-573e-4602-800b-21431dd2ee16","local_time":"20190319181354","is_ascension_mode":false,"campfire_choices":[{"floor":8,"key":"REST"}],"neow_cost":"NONE","seed_source_timestamp":507733115296377,"circlet_count":0,"master_deck":["Defend_G","Defend_G","Defend_G","Defend_G","Defend_G","Strike_G","Strike_G","Strike_G+1","Strike_G+1","Strike_G","Survivor","Neutralize","Noxious Fumes","Dagger Spray"],"relics":["Ring of the Snake","NeowsBlessing","Ancient Tea Set"],"potions_floor_usage":[],"damage_taken":[{"damage":0,"enemies":"Small Slimes","floor":1,"turns":1},{"damage":0,"enemies":"Jaw Worm","floor":4,"turns":1},{"damage":0,"enemies":"2 Louse","floor":5,"turns":1},{"damage":36,"enemies":"Lagavulin","floor":7,"turns":6},{"damage":0,"enemies":"Gremlin Nob","floor":10,"turns":1}],"seed_played":"-575697773730526896","potions_obtained":[{"floor":7,"key":"Swift Potion"}],"is_trial":false,"path_per_floor":["M","?","$","M","M","?","E","R","T","E"],"character_chosen":"THE_SILENT","items_purchased":["Noxious Fumes"],"campfire_rested":1,"item_purchase_floors":[3],"current_hp_per_floor":[70,75,75,75,75,60,24,46,46,46],"gold":118,"neow_bonus":"THREE_ENEMY_KILL","is_prod":false,"is_daily":false,"chose_seed":false,"campfire_upgraded":0,"win_rate":0,"timestamp":1552986834,"path_taken":["M","?","$","M","M","?","E","R","T","E"],"build_version":"2019-01-23","purchased_purges":0,"victory":false,"max_hp_per_floor":[70,75,75,75,75,75,75,75,75,75],"card_choices":[{"not_picked":["Underhanded Strike","Blade Dance","Infinite Blades"],"picked":"SKIP","floor":1},{"not_picked":["Cloak And Dagger","Quick Slash","Tactician"],"picked":"SKIP","floor":4},{"not_picked":["Slice","Sucker Punch"],"picked":"Dagger Spray","floor":5},{"not_picked":["Terror","Prepared","Doppelganger"],"picked":"SKIP","floor":7}],"player_experience":325967,"relics_obtained":[{"floor":7,"key":"Ancient Tea Set"}],"event_choices":[{"damage_healed":0,"gold_gain":0,"player_choice":"Donut","damage_taken":0,"max_hp_gain":5,"max_hp_loss":0,"event_name":"Big Fish","floor":2,"gold_loss":0},{"damage_healed":0,"gold_gain":0,"player_choice":"Entered Light","damage_taken":15,"max_hp_gain":0,"max_hp_loss":0,"event_name":"Shining Light","floor":6,"gold_loss":0,"cards_upgraded":["Strike_G","Strike_G"]}],"is_beta":false,"boss_relics":[],"items_purged_floors":[],"is_endless":false,"potions_floor_spawned":[7],"killed_by":"Gremlin Nob","ascension_level":0}