{"gold_per_floor":[111,36,36,36,55,55,65,65,65,76,76,76,86,106,106,208,208,220,145,156,175,175,175,90,121,190,206,206,219,219,232,232,232],"floor_reached":33,"playtime":1203,"items_purged":["Strike_B"],"score":323,"play_id":"2816a192-1f33-4474-9b02-2d98bfdc52f7","local_time":"20190429123702","is_ascension_mode":true,"campfire_choices":[{"data":"Zap","floor":6,"key":"SMITH"},{"data":"Genetic Algorithm","floor":8,"key":"SMITH"},{"floor":15,"key":"REST"},{"floor":23,"key":"REST"},{"floor":32,"key":"REST"}],"neow_cost":"NONE","seed_source_timestamp":51843213248649,"circlet_count":0,"master_deck":["Strike_B+1","Defend_B","Defend_B","Defend_B","Defend_B","Zap+1","Dualcast","Ball Lightning+1","Ball Lightning","Genetic Algorithm+1","Ball Lightning","Machine Learning","Melter","Chill+1","Ball Lightning+1"],"relics":["Cracked Core","Meat on the Bone","Bottled Lightning","Matryoshka","Sozu","Sundial","Mummified Hand","Omamori","Mercury Hourglass"],"potions_floor_usage":[25,25,33],"damage_taken":[{"damage":2,"enemies":"Jaw Worm","floor":1,"turns":3},{"damage":0,"enemies":"Small Slimes","floor":5,"turns":3},{"damage":0,"enemies":"2 Louse","floor":7,"turns":1},{"damage":1,"enemies":"2 Fungi Beasts","floor":10,"turns":2},{"damage":2,"enemies":"Blue Slaver","floor":13,"turns":2},{"damage":2,"enemies":"Looter","floor":14,"turns":2},{"damage":42,"enemies":"Hexaghost","floor":16,"turns":8},{"damage":6,"enemies":"Shell Parasite","floor":18,"turns":4},{"damage":0,"enemies":"Chosen","floor":20,"turns":3},{"damage":17,"enemies":"Snake Plant","floor":21,"turns":3},{"damage":33,"enemies":"Book of Stabbing","floor":25,"turns":5},{"damage":27,"enemies":"Snecko","floor":27,"turns":4},{"damage":5,"enemies":"Shelled Parasite and Fungi","floor":29,"turns":3},{"damage":21,"enemies":"Centurion and Healer","floor":31,"turns":4},{"damage":70,"enemies":"Collector","floor":33,"turns":7}],"seed_played":"6994292059842137942","potions_obtained":[{"floor":1,"key":"FearPotion"},{"floor":7,"key":"Dexterity Potion"},{"floor":13,"key":"EssenceOfSteel"},{"floor":16,"key":"AttackPotion"}],"is_trial":false,"path_per_floor":["M","$","?","?","M","R","M","R","T","M","T","?","M","M","R","B",null,"M","?","M","M","?","R","?","E","T","M","?","M","?","M","R","B"],"character_chosen":"DEFECT","items_purchased":[],"campfire_rested":3,"item_purchase_floors":[],"current_hp_per_floor":[73,73,78,62,62,62,62,62,62,61,61,36,46,44,68,38,80,74,74,74,57,57,80,80,47,47,32,17,24,52,43,68,0],"gold":232,"neow_bonus":"REMOVE_CARD","is_prod":false,"is_daily":false,"chose_seed":false,"campfire_upgraded":2,"win_rate":0,"timestamp":1556566622,"path_taken":["M","$","?","?","M","R","M","R","T","M","?","?","M","M","R","BOSS","M","?","M","M","?","R","?","E","T","?","?","M","?","M","R","BOSS"],"build_version":"2019-01-23","purchased_purges":1,"victory":false,"max_hp_per_floor":[75,75,80,80,80,80,80,80,80,80,80,80,80,80,80,80,80,80,80,80,80,80,80,80,80,80,80,85,85,85,85,85,85],"card_choices":[{"not_picked":["Coolheaded","Steam"],"picked":"Ball Lightning","floor":1},{"not_picked":["Glacier","Aggregate"],"picked":"Ball Lightning","floor":5},{"not_picked":["Lockon","Sweeping Beam"],"picked":"Genetic Algorithm","floor":7},{"not_picked":["Hello World","Turbo","Beam Cell"],"picked":"SKIP","floor":10},{"not_picked":["Steam","Rebound","Reprogram"],"picked":"SKIP","floor":13},{"not_picked":["Multi-Cast","Rip and Tear"],"picked":"Ball Lightning","floor":14},{"not_picked":["Multi-Cast","Seek"],"picked":"Machine Learning","floor":16},{"not_picked":["Steam","Rebound","Streamline"],"picked":"SKIP","floor":18},{"not_picked":["Barrage+1","Doom and Gloom","Streamline+1"],"picked":"SKIP","floor":20},{"not_picked":["Compile Driver","Conserve Battery","Fusion"],"picked":"SKIP","floor":21},{"not_picked":["Stack","Turbo+1"],"picked":"Melter","floor":25},{"not_picked":["Cold Snap","Turbo"],"picked":"Chill+1","floor":27},{"not_picked":["Darkness+1","Heatsinks","Compile Driver"],"picked":"SKIP","floor":29},{"not_picked":["Barrage","Go for the Eyes"],"picked":"Ball Lightning+1","floor":31}],"player_experience":175451,"relics_obtained":[{"floor":9,"key":"Meat on the Bone"},{"floor":11,"key":"Bottled Lightning"},{"floor":25,"key":"Mummified Hand"},{"floor":26,"key":"Omamori"},{"floor":26,"key":"Mercury Hourglass"}],"event_choices":[{"damage_healed":0,"gold_gain":0,"player_choice":"Donut","damage_taken":0,"max_hp_gain":5,"max_hp_loss":0,"event_name":"Big Fish","floor":3,"gold_loss":0},{"damage_healed":0,"gold_gain":0,"player_choice":"Entered Light","damage_taken":16,"max_hp_gain":0,"max_hp_loss":0,"event_name":"Shining Light","floor":4,"gold_loss":0,"cards_upgraded":["Strike_B","Ball Lightning"]},{"damage_healed":0,"gold_gain":0,"player_choice":"Success","damage_taken":25,"relics_obtained":["Matryoshka"],"max_hp_gain":0,"max_hp_loss":0,"event_name":"Scrap Ooze","floor":12,"gold_loss":0},{"cards_removed":["Strike_B"],"damage_healed":0,"gold_gain":0,"player_choice":"Gave Gold","damage_taken":0,"max_hp_gain":0,"max_hp_loss":0,"event_name":"Beggar","floor":19,"gold_loss":75},{"damage_healed":0,"gold_gain":0,"player_choice":"Ignored","damage_taken":0,"max_hp_gain":0,"max_hp_loss":0,"event_name":"The Mausoleum","floor":22,"gold_loss":0},{"damage_healed":0,"gold_gain":0,"player_choice":"Obtained Relic","damage_taken":0,"relics_obtained":["Sundial"],"max_hp_gain":0,"max_hp_loss":0,"event_name":"Addict","floor":24,"gold_loss":85},{"damage_healed":0,"gold_gain":0,"player_choice":"Shed Blood","damage_taken":20,"max_hp_gain":5,"max_hp_loss":0,"event_name":"Forgotten Altar","floor":28,"gold_loss":0},{"damage_healed":28,"gold_gain":0,"player_choice":"Heal","damage_taken":0,"max_hp_gain":0,"max_hp_loss":0,"event_name":"The Library","floor":30,"gold_loss":0}],"is_beta":false,"boss_relics":[{"not_picked":["White Beast Statue","Eternal Feather"],"picked":"Sozu"}],"items_purged_floors":[2],"is_endless":false,"potions_floor_spawned":[1,7,13,16,21,27,29,31],"killed_by":"Collector","ascension_level":3}