{"gold_per_floor":[109,109,34,46,46,46,46,46,97,427,438,438,451,470,470,470],"floor_reached":16,"playtime":939,"items_purged":["Strike_B"],"score":120,"play_id":"b08a0805-4396-4b50-aae2-165aeb2aae8a","local_time":"20190501190459","is_ascension_mode":true,"campfire_choices":[{"floor":6,"key":"REST"},{"floor":12,"key":"REST"},{"floor":15,"key":"REST"}],"neow_cost":"NONE","seed_source_timestamp":134244279626755,"circlet_count":0,"master_deck":["Strike_B","Strike_B","Defend_B","Defend_B","Defend_B","Defend_B","Zap","Dualcast","Melter","Leap","Blizzard","Defragment","Stack","Stack","Self Repair","Conserve Battery","White Noise","Cold Snap"],"relics":["Orrery","Orichalcum","FaceOfCleric","Regal Pillow","Old Coin"],"potions_floor_usage":[10],"damage_taken":[{"damage":2,"enemies":"Cultist","floor":1,"turns":4},{"damage":3,"enemies":"Small Slimes","floor":4,"turns":5},{"damage":60,"enemies":"Gremlin Nob","floor":10,"turns":7},{"damage":0,"enemies":"2 Louse","floor":11,"turns":5},{"damage":5,"enemies":"2 Fungi Beasts","floor":13,"turns":6},{"damage":12,"enemies":"Red Slaver","floor":14,"turns":4},{"damage":82,"enemies":"Hexaghost","floor":16,"turns":16}],"seed_played":"93574929765043247","potions_obtained":[{"floor":1,"key":"SkillPotion"},{"floor":10,"key":"SpeedPotion"},{"floor":11,"key":"Fire Potion"},{"floor":13,"key":"SmokeBomb"}],"is_trial":false,"path_per_floor":["M","?","$","M","?","R","?","?","T","E","M","R","M","M","R","B"],"character_chosen":"DEFECT","items_purchased":[],"campfire_rested":3,"item_purchase_floors":[],"current_hp_per_floor":[73,73,73,70,52,74,74,74,74,15,23,61,64,60,79,0],"gold":470,"neow_bonus":"BOSS_RELIC","is_prod":false,"is_daily":false,"chose_seed":false,"campfire_upgraded":0,"win_rate":0,"timestamp":1556762699,"path_taken":["M","?","?","?","?","R","?","?","T","E","M","R","M","M","R","BOSS"],"build_version":"2019-01-23","purchased_purges":1,"victory":false,"max_hp_per_floor":[75,75,75,75,75,75,75,75,75,76,77,77,78,79,79,79],"card_choices":[{"not_picked":["Beam Cell","Hologram"],"picked":"Melter","floor":0},{"not_picked":["Redo","Glacier"],"picked":"Leap","floor":0},{"not_picked":["Consume","Stack"],"picked":"Blizzard","floor":0},{"not_picked":["Reprogram","Barrage"],"picked":"Defragment","floor":0},{"not_picked":["Rebound","Force Field"],"picked":"Stack","floor":1},{"not_picked":["Steam","Hello World"],"picked":"Stack","floor":4},{"not_picked":["Streamline","Defragment"],"picked":"Self Repair","floor":10},{"not_picked":["Hologram","Beam Cell"],"picked":"Conserve Battery","floor":11},{"not_picked":["Lockon","Ball Lightning"],"picked":"White Noise","floor":13},{"not_picked":["Scrape","Genetic Algorithm"],"picked":"Cold Snap","floor":14}],"player_experience":213440,"relics_obtained":[{"floor":9,"key":"Regal Pillow"},{"floor":10,"key":"Old Coin"}],"event_choices":[{"cards_removed":["Strike_B"],"damage_healed":0,"gold_gain":0,"player_choice":"Offered Basic","damage_taken":0,"max_hp_gain":0,"max_hp_loss":0,"event_name":"Bonfire Elementals","floor":2,"gold_loss":0},{"damage_healed":0,"gold_gain":0,"player_choice":"Success","damage_taken":18,"relics_obtained":["Orichalcum"],"max_hp_gain":0,"max_hp_loss":0,"event_name":"Scrap Ooze","floor":5,"gold_loss":0},{"damage_healed":0,"gold_gain":0,"player_choice":"Searched \u00271\u0027 times","damage_taken":0,"max_hp_gain":0,"max_hp_loss":0,"event_name":"Dead Adventurer","floor":7,"gold_loss":0},{"damage_healed":0,"gold_gain":0,"player_choice":"Trade","damage_taken":0,"relics_obtained":["FaceOfCleric"],"max_hp_gain":0,"max_hp_loss":0,"event_name":"FaceTrader","floor":8,"gold_loss":0}],"is_beta":false,"boss_relics":[],"items_purged_floors":[3],"is_endless":false,"potions_floor_spawned":[1,10,11,13],"killed_by":"Hexaghost","ascension_level":4}