{"gold_per_floor":[118,131,143,161,175,175,187,187,187,215,140,170,170,170,170,170],"floor_reached":16,"playtime":1409,"items_purged":["Strike_R"],"score":168,"play_id":"5aebee1d-9491-41d7-8a4f-5c8bab61753e","local_time":"20190423205434","is_ascension_mode":true,"campfire_choices":[{"data":"Armaments","floor":6,"key":"SMITH"},{"data":"Bash","floor":8,"key":"SMITH"},{"data":"Uppercut","floor":13,"key":"SMITH"},{"data":"True Grit","floor":15,"key":"SMITH"}],"neow_cost":"NONE","seed_source_timestamp":2754159042544620,"circlet_count":0,"master_deck":["AscendersBane","Strike_R","Strike_R","Strike_R","Strike_R","Defend_R","Defend_R","Defend_R","Defend_R","Bash+1","Barricade","Pommel Strike","Iron Wave","Body Slam","True Grit+1","Armaments+1","Intimidate","Uppercut+1","Corruption"],"relics":["Burning Blood","Shuriken","Letter Opener","Sundial"],"potions_floor_usage":[12,16,16,16],"damage_taken":[{"damage":3,"enemies":"2 Louse","floor":1,"turns":4},{"damage":1,"enemies":"Cultist","floor":2,"turns":3},{"damage":7,"enemies":"Jaw Worm","floor":3,"turns":3},{"damage":7,"enemies":"Looter","floor":4,"turns":4},{"damage":15,"enemies":"3 Louse","floor":5,"turns":4},{"damage":12,"enemies":"Red Slaver","floor":7,"turns":4},{"damage":33,"enemies":"Lagavulin","floor":10,"turns":9},{"damage":15,"enemies":"3 Sentries","floor":12,"turns":7},{"damage":52,"enemies":"Slime Boss","floor":16,"turns":9}],"seed_played":"7294897261831472081","potions_obtained":[{"floor":2,"key":"Strength Potion"},{"floor":3,"key":"LiquidBronze"},{"floor":10,"key":"GamblersBrew"},{"floor":14,"key":"BloodPotion"},{"floor":14,"key":"Regen Potion"},{"floor":14,"key":"Energy Potion"}],"is_trial":false,"path_per_floor":["M","M","M","M","M","R","M","R","T","E","$","E","R","?","R","B"],"character_chosen":"IRONCLAD","items_purchased":[],"campfire_rested":0,"item_purchase_floors":[],"current_hp_per_floor":[75,80,79,78,69,69,63,63,63,36,36,27,27,27,27,0],"gold":170,"neow_bonus":"ONE_RANDOM_RARE_CARD","is_prod":false,"is_daily":false,"chose_seed":false,"campfire_upgraded":4,"win_rate":0,"timestamp":1556067274,"path_taken":["M","M","M","M","M","R","M","R","T","E","$","E","R","?","R","BOSS"],"build_version":"2019-01-23","purchased_purges":1,"victory":false,"max_hp_per_floor":[80,80,80,80,80,80,80,80,80,80,80,80,80,80,80,80],"card_choices":[{"not_picked":["Havoc","Wild Strike"],"picked":"Pommel Strike","floor":1},{"not_picked":["Warcry","Heavy Blade"],"picked":"Iron Wave","floor":2},{"not_picked":["Clothesline","Fire Breathing"],"picked":"Body Slam","floor":3},{"not_picked":["Iron Wave","Blood for Blood"],"picked":"True Grit","floor":4},{"not_picked":["Flame Barrier","Rage"],"picked":"Armaments","floor":5},{"not_picked":["Feel No Pain","Armaments"],"picked":"Intimidate","floor":7},{"not_picked":["Armaments","Inflame"],"picked":"Uppercut","floor":10},{"not_picked":["Sword Boomerang","Heavy Blade"],"picked":"Corruption","floor":12}],"player_experience":322324,"relics_obtained":[{"floor":9,"key":"Shuriken"},{"floor":10,"key":"Letter Opener"},{"floor":12,"key":"Sundial"}],"event_choices":[{"damage_healed":0,"gold_gain":0,"player_choice":"Got Potions","damage_taken":0,"max_hp_gain":0,"max_hp_loss":0,"event_name":"Lab","floor":14,"gold_loss":0}],"is_beta":false,"boss_relics":[],"items_purged_floors":[11],"is_endless":false,"potions_floor_spawned":[2,3,10],"killed_by":"Slime Boss","ascension_level":10}