{"gold_per_floor":[19,94,94,94,112,112,156,156,156,156,176,176,189,263,263,263],"floor_reached":16,"playtime":914,"items_purged":[],"score":113,"play_id":"aafb6689-8261-49b8-934d-ebcac555dfd7","local_time":"20190204203748","is_ascension_mode":true,"campfire_choices":[{"data":"Zap","floor":6,"key":"SMITH"},{"floor":8,"key":"REST"},{"floor":10,"key":"REST"},{"floor":15,"key":"REST"}],"neow_cost":"NO_GOLD","seed_source_timestamp":2186170785493278,"circlet_count":0,"master_deck":["Strike_B","Defend_B","Defend_B","Defend_B","Defend_B","Zap+1","Dualcast","Steam","Streamline+1","Cold Snap+1"],"relics":["Cracked Core","Golden Idol","Molten Egg 2","Bag of Preparation","Singing Bowl"],"potions_floor_usage":[],"damage_taken":[{"damage":4,"enemies":"Small Slimes","floor":1,"turns":3},{"damage":0,"enemies":"Jaw Worm","floor":5,"turns":5},{"damage":60,"enemies":"Gremlin Nob","floor":7,"turns":5},{"damage":0,"enemies":"2 Louse","floor":11,"turns":2},{"damage":0,"enemies":"Large Slime","floor":13,"turns":5},{"damage":24,"enemies":"3 Sentries","floor":14,"turns":7},{"damage":50,"enemies":"Hexaghost","floor":16,"turns":12}],"seed_played":"1707868894486842335","potions_obtained":[{"floor":5,"key":"SteroidPotion"}],"is_trial":false,"path_per_floor":["M","?","?","?","M","R","E","R","T","R","M","?","M","?","R","B"],"character_chosen":"DEFECT","items_purchased":[],"campfire_rested":3,"item_purchase_floors":[],"current_hp_per_floor":[71,60,65,65,65,65,5,27,27,49,49,49,49,25,47,0],"gold":263,"neow_bonus":"REMOVE_TWO","is_prod":false,"is_daily":false,"chose_seed":false,"campfire_upgraded":1,"win_rate":0,"timestamp":1549330668,"path_taken":["M","?","?","?","M","R","E","R","T","R","M","?","?","?","R","BOSS"],"build_version":"2019-01-23","purchased_purges":0,"victory":false,"max_hp_per_floor":[75,75,80,74,74,74,74,74,74,74,74,74,74,74,74,74],"card_choices":[{"not_picked":["Steam","Storm","Streamline"],"picked":"SKIP","floor":1},{"not_picked":["Beam Cell","Turbo"],"picked":"Steam","floor":5},{"not_picked":["Go for the Eyes","Barrage","Streamline"],"picked":"SKIP","floor":7},{"not_picked":["Reinforced Body","Skim"],"picked":"Streamline+1","floor":11},{"not_picked":["Tempest","Compile Driver+1","Hologram"],"picked":"SKIP","floor":13},{"not_picked":["Hologram","Turbo"],"picked":"Cold Snap+1","floor":14}],"player_experience":148699,"relics_obtained":[{"floor":7,"key":"Molten Egg 2"},{"floor":9,"key":"Bag of Preparation"},{"floor":14,"key":"Singing Bowl"}],"event_choices":[{"damage_healed":0,"gold_gain":75,"player_choice":"Gather Gold","damage_taken":11,"max_hp_gain":0,"max_hp_loss":0,"event_name":"World of Goop","floor":2,"gold_loss":0},{"damage_healed":0,"gold_gain":0,"player_choice":"Donut","damage_taken":0,"max_hp_gain":5,"max_hp_loss":0,"event_name":"Big Fish","floor":3,"gold_loss":0},{"damage_healed":0,"gold_gain":0,"player_choice":"Lose Max HP","damage_taken":0,"relics_obtained":["Golden Idol"],"max_hp_gain":0,"max_hp_loss":6,"event_name":"Golden Idol","floor":4,"gold_loss":0},{"cards_removed":["Strike_B"],"damage_healed":0,"gold_gain":0,"player_choice":"Forget","damage_taken":0,"max_hp_gain":0,"max_hp_loss":0,"event_name":"Living Wall","floor":12,"gold_loss":0},{"damage_healed":0,"gold_gain":0,"player_choice":"Searched \u00271\u0027 times","damage_taken":0,"max_hp_gain":0,"max_hp_loss":0,"event_name":"Dead Adventurer","floor":14,"gold_loss":0}],"is_beta":false,"boss_relics":[],"items_purged_floors":[],"is_endless":false,"potions_floor_spawned":[5],"killed_by":"Hexaghost","ascension_level":3}