{"gold_per_floor":[115,127,127,139,139,139,64,64,88,88,101,115,115,134,134,229,229,245,245,245,263,275,275,275,288,343,343,363,381,400,61,61,160,160,177,177,177,177,189,221,221,240,240,240,115,115,17,37,37,37],"floor_reached":51,"playtime":2070,"items_purged":["Strike_G","Strike_G","Strike_G"],"score":719,"play_id":"ac714172-3d97-474c-9482-26b25d610864","local_time":"20181118204116","is_ascension_mode":false,"campfire_choices":[{"data":"Infinite Blades","floor":6,"key":"SMITH"},{"floor":8,"key":"REST"},{"data":"Neutralize","floor":13,"key":"SMITH"},{"data":"Cloak And Dagger","floor":15,"key":"SMITH"},{"data":"Envenom","floor":23,"key":"SMITH"},{"data":"Cloak And Dagger","floor":27,"key":"SMITH"},{"data":"Cloak And Dagger","floor":32,"key":"SMITH"},{"data":"Malaise","floor":46,"key":"SMITH"},{"data":"Accuracy","floor":49,"key":"SMITH"}],"neow_cost":"TEN_PERCENT_HP_LOSS","seed_source_timestamp":44584061586084,"circlet_count":0,"master_deck":["Defend_G","Defend_G","Defend_G","Survivor","Neutralize+1","Infinite Blades+1","Cloak And Dagger+1","Backstab","Cloak And Dagger+1","Envenom+1","Cloak And Dagger+1","Caltrops","Dodge and Roll+1","Footwork","PiercingWail+1","Venomology","Dodge and Roll","Malaise+1","PiercingWail+1","Apotheosis","Writhe","Noxious Fumes+1","Accuracy+1","Backflip","Footwork+1"],"relics":["Ring of the Snake","Ginger","Paper Crane","Regal Pillow","Coffee Dripper","FaceOfCleric","Oddly Smooth Stone","Singing Bowl","Lizard Tail","Bronze Scales","Thread and Needle"],"potions_floor_usage":[16,19,19,28,29,30,33,33,35,35,39,40,40,42,42,48,50,50,50],"damage_taken":[{"damage":0,"enemies":"Small Slimes","floor":1,"turns":4},{"damage":0,"enemies":"Cultist","floor":2,"turns":4},{"damage":6,"enemies":"2 Louse","floor":4,"turns":3},{"damage":1,"enemies":"Looter","floor":11,"turns":4},{"damage":0,"enemies":"Blue Slaver","floor":12,"turns":4},{"damage":1,"enemies":"Exordium Wildlife","floor":14,"turns":3},{"damage":30,"enemies":"Hexaghost","floor":16,"turns":15},{"damage":3,"enemies":"Chosen","floor":18,"turns":5},{"damage":11,"enemies":"Colosseum Slavers","floor":19,"turns":5},{"damage":1,"enemies":"3 Byrds","floor":21,"turns":4},{"damage":1,"enemies":"Cultist and Chosen","floor":22,"turns":6},{"damage":10,"enemies":"Snake Plant","floor":25,"turns":5},{"damage":0,"enemies":"Snecko","floor":28,"turns":6},{"damage":4,"enemies":"Cultist and Chosen","floor":29,"turns":7},{"damage":9,"enemies":"Sentry and Sphere","floor":30,"turns":9},{"damage":1,"enemies":"Automaton","floor":33,"turns":14},{"damage":16,"enemies":"3 Shapes","floor":35,"turns":4},{"damage":0,"enemies":"Orb Walker","floor":39,"turns":6},{"damage":0,"enemies":"Nemesis","floor":40,"turns":13},{"damage":0,"enemies":"Maw","floor":42,"turns":10},{"damage":5,"enemies":"Transient","floor":48,"turns":5},{"damage":40,"enemies":"Donu and Deca","floor":50,"turns":13}],"seed_played":"-7362568621930558215","potions_obtained":[{"floor":4,"key":"Weak Potion"},{"floor":12,"key":"Fire Potion"},{"floor":16,"key":"LiquidBronze"},{"floor":22,"key":"Explosive Potion"},{"floor":25,"key":"AttackPotion"},{"floor":29,"key":"Fire Potion"},{"floor":30,"key":"AttackPotion"},{"floor":33,"key":"Energy Potion"},{"floor":39,"key":"AttackPotion"},{"floor":40,"key":"EntropicBrew"}],"is_trial":false,"path_per_floor":["M","M","?","M","?","R","$","R","T","?","M","M","R","M","R","B",null,"M","?","?","M","M","R","?","M","T","R","M","M","M","$","R","B",null,"M","?","?","?","M","E","?","M","T","?","$","R","$","M","R","B",null],"character_chosen":"THE_SILENT","items_purchased":["Singing Bowl","Accuracy","Backflip"],"campfire_rested":1,"item_purchase_floors":[31,47,47],"current_hp_per_floor":[63,63,63,57,39,39,39,57,57,50,49,49,49,48,48,18,63,60,49,49,48,47,47,47,38,38,38,39,36,28,28,28,28,68,53,53,53,53,56,59,75,76,76,76,76,76,76,72,72,33],"gold":37,"neow_bonus":"REMOVE_TWO","is_prod":false,"is_daily":false,"chose_seed":false,"campfire_upgraded":8,"win_rate":0,"timestamp":1542570076,"path_taken":["M","M","?","?","?","R","$","R","T","?","M","M","R","M","R","BOSS","M","?","?","M","?","R","?","?","T","R","M","M","?","$","R","BOSS","M","?","?","?","?","E","?","M","T","?","$","R","$","M","R","BOSS"],"build_version":"2018-11-15","purchased_purges":3,"victory":true,"max_hp_per_floor":[63,63,63,63,63,63,63,63,63,63,63,63,63,63,63,63,63,63,63,63,63,63,63,63,64,64,64,65,66,67,67,67,68,68,69,69,69,69,72,75,75,76,76,76,76,76,76,77,77,78],"card_choices":[{"not_picked":["Flying Knee","Underhanded Strike","Finisher"],"picked":"SKIP","floor":1},{"not_picked":["Cloak And Dagger","Bane"],"picked":"Infinite Blades","floor":2},{"not_picked":["Dodge and Roll","Noxious Fumes"],"picked":"Cloak And Dagger","floor":4},{"not_picked":["Heel Hook","Calculated Gamble","Dagger Throw"],"picked":"SKIP","floor":11},{"not_picked":["Escape Plan","PiercingWail"],"picked":"Backstab","floor":12},{"not_picked":["Adrenaline","Quick Slash"],"picked":"Cloak And Dagger","floor":14},{"not_picked":["Night Terror","Venomology"],"picked":"Envenom","floor":16},{"not_picked":["Well Laid Plans+1","Caltrops"],"picked":"Cloak And Dagger","floor":18},{"not_picked":["Expertise","Choke","Outmaneuver+1"],"picked":"SKIP","floor":21},{"not_picked":["Acrobatics+1","Bane"],"picked":"Dodge and Roll+1","floor":22},{"not_picked":["Dagger Spray","Underhanded Strike"],"picked":"Footwork","floor":25},{"not_picked":["Flying Knee","Finisher"],"picked":"PiercingWail+1","floor":28},{"not_picked":["Heel Hook","Blur"],"picked":"Venomology","floor":29},{"not_picked":["Deflect","Blur"],"picked":"Dodge and Roll","floor":30},{"not_picked":["Bullet Time","Venomology"],"picked":"Malaise","floor":33},{"not_picked":["Poisoned Stab+1","Setup"],"picked":"PiercingWail+1","floor":35},{"not_picked":["Jack Of All Trades","Trip"],"picked":"Apotheosis","floor":37},{"not_picked":["Poisoned Stab","Quick Slash+1","Sucker Punch"],"picked":"Singing Bowl","floor":39},{"not_picked":["Deadly Poison","Dodge and Roll","Slice+1"],"picked":"Singing Bowl","floor":40},{"not_picked":["Eviscerate","Sucker Punch+1"],"picked":"Noxious Fumes+1","floor":42},{"not_picked":["Distraction+1","Heel Hook+1"],"picked":"Footwork+1","floor":48}],"player_experience":125186,"relics_obtained":[{"floor":3,"key":"Ginger"},{"floor":9,"key":"Regal Pillow"},{"floor":26,"key":"Oddly Smooth Stone"},{"floor":40,"key":"Bronze Scales"},{"floor":43,"key":"Thread and Needle"}],"event_choices":[{"damage_healed":0,"gold_gain":0,"player_choice":"Relic","damage_taken":0,"max_hp_gain":0,"max_hp_loss":0,"event_name":"Wheel of Change","floor":3,"gold_loss":0},{"damage_healed":0,"gold_gain":0,"player_choice":"Success","damage_taken":18,"relics_obtained":["Paper Crane"],"max_hp_gain":0,"max_hp_loss":0,"event_name":"Scrap Ooze","floor":5,"gold_loss":0},{"cards_removed":["Defend_G"],"damage_healed":0,"gold_gain":0,"player_choice":"Card Removal","damage_taken":7,"max_hp_gain":0,"max_hp_loss":0,"event_name":"Golden Wing","floor":10,"gold_loss":0},{"damage_healed":0,"gold_gain":0,"player_choice":"Fight","damage_taken":0,"max_hp_gain":0,"max_hp_loss":0,"event_name":"Colosseum","floor":19,"gold_loss":0},{"damage_healed":0,"gold_gain":0,"player_choice":"Fled From Nobs","damage_taken":0,"max_hp_gain":0,"max_hp_loss":0,"event_name":"Colosseum","floor":19,"gold_loss":0},{"damage_healed":0,"gold_gain":0,"cards_transformed":["Strike_G"],"player_choice":"Transformed","damage_taken":0,"max_hp_gain":0,"max_hp_loss":0,"event_name":"Transmorgrifier","floor":20,"gold_loss":0,"cards_obtained":["Caltrops"]},{"damage_healed":0,"gold_gain":0,"player_choice":"Trade","damage_taken":0,"relics_obtained":["FaceOfCleric"],"max_hp_gain":0,"max_hp_loss":0,"event_name":"FaceTrader","floor":24,"gold_loss":0},{"damage_healed":0,"gold_gain":0,"player_choice":"Ignored","damage_taken":0,"max_hp_gain":0,"max_hp_loss":0,"event_name":"Tomb of Lord Red Mask","floor":36,"gold_loss":0},{"damage_healed":0,"gold_gain":0,"player_choice":"Memory 1","damage_taken":0,"max_hp_gain":0,"max_hp_loss":0,"event_name":"SensoryStone","floor":37,"gold_loss":0},{"damage_healed":0,"gold_gain":0,"player_choice":"0 cards matched","damage_taken":0,"max_hp_gain":0,"max_hp_loss":0,"event_name":"Match and Keep!","floor":38,"gold_loss":0,"cards_obtained":[]},{"damage_healed":19,"gold_gain":0,"player_choice":"Writhe","damage_taken":0,"max_hp_gain":0,"max_hp_loss":0,"event_name":"Winding Halls","floor":41,"gold_loss":0,"cards_obtained":["Writhe"]},{"damage_healed":0,"gold_gain":0,"player_choice":"Ignored","damage_taken":0,"max_hp_gain":0,"max_hp_loss":0,"event_name":"SecretPortal","floor":44,"gold_loss":0}],"is_beta":false,"boss_relics":[{"not_picked":["Ectoplasm","Runic Dome"],"picked":"Coffee Dripper"},{"not_picked":["Astrolabe","Sozu"],"picked":"Lizard Tail"}],"items_purged_floors":[7,31,45],"is_endless":false,"potions_floor_spawned":[4,12,16,22,25,29,30,33,39,40],"ascension_level":0}