{"gold_per_floor":[116,131,63,79,4,4,34,34,34,46,63,91,91,91],"floor_reached":14,"playtime":360,"items_purged":["Defend_R"],"score":100,"play_id":"904c2ba4-5161-48a0-be2a-8c92ccfc303c","local_time":"20190322195226","is_ascension_mode":false,"campfire_choices":[{"data":"Cleave","floor":6,"key":"SMITH"},{"data":"Armaments","floor":8,"key":"SMITH"},{"data":"Second Wind","floor":13,"key":"SMITH"}],"neow_cost":"NONE","seed_source_timestamp":0,"circlet_count":0,"master_deck":["Strike_R","Strike_R","Strike_R","Strike_R","Strike_R","Defend_R","Defend_R","Defend_R","Bash","Cleave+1","Pummel","Metallicize","Armaments+1","Second Wind+1","Seeing Red","Metallicize"],"special_seed":0,"relics":["Burning Blood","Art of War","Happy Flower","Smiling Mask"],"potions_floor_usage":[],"damage_taken":[{"damage":1,"enemies":"Cultist","floor":1,"turns":4},{"damage":11,"enemies":"Jaw Worm","floor":2,"turns":3},{"damage":10,"enemies":"2 Louse","floor":4,"turns":3},{"damage":20,"enemies":"Gremlin Nob","floor":7,"turns":4},{"damage":5,"enemies":"Gremlin Gang","floor":10,"turns":4},{"damage":0,"enemies":"Lots of Slimes","floor":11,"turns":1},{"damage":15,"enemies":"3 Sentries","floor":12,"turns":7}],"seed_played":"7180761083292322656","potions_obtained":[{"floor":2,"key":"Regen Potion"},{"floor":12,"key":"Dexterity Potion"}],"is_trial":false,"path_per_floor":["M","M","$","M","$","R","E","R","T","M","M","E","R","?"],"character_chosen":"IRONCLAD","items_purchased":["Metallicize"],"campfire_rested":0,"item_purchase_floors":[3],"current_hp_per_floor":[80,75,75,71,71,71,57,57,57,58,64,55,55,55],"gold":91,"neow_bonus":"RANDOM_COMMON_RELIC","is_prod":false,"is_daily":false,"chose_seed":false,"campfire_upgraded":3,"win_rate":0,"timestamp":1553251946,"path_taken":["M","M","$","M","$","R","E","R","T","M","?","E","R","?"],"build_version":"2019-01-23","purchased_purges":1,"victory":false,"max_hp_per_floor":[80,80,80,80,80,80,80,80,80,80,80,80,80,80],"card_choices":[{"not_picked":["Shrug It Off","Headbutt"],"picked":"Cleave","floor":1},{"not_picked":["Burning Pact","Body Slam"],"picked":"Pummel","floor":2},{"not_picked":["Rage","Evolve","Ghostly Armor"],"picked":"SKIP","floor":4},{"not_picked":["Dark Embrace","Shrug It Off"],"picked":"Armaments","floor":7},{"not_picked":["Dropkick","Sentinel"],"picked":"Second Wind","floor":10},{"not_picked":["Fire Breathing","Cleave"],"picked":"Seeing Red","floor":11},{"not_picked":["Reckless Charge","Feed"],"picked":"Metallicize","floor":12}],"player_experience":353980,"relics_obtained":[{"floor":7,"key":"Happy Flower"},{"floor":12,"key":"Smiling Mask"}],"event_choices":[],"is_beta":false,"boss_relics":[],"items_purged_floors":[5],"is_endless":false,"potions_floor_spawned":[2,12],"ascension_level":0}