{"gold_per_floor":[113,113,123,142,142,156,176,176,226,226,73,93,43,43,43,142,142,156,174,193,193],"floor_reached":21,"playtime":678,"items_purged":["Defend_B"],"score":173,"play_id":"0c827a9c-ff29-4969-9143-08354ff51069","local_time":"20180803134740","is_ascension_mode":false,"campfire_choices":[{"floor":10,"key":"REST"},{"floor":15,"key":"REST"}],"neow_cost":"NONE","seed_source_timestamp":6334395635272,"circlet_count":0,"master_deck":["Strike_B","Strike_B","Defend_B","Defend_B+1","Defend_B","Zap","Dualcast","Conserve Battery","Static Discharge","Hologram+1","Melter","White Noise","Glacier","Loop","White Noise+1"],"relics":["Sozu"],"potions_floor_usage":[],"damage_taken":[{"damage":12,"enemies":"Small Slimes","floor":1,"turns":4},{"damage":7,"enemies":"2 Louse","floor":3,"turns":3},{"damage":0,"enemies":"Cultist","floor":4,"turns":5},{"damage":6,"enemies":"3 Louse","floor":6,"turns":4},{"damage":7,"enemies":"Exordium Wildlife","floor":7,"turns":6},{"damage":9,"enemies":"Red Slaver","floor":12,"turns":4},{"damage":22,"enemies":"Slime Boss","floor":16,"turns":7},{"damage":0,"enemies":"Spheric Guardian","floor":18,"turns":3},{"damage":21,"enemies":"3 Byrds","floor":19,"turns":4},{"damage":53,"enemies":"3 Cultists","floor":20,"turns":7},{"damage":15,"enemies":"Slaver and Parasite","floor":21,"turns":2}],"seed_played":"-274014600656541829","potions_obtained":[],"is_trial":false,"path_per_floor":["M","?","M","M","?","M","M","?","T","R","$","M","?","$","R","B",null,"M","M","M"],"character_chosen":"DEFECT","items_purchased":["White Noise"],"campfire_rested":2,"item_purchase_floors":[11],"current_hp_per_floor":[63,68,61,61,54,48,41,25,25,49,49,40,40,40,64,42,80,80,59,13,0],"gold":193,"neow_bonus":"BOSS_RELIC","is_prod":false,"is_daily":false,"chose_seed":false,"campfire_upgraded":0,"win_rate":0,"timestamp":1533296860,"path_taken":["M","?","M","M","?","M","M","?","T","R","$","M","?","$","R","BOSS","M","M","M","M"],"build_version":"2018-08-02","purchased_purges":1,"victory":false,"max_hp_per_floor":[75,80,80,80,80,80,80,80,80,80,80,80,80,80,80,80,80,80,80,80,80],"card_choices":[{"not_picked":["Recycle","Cold Snap","Compile Driver"],"picked":"SKIP","floor":1},{"not_picked":["Cold Snap","Rebound"],"picked":"Conserve Battery","floor":3},{"not_picked":["Undo","Aggregate"],"picked":"Static Discharge","floor":4},{"not_picked":["Go for the Eyes","Rebound"],"picked":"Hologram","floor":6},{"not_picked":["Recycle","Cold Snap"],"picked":"Melter","floor":7},{"not_picked":["Compile Driver","Leap"],"picked":"Glacier","floor":12},{"not_picked":["Conserve Battery+1","Scrape"],"picked":"Loop","floor":18},{"not_picked":["Coolheaded","Consume"],"picked":"White Noise+1","floor":19},{"not_picked":["Leap+1","Streamline+1","Barrage"],"picked":"SKIP","floor":20}],"player_experience":95497,"relics_obtained":[],"event_choices":[{"event_name":"Big Fish","player_choice":"Donut","floor":2,"damage_taken":0},{"event_name":"Golden Wing","player_choice":"Card Removal","floor":5,"damage_taken":0},{"event_name":"Shining Light","player_choice":"Entered Light","floor":8,"damage_taken":0},{"event_name":"The Cleric","player_choice":"Card Removal","floor":13,"damage_taken":0}],"is_beta":false,"boss_relics":[{"not_picked":["Pandora\u0027s Box","Snecko Eye","Coffee Dripper"]}],"items_purged_floors":[11],"is_endless":false,"potions_floor_spawned":[1,3,7,16,18,19],"killed_by":"Slaver and Parasite","ascension_level":0}