{"gold_per_floor":[114,114,128,53,64,97,97,117,117,117,130,130,147,147,147,220,220,210,210,125,145,160,160,171,171,171,183,8,0,11,11,11,90,90,105,116,116,116,116,116,129,181,181,181,181],"floor_reached":45,"playtime":2700,"items_purged":["Strike_B","Defend_B"],"score":767,"play_id":"7483b542-dad9-4fe4-84b9-92a0f7e67f9d","local_time":"20190512111348","is_ascension_mode":true,"campfire_choices":[{"floor":7,"key":"REST"},{"floor":10,"key":"REST"},{"floor":15,"key":"REST"},{"floor":23,"key":"REST"},{"data":"Machine Learning","floor":25,"key":"SMITH"},{"data":"Blizzard","floor":32,"key":"SMITH"},{"floor":40,"key":"REST"},{"floor":44,"key":"REST"}],"neow_cost":"NONE","seed_source_timestamp":526752733262045,"circlet_count":0,"master_deck":["AscendersBane","Dualcast","Reinforced Body","Cold Snap","FTL","Glacier","Go for the Eyes","Machine Learning+1","BootSequence+1","Conserve Battery","Blizzard+1","Seek","Go for the Eyes+1","Auto Shields+1","Core Surge+1","Madness","Madness","Panacea","Flash of Steel","Flash of Steel","Parasite"],"relics":["Cracked Core","NeowsBlessing","Cables","Shuriken","DataDisk","Empty Cage","Mercury Hourglass","Sundial","Astrolabe","Calipers","Pen Nib"],"potions_floor_usage":[6,16,16,18,30,30,42,42],"damage_taken":[{"damage":0,"enemies":"2 Louse","floor":1,"turns":1},{"damage":0,"enemies":"Cultist","floor":3,"turns":1},{"damage":0,"enemies":"Small Slimes","floor":5,"turns":1},{"damage":42,"enemies":"Gremlin Nob","floor":6,"turns":7},{"damage":8,"enemies":"Blue Slaver","floor":8,"turns":3},{"damage":1,"enemies":"2 Fungi Beasts","floor":11,"turns":3},{"damage":8,"enemies":"Exordium Wildlife","floor":13,"turns":5},{"damage":0,"enemies":"The Guardian","floor":16,"turns":18},{"damage":11,"enemies":"2 Thieves","floor":18,"turns":4},{"damage":4,"enemies":"Shell Parasite","floor":21,"turns":8},{"damage":13,"enemies":"Shelled Parasite and Fungi","floor":22,"turns":8},{"damage":4,"enemies":"Snake Plant","floor":24,"turns":5},{"damage":0,"enemies":"Snecko","floor":27,"turns":10},{"damage":6,"enemies":"Cultist and Chosen","floor":30,"turns":9},{"damage":19,"enemies":"Champ","floor":33,"turns":14},{"damage":0,"enemies":"Orb Walker","floor":35,"turns":5},{"damage":0,"enemies":"3 Shapes","floor":36,"turns":5},{"damage":13,"enemies":"Writhing Mass","floor":41,"turns":10},{"damage":47,"enemies":"2 Orb Walkers","floor":42,"turns":8},{"damage":44,"enemies":"Nemesis","floor":45,"turns":12}],"seed_played":"-5715586855947341124","potions_obtained":[{"floor":3,"key":"Ancient Potion"},{"floor":5,"key":"EssenceOfSteel"},{"floor":8,"key":"FocusPotion"},{"floor":16,"key":"Fire Potion"},{"floor":22,"key":"Weak Potion"},{"floor":24,"key":"Swift Potion"},{"floor":33,"key":"Ancient Potion"},{"floor":35,"key":"Weak Potion"},{"floor":41,"key":"Dexterity Potion"}],"is_trial":false,"path_per_floor":["M","?","M","$","M","E","R","M","T","R","M","?","M","?","R","B",null,"M","?","?","M","M","R","M","R","T","M","$","?","M","?","R","B",null,"M","M","?","?","?","R","M","?","T","R","E"],"character_chosen":"DEFECT","items_purchased":["Blizzard"],"campfire_rested":6,"item_purchase_floors":[28],"current_hp_per_floor":[68,68,68,68,68,26,48,40,40,62,61,61,53,46,68,68,73,62,62,62,58,45,67,63,63,63,63,63,63,57,57,57,38,66,66,66,57,57,47,69,56,9,9,31,0],"gold":181,"neow_bonus":"THREE_ENEMY_KILL","is_prod":false,"is_daily":false,"chose_seed":false,"campfire_upgraded":2,"win_rate":0,"timestamp":1557684828,"path_taken":["M","?","M","$","M","E","R","M","T","R","?","?","M","?","R","BOSS","M","?","?","M","M","R","M","R","T","M","$","?","?","?","R","BOSS","M","M","?","?","?","R","M","?","T","R","E"],"build_version":"2019-01-23","purchased_purges":2,"victory":false,"max_hp_per_floor":[75,75,75,75,75,75,75,75,75,75,75,75,75,75,75,75,75,75,75,75,75,75,75,75,75,75,75,75,75,75,75,75,75,75,75,75,75,75,75,75,75,75,75,75,75],"card_choices":[{"not_picked":["Leap","Hologram"],"picked":"Reinforced Body","floor":1},{"not_picked":["Sunder","Undo"],"picked":"Cold Snap","floor":3},{"not_picked":["Coolheaded","Beam Cell"],"picked":"FTL","floor":5},{"not_picked":["Storm","Reprogram","Lockon"],"picked":"SKIP","floor":6},{"not_picked":["Tempest","Leap"],"picked":"Glacier","floor":8},{"not_picked":["Beam Cell","Steam","Barrage"],"picked":"SKIP","floor":11},{"not_picked":["Capacitor","Compile Driver"],"picked":"Go for the Eyes","floor":13},{"not_picked":["Multi-Cast","Fission"],"picked":"Machine Learning","floor":16},{"not_picked":["Leap","Go for the Eyes","Stack"],"picked":"SKIP","floor":18},{"not_picked":["Heatsinks","Barrage","Rebound"],"picked":"SKIP","floor":21},{"not_picked":["Beam Cell","Conserve Battery"],"picked":"BootSequence+1","floor":22},{"not_picked":["Lockon","Darkness"],"picked":"BootSequence","floor":24},{"not_picked":["Chill","Redo"],"picked":"Conserve Battery","floor":27},{"not_picked":["Rebound","Coolheaded","Cold Snap"],"picked":"SKIP","floor":30},{"not_picked":["Creative AI","Amplify"],"picked":"Seek","floor":33},{"not_picked":["Scrape","Cold Snap","Coolheaded"],"picked":"SKIP","floor":35},{"not_picked":["Lockon","Double Energy","Static Discharge"],"picked":"SKIP","floor":36},{"not_picked":["Purity","Bandage Up"],"picked":"Panacea","floor":39},{"not_picked":["Enlightenment","HandOfGreed"],"picked":"Flash of Steel","floor":39},{"not_picked":["Master of Strategy","Swift Strike"],"picked":"Flash of Steel","floor":39},{"not_picked":["Steam+1","Rip and Tear+1","Static Discharge"],"picked":"SKIP","floor":41}],"player_experience":491767,"relics_obtained":[{"floor":6,"key":"Cables"},{"floor":9,"key":"Shuriken"},{"floor":26,"key":"Sundial"},{"floor":42,"key":"Calipers"},{"floor":43,"key":"Pen Nib"}],"event_choices":[{"cards_removed":["Strike_B"],"damage_healed":0,"gold_gain":0,"player_choice":"Purged","damage_taken":0,"max_hp_gain":0,"max_hp_loss":0,"event_name":"Purifier","floor":2,"gold_loss":0},{"damage_healed":0,"gold_gain":0,"player_choice":"Ignored","damage_taken":0,"max_hp_gain":0,"max_hp_loss":0,"event_name":"Shining Light","floor":12,"gold_loss":0},{"damage_healed":0,"gold_gain":0,"player_choice":"Success","damage_taken":7,"relics_obtained":["DataDisk"],"max_hp_gain":0,"max_hp_loss":0,"event_name":"Scrap Ooze","floor":14,"gold_loss":0},{"damage_healed":0,"gold_gain":0,"player_choice":"Ignored","damage_taken":0,"max_hp_gain":0,"max_hp_loss":0,"event_name":"Vampires","floor":19,"gold_loss":0},{"damage_healed":0,"gold_gain":0,"player_choice":"Obtained Relic","damage_taken":0,"relics_obtained":["Mercury Hourglass"],"max_hp_gain":0,"max_hp_loss":0,"event_name":"Addict","floor":20,"gold_loss":85},{"damage_healed":0,"gold_gain":0,"player_choice":"Paid Fearfully","damage_taken":0,"max_hp_gain":0,"max_hp_loss":0,"event_name":"Masked Bandits","floor":29,"gold_loss":8},{"cards_removed":["Defend_B"],"damage_healed":0,"gold_gain":0,"player_choice":"Elegance","damage_taken":0,"max_hp_gain":0,"max_hp_loss":0,"event_name":"Back to Basics","floor":31,"gold_loss":0},{"damage_healed":0,"gold_gain":0,"player_choice":"Embrace Madness","damage_taken":9,"max_hp_gain":0,"max_hp_loss":0,"event_name":"Winding Halls","floor":37,"gold_loss":0,"cards_obtained":["Madness","Madness"]},{"cards_removed":["BootSequence"],"damage_healed":0,"gold_gain":0,"player_choice":"Removed Skill","damage_taken":0,"max_hp_gain":0,"max_hp_loss":0,"event_name":"Falling","floor":38,"gold_loss":0},{"damage_healed":0,"gold_gain":0,"player_choice":"Memory 3","damage_taken":10,"max_hp_gain":0,"max_hp_loss":0,"event_name":"SensoryStone","floor":39,"gold_loss":0},{"damage_healed":0,"gold_gain":0,"player_choice":"Fight","damage_taken":0,"max_hp_gain":0,"max_hp_loss":0,"event_name":"Mysterious Sphere","floor":42,"gold_loss":0}],"is_beta":false,"boss_relics":[{"not_picked":["Fusion Hammer","Cursed Key"],"picked":"Empty Cage"},{"not_picked":["Nuclear Battery","Sozu"],"picked":"Astrolabe"}],"items_purged_floors":[4,28],"is_endless":false,"potions_floor_spawned":[3,5,8,16,22,24,27,33,35,41],"killed_by":"Nemesis","ascension_level":13}