{"gold_per_floor":[119,138,138,238,248,248,267,267,267,283,300,300,330,11,11,113,113,133,33,44,58,76,76,110,56,81,93,117,129,141,153,165,280,292,322,350,381,393,458,570,582,627,689,714,759,771,783,810,822,834,846,858,38,72,72],"floor_reached":56,"playtime":3360,"items_purged":["Defend_B","Defend_B","Strike_B"],"score":1302,"play_id":"ec193183-2e51-40e0-bc13-89843c45b294","local_time":"20190514000933","is_ascension_mode":false,"campfire_choices":[{"data":"Genetic Algorithm","floor":6,"key":"SMITH"},{"data":"Hologram","floor":8,"key":"SMITH"},{"floor":15,"key":"REST"},{"data":"Barrage","floor":23,"key":"SMITH"},{"data":"Zap","floor":27,"key":"SMITH"},{"data":"Blizzard","floor":30,"key":"SMITH"},{"data":"Dualcast","floor":32,"key":"SMITH"},{"floor":41,"key":"REST"},{"data":"Loop","floor":47,"key":"SMITH"},{"floor":49,"key":"RECALL"},{"data":"1","floor":52,"key":"LIFT"}],"neow_cost":"PERCENT_DAMAGE","seed_source_timestamp":637979405356200,"circlet_count":0,"master_deck":["Strike_B","Defend_B","Zap+1","Dualcast+1","Seek","Ball Lightning","Barrage+1","Genetic Algorithm+1","Hologram+1","Turbo","Glacier","Cold Snap","Fission+1","Coolheaded+1","Capacitor+1","Coolheaded+1","Blizzard+1","Core Surge","FTL+1","Chaos+1","Loop+1","Consume+1","Madness+1","Impatience+1","Capacitor","Master of Strategy+1","PanicButton+1","Redo+1"],"relics":["FrozenCore","Cables","Mummified Hand","Toxic Egg 2","Sozu","Boot","MawBank","Nilry\u0027s Codex","Bird Faced Urn","Girya","Vajra","Bag of Preparation","Medical Kit","Pen Nib","Thread and Needle"],"potions_floor_usage":[10,16,42,55],"damage_taken":[{"damage":2,"enemies":"2 Louse","floor":1,"turns":2},{"damage":0,"enemies":"Cultist","floor":2,"turns":2},{"damage":0,"enemies":"Small Slimes","floor":5,"turns":3},{"damage":10,"enemies":"Looter","floor":7,"turns":3},{"damage":2,"enemies":"3 Louse","floor":10,"turns":3},{"damage":0,"enemies":"Blue Slaver","floor":11,"turns":3},{"damage":8,"enemies":"3 Sentries","floor":13,"turns":8},{"damage":30,"enemies":"Slime Boss","floor":16,"turns":10},{"damage":0,"enemies":"Spheric Guardian","floor":18,"turns":3},{"damage":0,"enemies":"Shell Parasite","floor":20,"turns":5},{"damage":0,"enemies":"Centurion and Healer","floor":21,"turns":6},{"damage":0,"enemies":"Chosen and Byrds","floor":22,"turns":6},{"damage":8,"enemies":"Book of Stabbing","floor":24,"turns":4},{"damage":0,"enemies":"Snake Plant","floor":28,"turns":4},{"damage":30,"enemies":"Automaton","floor":33,"turns":7},{"damage":4,"enemies":"Orb Walker","floor":35,"turns":3},{"damage":6,"enemies":"3 Darklings","floor":36,"turns":4},{"damage":3,"enemies":"Writhing Mass","floor":37,"turns":5},{"damage":41,"enemies":"2 Orb Walkers","floor":39,"turns":6},{"damage":0,"enemies":"Mind Bloom Boss Battle","floor":40,"turns":6},{"damage":0,"enemies":"Reptomancer","floor":42,"turns":6},{"damage":14,"enemies":"Maw","floor":44,"turns":6},{"damage":0,"enemies":"Giant Head","floor":45,"turns":8},{"damage":13,"enemies":"3 Darklings","floor":48,"turns":4},{"damage":0,"enemies":"Donu and Deca","floor":50,"turns":10},{"damage":23,"enemies":"Shield and Spear","floor":54,"turns":6},{"damage":17,"enemies":"The Heart","floor":55,"turns":10}],"seed_played":"6367011386382237363","potions_obtained":[{"floor":1,"key":"Block Potion"},{"floor":7,"key":"Poison Potion"},{"floor":11,"key":"EssenceOfSteel"},{"floor":13,"key":"Energy Potion"},{"floor":16,"key":"Explosive Potion"}],"is_trial":false,"path_per_floor":["M","M","$","?","M","R","M","R","T","M","M","?","E","$","R","B",null,"M","$","M","M","M","R","E","$","T","R","M","?","R","?","R","B",null,"M","M","M","?","?","?","R","E","T","M","E","?","R","M","R","B",null,"R","$","E","B",null],"character_chosen":"DEFECT","items_purchased":["Toxic Egg 2","Coolheaded+1","Medical Kit","Capacitor","Pen Nib","Master of Strategy+1","PanicButton+1"],"campfire_rested":2,"item_purchase_floors":[14,25,53,53,53,53,53],"current_hp_per_floor":[52,52,52,52,52,52,42,42,42,40,40,33,25,25,47,17,75,75,75,75,75,75,75,67,67,67,67,67,51,51,51,51,21,75,71,65,62,62,21,23,45,51,51,45,59,49,49,44,44,56,75,75,75,58,51],"gold":72,"neow_bonus":"TRANSFORM_TWO_CARDS","is_prod":false,"is_daily":false,"chose_seed":false,"campfire_upgraded":7,"win_rate":0,"timestamp":1557760173,"path_taken":["M","M","$","?","M","R","?","R","T","?","M","?","E","$","R","BOSS","M","$","M","M","M","R","E","$","T","R","M","?","R","?","R","BOSS","M","M","M","?","?","?","R","E","T","M","E","?","R","?","R","BOSS","R","$","E","BOSS"],"build_version":"2019-01-23","purchased_purges":3,"victory":true,"max_hp_per_floor":[75,75,75,75,75,75,75,75,75,75,75,75,75,75,75,75,75,75,75,75,75,75,75,75,75,75,75,75,75,75,75,75,75,75,75,75,75,75,75,75,75,75,75,75,75,75,75,75,75,75,75,75,75,75,75],"card_choices":[{"not_picked":["Skim","Reprogram"],"picked":"Barrage","floor":1},{"not_picked":["Cold Snap","Conserve Battery"],"picked":"Genetic Algorithm","floor":2},{"not_picked":["Ball Lightning","Rebound"],"picked":"Hologram","floor":5},{"not_picked":["Rip and Tear","Compile Driver"],"picked":"Turbo","floor":7},{"not_picked":["Coolheaded","Lockon"],"picked":"Glacier","floor":10},{"not_picked":["Barrage","Genetic Algorithm"],"picked":"Cold Snap","floor":11},{"not_picked":["Doom and Gloom","Steam","Ball Lightning"],"picked":"SKIP","floor":13},{"not_picked":["Reboot+1","Buffer"],"picked":"Fission+1","floor":16},{"not_picked":["Sweeping Beam","Force Field+1","Stack+1"],"picked":"SKIP","floor":18},{"not_picked":["Genetic Algorithm+1","Hologram+1","Sweeping Beam"],"picked":"SKIP","floor":20},{"not_picked":["Gash","Reinforced Body+1"],"picked":"Coolheaded+1","floor":21},{"not_picked":["Compile Driver","Beam Cell"],"picked":"Capacitor+1","floor":22},{"not_picked":["Stack+1","Compile Driver","Reprogram+1"],"picked":"SKIP","floor":24},{"not_picked":["Beam Cell+1","Scrape"],"picked":"Blizzard","floor":28},{"not_picked":["Thunder Strike","Buffer"],"picked":"Core Surge","floor":33},{"not_picked":["Barrage+1","Static Discharge","Coolheaded+1"],"picked":"SKIP","floor":35},{"not_picked":["Scrape","Conserve Battery+1","Barrage+1"],"picked":"SKIP","floor":36},{"not_picked":["Leap+1","Conserve Battery+1","Beam Cell"],"picked":"SKIP","floor":37},{"not_picked":["BootSequence+1","Force Field+1"],"picked":"FTL+1","floor":39},{"not_picked":["Compile Driver+1","Darkness+1"],"picked":"Chaos+1","floor":40},{"not_picked":["Auto Shields+1","Gash"],"picked":"Loop","floor":42},{"not_picked":["Conserve Battery+1","Steam+1"],"picked":"Consume+1","floor":44},{"not_picked":["Machine Learning","Auto Shields+1","Steam+1"],"picked":"SKIP","floor":45},{"not_picked":["Thinking Ahead+1","Violence+1"],"picked":"Madness+1","floor":46},{"not_picked":["Dark Shackles+1","Blind+1"],"picked":"Impatience+1","floor":46},{"not_picked":["Ball Lightning+1","Rebound+1","Beam Cell"],"picked":"SKIP","floor":48},{"not_picked":["Leap+1","Compile Driver+1"],"picked":"Redo+1","floor":54}],"player_experience":413167,"relics_obtained":[{"floor":9,"key":"Cables"},{"floor":13,"key":"Mummified Hand"},{"floor":24,"key":"Boot"},{"floor":26,"key":"MawBank"},{"floor":29,"key":"Nilry\u0027s Codex"},{"floor":39,"key":"Bird Faced Urn"},{"floor":40,"key":"Girya"},{"floor":42,"key":"Vajra"},{"floor":45,"key":"Bag of Preparation"},{"floor":54,"key":"Thread and Needle"}],"event_choices":[{"damage_healed":0,"gold_gain":100,"player_choice":"Pray","damage_taken":0,"max_hp_gain":0,"max_hp_loss":0,"event_name":"Golden Shrine","floor":4,"gold_loss":0},{"cards_removed":["Strike_B"],"damage_healed":0,"gold_gain":0,"player_choice":"Card Removal","damage_taken":7,"max_hp_gain":0,"max_hp_loss":0,"event_name":"Golden Wing","floor":12,"gold_loss":0},{"damage_healed":0,"gold_gain":0,"player_choice":"Obtained Book","damage_taken":16,"max_hp_gain":0,"max_hp_loss":0,"event_name":"Cursed Tome","floor":29,"gold_loss":0},{"damage_healed":0,"gold_gain":0,"player_choice":"Ignored","damage_taken":0,"max_hp_gain":0,"max_hp_loss":0,"event_name":"Vampires","floor":31,"gold_loss":0},{"damage_healed":0,"gold_gain":0,"player_choice":"Ignored","damage_taken":0,"max_hp_gain":0,"max_hp_loss":0,"event_name":"Tomb of Lord Red Mask","floor":38,"gold_loss":0},{"damage_healed":0,"gold_gain":0,"player_choice":"Fight","damage_taken":0,"max_hp_gain":0,"max_hp_loss":0,"event_name":"Mysterious Sphere","floor":39,"gold_loss":0},{"damage_healed":0,"gold_gain":0,"player_choice":"Fight","damage_taken":0,"max_hp_gain":0,"max_hp_loss":0,"event_name":"MindBloom","floor":40,"gold_loss":0},{"damage_healed":0,"gold_gain":0,"player_choice":"Memory 3","damage_taken":10,"max_hp_gain":0,"max_hp_loss":0,"event_name":"SensoryStone","floor":46,"gold_loss":0}],"is_beta":false,"boss_relics":[{"not_picked":["Lizard Tail","Empty Cage"],"picked":"Sozu"},{"not_picked":["Snecko Eye","Nuclear Battery"],"picked":"FrozenCore"}],"items_purged_floors":[14,19,53],"is_endless":false,"potions_floor_spawned":[1,7,11,13,16,24,28,33,37,40,45],"ascension_level":0}