{"gold_per_floor":[111,186,186,199,199,199,242,255,255,270,270,149,149,163,163,283,283,301,324,324,338,184,220,220,234,234,234,247,272,138,138,138,242,242,257,273,273,173,218,218,233,233,233,233,260,314,344,375,387,399],"floor_reached":50,"playtime":1902,"items_purged":["Defend_R","Strike_R","Strike_R"],"score":563,"play_id":"ac656b5e-d92a-48d7-a9f3-50d0489cde4d","local_time":"20190318223600","is_ascension_mode":false,"campfire_choices":[{"data":"Uppercut","floor":6.0,"key":"SMITH"},{"data":"Metallicize","floor":11.0,"key":"SMITH"},{"data":"Bash","floor":13.0,"key":"SMITH"},{"data":"Metallicize","floor":15.0,"key":"SMITH"},{"data":"Shrug It Off","floor":24.0,"key":"SMITH"},{"data":"Inflame","floor":32.0,"key":"SMITH"},{"data":"Metallicize","floor":40,"key":"SMITH"},{"data":"Trip","floor":42,"key":"SMITH"},{"data":"Spot Weakness","floor":44,"key":"SMITH"},{"data":"Double Tap","floor":49,"key":"SMITH"}],"neow_cost":"NONE","seed_source_timestamp":434965393329325,"circlet_count":0,"master_deck":["Strike_R","Strike_R","Strike_R","Defend_R","Defend_R","Defend_R","Bash+1","Metallicize+1","Uppercut+1","Warcry","Shrug It Off+1","Metallicize+1","Battle Trance","Offering","Twin Strike+1","Infernal Blade+1","Flash of Steel","Inflame+1","Metallicize+1","Trip+1","Offering","Hemokinesis+1","Pommel Strike+1","Spot Weakness+1","Bloodletting+1","Double Tap+1","Dual Wield+1"],"special_seed":0,"relics":["Burning Blood","NeowsBlessing","Bloody Idol","StoneCalendar","The Courier","Coffee Dripper","Meat on the Bone","Mummified Hand","Pantograph","Enchiridion","Eternal Feather","Pocketwatch","Darkstone Periapt","Bottled Flame","Potion Belt","MawBank"],"potions_floor_usage":[45,47,47],"damage_taken":[{"damage":0.0,"enemies":"2 Louse","floor":1.0,"turns":1.0},{"damage":0.0,"enemies":"Small Slimes","floor":4.0,"turns":1.0},{"damage":0.0,"enemies":"Gremlin Nob","floor":7.0,"turns":1.0},{"damage":5.0,"enemies":"Jaw Worm","floor":8.0,"turns":3.0},{"damage":4.0,"enemies":"Looter","floor":10.0,"turns":4.0},{"damage":2.0,"enemies":"Blue Slaver","floor":14.0,"turns":4.0},{"damage":42.0,"enemies":"Hexaghost","floor":16.0,"turns":11.0},{"damage":9.0,"enemies":"Spheric Guardian","floor":18.0,"turns":5.0},{"damage":11.0,"enemies":"3 Byrds","floor":19.0,"turns":5.0},{"damage":21.0,"enemies":"Snake Plant","floor":21.0,"turns":4.0},{"damage":32.0,"enemies":"Slavers","floor":23.0,"turns":6.0},{"damage":6.0,"enemies":"Centurion and Healer","floor":25.0,"turns":5.0},{"damage":15.0,"enemies":"Sentry and Sphere","floor":28.0,"turns":6.0},{"damage":12.0,"enemies":"Book of Stabbing","floor":29.0,"turns":5.0},{"damage":26.0,"enemies":"Champ","floor":33.0,"turns":8.0},{"damage":27,"enemies":"3 Darklings","floor":35,"turns":6},{"damage":6,"enemies":"3 Shapes","floor":36,"turns":3},{"damage":14,"enemies":"2 Orb Walkers","floor":39,"turns":3},{"damage":25,"enemies":"Maw","floor":41,"turns":5},{"damage":55,"enemies":"Nemesis","floor":45,"turns":5},{"damage":42,"enemies":"Reptomancer","floor":47,"turns":3},{"damage":24,"enemies":"Sphere and 2 Shapes","floor":48,"turns":4},{"damage":85,"enemies":"Awakened One","floor":50,"turns":3}],"seed_played":"2923186041076538112","potions_obtained":[{"floor":1.0,"key":"Weak Potion"},{"floor":10.0,"key":"Strength Potion"},{"floor":14.0,"key":"Explosive Potion"},{"floor":21.0,"key":"EssenceOfSteel"},{"floor":33.0,"key":"GamblersBrew"},{"floor":35,"key":"SmokeBomb"},{"floor":45,"key":"Explosive Potion"},{"floor":48,"key":"SteroidPotion"}],"is_trial":false,"path_per_floor":["M","?","?","M","?","R","E","M","T","M","R","$","R","M","R","B",null,"M","M","?","M","$","E","R","M","T","?","M","E","$","?","R","B",null,"M","M","?","$","?","R","M","R","T","R","E","T","E","M","R","B"],"character_chosen":"IRONCLAD","items_purchased":["Metallicize","Flash of Steel","Metallicize","Trip"],"campfire_rested":0,"item_purchase_floors":[12,22,30,30],"current_hp_per_floor":[80,69,69,75,55,55,61,62,62,64,64,64,64,68,68,32,80,77,72,72,57,57,31,31,43,43,43,51,62,62,46,46,56,80,64,69,69,69,66,78,64,79,79,80,48,53,34,38,58,0],"gold":399,"neow_bonus":"THREE_ENEMY_KILL","is_prod":false,"is_daily":false,"chose_seed":false,"campfire_upgraded":10,"win_rate":0,"timestamp":1552916160,"path_taken":["M","?","?","M","?","R","E","M","T","M","R","?","R","M","R","BOSS","M","M","?","M","$","E","R","M","T","?","M","E","$","?","R","BOSS","M","M","?","$","?","R","M","R","T","R","E","?","E","?","R","BOSS"],"build_version":"2019-01-23","purchased_purges":3,"victory":false,"max_hp_per_floor":[80,80,80,80,80,80,80,80,80,80,80,80,80,80,80,80,80,80,80,80,80,80,80,80,80,80,80,80,80,80,80,80,80,80,80,80,80,80,80,80,80,80,80,80,80,80,80,80,80,80],"card_choices":[{"not_picked":["Reckless Charge","Second Wind"],"picked":"Metallicize","floor":1.0},{"not_picked":["Blood for Blood","Seeing Red"],"picked":"Uppercut","floor":4.0},{"not_picked":["Sword Boomerang","Body Slam","Anger"],"picked":"SKIP","floor":7.0},{"not_picked":["Dual Wield","Perfected Strike"],"picked":"Warcry","floor":8.0},{"not_picked":["Sword Boomerang","Feel No Pain"],"picked":"Shrug It Off","floor":10.0},{"not_picked":["Clothesline","Feel No Pain"],"picked":"Battle Trance","floor":14.0},{"not_picked":["Berserk","Juggernaut"],"picked":"Offering","floor":16.0},{"not_picked":["Clothesline","Sever Soul"],"picked":"Twin Strike+1","floor":18.0},{"not_picked":["Cleave","Disarm+1"],"picked":"Infernal Blade+1","floor":19.0},{"not_picked":["Heavy Blade","Dropkick","Dual Wield"],"picked":"SKIP","floor":21.0},{"not_picked":["Second Wind","Body Slam","Twin Strike"],"picked":"SKIP","floor":23.0},{"not_picked":["Battle Trance","Dropkick+1","Wild Strike"],"picked":"SKIP","floor":25.0},{"not_picked":["Cleave+1","Power Through+1","Clothesline"],"picked":"SKIP","floor":28.0},{"not_picked":["Whirlwind","Bludgeon"],"picked":"Inflame","floor":29.0},{"not_picked":["Dark Embrace","Exhume"],"picked":"Offering","floor":33.0},{"not_picked":["Warcry","Body Slam"],"picked":"Hemokinesis+1","floor":35},{"not_picked":["Wild Strike+1","Thunderclap+1"],"picked":"Pommel Strike+1","floor":36},{"not_picked":["Shrug It Off","Whirlwind"],"picked":"Spot Weakness","floor":39},{"not_picked":["Evolve+1","Intimidate+1"],"picked":"Bloodletting+1","floor":41},{"not_picked":["True Grit","Pommel Strike"],"picked":"Double Tap","floor":45},{"not_picked":["Flex","Headbutt+1"],"picked":"Dual Wield+1","floor":47},{"not_picked":["Body Slam","Armaments","Havoc"],"picked":"SKIP","floor":48}],"player_experience":306344,"relics_obtained":[{"floor":7.0,"key":"StoneCalendar"},{"floor":9.0,"key":"The Courier"},{"floor":23.0,"key":"Meat on the Bone"},{"floor":26.0,"key":"Mummified Hand"},{"floor":29.0,"key":"Pantograph"},{"floor":31.0,"key":"Enchiridion"},{"floor":39,"key":"Pocketwatch"},{"floor":43,"key":"Darkstone Periapt"},{"floor":45,"key":"Bottled Flame"},{"floor":46,"key":"Potion Belt"},{"floor":47,"key":"MawBank"}],"event_choices":[{"damage_healed":0.0,"max_hp_gain":0.0,"max_hp_loss":0.0,"gold_gain":75.0,"event_name":"World of Goop","player_choice":"Gather Gold","floor":2.0,"gold_loss":0.0,"damage_taken":11.0},{"damage_healed":0.0,"max_hp_gain":0.0,"max_hp_loss":0.0,"gold_gain":0.0,"event_name":"Liars Game","player_choice":"Ignored","floor":3.0,"gold_loss":0.0,"damage_taken":0.0},{"damage_healed":0.0,"max_hp_gain":0.0,"max_hp_loss":0.0,"gold_gain":0.0,"event_name":"Golden Idol","player_choice":"Take Damage","floor":5.0,"gold_loss":0.0,"damage_taken":20.0,"relics_obtained":["Golden Idol"]},{"damage_healed":0.0,"max_hp_gain":0.0,"max_hp_loss":0.0,"gold_gain":0.0,"event_name":"Vampires","player_choice":"Ignored","floor":20.0,"gold_loss":0.0,"damage_taken":0.0},{"damage_healed":0.0,"max_hp_gain":0.0,"max_hp_loss":0.0,"gold_gain":0.0,"event_name":"Forgotten Altar","player_choice":"Gave Idol","floor":27.0,"relics_lost":["Golden Idol"],"gold_loss":0.0,"damage_taken":0.0,"relics_obtained":["Bloody Idol"]},{"damage_healed":0.0,"max_hp_gain":0.0,"max_hp_loss":0.0,"gold_gain":0.0,"event_name":"Cursed Tome","player_choice":"Obtained Book","floor":31.0,"gold_loss":0.0,"damage_taken":16.0},{"damage_healed":0,"gold_gain":0,"player_choice":"Ignored","damage_taken":0,"max_hp_gain":0,"max_hp_loss":0,"event_name":"Tomb of Lord Red Mask","floor":37,"gold_loss":0},{"damage_healed":0,"gold_gain":0,"player_choice":"Fight","damage_taken":0,"max_hp_gain":0,"max_hp_loss":0,"event_name":"Mysterious Sphere","floor":39,"gold_loss":0}],"is_beta":false,"boss_relics":[{"not_picked":["Tiny House","Mark of Pain"],"picked":"Coffee Dripper"},{"not_picked":["Calling Bell","Runic Cube"],"picked":"Eternal Feather"}],"items_purged_floors":[12,22,38],"is_endless":false,"potions_floor_spawned":[1,10,14,18,21,28,33,35,45,48],"killed_by":"Awakened One","ascension_level":0}