{"gold_per_floor":[114,129,129,60,73,73,173,186,255,255,273,304,304,322,322,420,420,430,471,213,213,213,213,213,227,227,241,241,291,320,332,332,428,428,443,328,341,359,521,533,555,567,579,641,703,765,789,830,842,953,965,996,1008,1036,167,217,248,298,324,324,350,459,475,475,507,507,609,609,625,675,41,91,105,105,123,123,154,154,204,221,232,282,282,382,382,396,446,462,512,524,524,574,674,674],"floor_reached":94,"playtime":4865,"items_purged":[],"score":3469,"play_id":"081a5528-a282-4287-b028-9dc7602da487","local_time":"20180724161313","daily_mods":["Draft","Heirloom","Time Dilation","Vintage"],"is_ascension_mode":false,"campfire_choices":[{"data":"Bouncing Flask","floor":6,"key":"SMITH"},{"data":"Noxious Fumes","floor":10,"key":"SMITH"},{"data":"Catalyst","floor":13,"key":"SMITH"},{"floor":15,"key":"REST"},{"data":"Backflip","floor":23,"key":"SMITH"},{"floor":32,"key":"REST"},{"data":"Noxious Fumes","floor":40,"key":"SMITH"},{"data":"Backflip","floor":42,"key":"SMITH"},{"data":"Outmaneuver","floor":49,"key":"SMITH"},{"data":"Backstab","floor":64,"key":"SMITH"},{"data":"Backflip","floor":66,"key":"SMITH"},{"data":"Wraith Form v2","floor":74,"key":"SMITH"},{"data":"Sadistic Nature","floor":76,"key":"SMITH"},{"data":"Deadly Poison","floor":78,"key":"SMITH"},{"floor":83,"key":"REST"}],"neow_cost":"","seed_source_timestamp":158891978673520,"circlet_count":0,"master_deck":["Deadly Poison+1","Backflip+1","Noxious Fumes+1","Outmaneuver+1","Catalyst+1","Bouncing Flask+1","Dagger Spray+1","Bane+1","Backflip+1","Backflip+1","Backstab+1","Noxious Fumes+1","Bouncing Flask+1","Burst+1","Good Instincts+1","Venomology+1","Blur+1","Acrobatics+1","Madness+1","Deflect+1","Blur+1","Madness+1","Madness+1","Corpse Explosion+1","Blur+1","Purity+1","Distraction+1","Prepared+1","Escape Plan+1","Wraith Form v2+1","Deep Breath+1","Secret Technique+1","Panacea+1","Dark Shackles+1","Master of Strategy+1","Sadistic Nature+1","RitualDagger+1","Deflect+1","Secret Weapon+1","Escape Plan+1","Burst+1","Secret Technique+1","Flash of Steel+1","Jack Of All Trades+1","Tools of the Trade+1"],"relics":["Unceasing Top","Ice Cream","Juzu Bracelet","Mango","Boot","Snake Skull","Toxic Egg 2","Kunai","Sundial","Matryoshka","Pantograph","Empty Cage","Happy Flower","Tiny Chest","Strawberry","Art of War","Darkstone Periapt","Ninja Scroll","Regal Pillow","Potion Belt","Bottled Lightning","SsserpentHead","Singing Bowl","Omamori","Dream Catcher","Orrery","Letter Opener","Mercury Hourglass","MawBank","Pear","Anchor","Turnip","Pen Nib","Ornamental Fan","Mummified Hand","Calling Bell","Vajra","Blue Candle","Du-Vu Doll","Smiling Mask","Bronze Scales","TwistedFunnel","Ginger","Paper Crane","Dodecahedron","Shuriken","Centennial Puzzle","The Courier","Lizard Tail","Lantern","Whetstone","Gremlin Horn","Bag of Marbles","Frozen Egg 2","Torii","Coffee Dripper","Molten Egg 2","Bag of Preparation","Meat on the Bone","Question Card","Eternal Feather"],"potions_floor_usage":[25,35,38,41,44,47,48,48,50,57,61,62,67,67,69,73,77,77,77,84,93,93],"damage_taken":[{"damage":0,"enemies":"Cultist","floor":1,"turns":2},{"damage":0,"enemies":"2 Louse","floor":2,"turns":1},{"damage":5,"enemies":"Small Slimes","floor":5,"turns":2},{"damage":6,"enemies":"Exordium Wildlife","floor":8,"turns":3},{"damage":19,"enemies":"Blue Slaver","floor":11,"turns":3},{"damage":16,"enemies":"Gremlin Nob","floor":12,"turns":3},{"damage":0,"enemies":"Red Slaver","floor":14,"turns":1},{"damage":11,"enemies":"Slime Boss","floor":16,"turns":6},{"damage":20,"enemies":"2 Thieves","floor":18,"turns":3},{"damage":5,"enemies":"Chosen","floor":19,"turns":3},{"damage":18,"enemies":"3 Cultists","floor":25,"turns":4},{"damage":21,"enemies":"Centurion and Healer","floor":27,"turns":3},{"damage":11,"enemies":"Gremlin Leader","floor":30,"turns":2},{"damage":5,"enemies":"Chosen and Byrds","floor":31,"turns":3},{"damage":8,"enemies":"Champ","floor":33,"turns":5},{"damage":0,"enemies":"Flame Bruiser 1 Orb","floor":35,"turns":4},{"damage":20,"enemies":"3 Darklings","floor":37,"turns":3},{"damage":0,"enemies":"Transient","floor":38,"turns":5},{"damage":0,"enemies":"Sphere and 2 Shapes","floor":41,"turns":2},{"damage":0,"floor":44,"turns":4},{"damage":1,"enemies":"3 Darklings","floor":47,"turns":3},{"damage":5,"enemies":"Giant Head","floor":48,"turns":4},{"damage":24,"enemies":"Time Eater","floor":50,"turns":4},{"damage":0,"enemies":"Cultist","floor":52,"turns":2},{"damage":0,"enemies":"Jaw Worm","floor":54,"turns":1},{"damage":0,"enemies":"Lagavulin","floor":57,"turns":2},{"damage":0,"enemies":"3 Sentries","floor":59,"turns":2},{"damage":0,"enemies":"Lagavulin","floor":61,"turns":2},{"damage":0,"enemies":"3 Sentries","floor":62,"turns":2},{"damage":0,"enemies":"Small Slimes","floor":63,"turns":1},{"damage":0,"enemies":"3 Sentries","floor":65,"turns":2},{"damage":0,"enemies":"The Guardian","floor":67,"turns":3},{"damage":0,"enemies":"2 Thieves","floor":69,"turns":2},{"damage":0,"enemies":"Chosen","floor":73,"turns":2},{"damage":0,"enemies":"Centurion and Healer","floor":75,"turns":3},{"damage":0,"enemies":"Book of Stabbing","floor":77,"turns":1},{"damage":0,"enemies":"Snake Plant","floor":80,"turns":2},{"damage":0,"enemies":"Sentry and Sphere","floor":81,"turns":2},{"damage":0,"enemies":"Automaton","floor":84,"turns":4},{"damage":0,"enemies":"Orb Walker","floor":86,"turns":1},{"damage":0,"floor":87,"turns":2},{"damage":0,"enemies":"3 Darklings","floor":88,"turns":1},{"damage":0,"enemies":"Maw","floor":90,"turns":2},{"damage":0,"enemies":"Awakened One","floor":93,"turns":5}],"seed_played":"-7114517968201968948","potions_obtained":[{"floor":8,"key":"SteroidPotion"},{"floor":11,"key":"Strength Potion"},{"floor":12,"key":"PowerPotion"},{"floor":18,"key":"GhostInAJar"},{"floor":19,"key":"GhostInAJar"},{"floor":22,"key":"Fruit Juice"},{"floor":25,"key":"Swift Potion"},{"floor":38,"key":"GamblersBrew"},{"floor":50,"key":"Fire Potion"},{"floor":57,"key":"AttackPotion"},{"floor":59,"key":"AttackPotion"},{"floor":62,"key":"Energy Potion"},{"floor":67,"key":"Explosive Potion"},{"floor":75,"key":"Fire Potion"},{"floor":81,"key":"Fruit Juice"},{"floor":93,"key":"SkillPotion"}],"is_trial":true,"path_per_floor":["M","M","?","$","M","R","?","M","T","R","M","E","R","M","R","B",null,"M","M","$","T","?","R","$","M","T","M","?","?","E","M","R","B",null,"M","$","M","M","?","R","M","R","T","?","?","?","M","E","R","B",null,"M","?","M","$","?","E","?","E","T","E","?","M","R","E","R","B",null,"M","?","$","?","M","R","M","R","E","R","?","M","M","?","R","B",null,"M","?","M","?","M","R","?","B"],"character_chosen":"THE_SILENT","items_purchased":["Noxious Fumes","Good Instincts+1","Strawberry","Madness+1","Deflect+1","TwistedFunnel","Ginger","Blur+1","Purity+1","Thinking Ahead+1","Deep Breath+1","Secret Technique+1","Panacea+1","Dark Shackles+1","Master of Strategy+1","Sadistic Nature"],"campfire_rested":3,"item_purchase_floors":[4,20,20,36,36,55,55,55,55,55,71,71,71,71,71,71],"current_hp_per_floor":[70,84,84,84,79,79,79,73,73,73,54,38,38,38,63,52,84,64,59,66,66,66,66,66,53,53,32,32,16,7,2,46,63,104,104,104,84,84,84,84,94,94,94,114,114,100,99,96,96,92,122,122,122,122,122,127,127,109,109,109,111,111,111,111,113,113,131,131,131,131,131,125,125,125,125,125,130,130,130,130,130,130,131,136,136,136,138,138,128,128,128,128,138,138],"gold":674,"neow_bonus":"","is_prod":false,"is_daily":false,"chose_seed":false,"campfire_upgraded":12,"win_rate":0,"timestamp":1532416393,"path_taken":["M","M","?","$","M","R","?","M","T","R","M","E","R","M","R","BOSS","M","M","$","?","?","R","?","M","T","M","?","?","E","M","R","BOSS","M","$","M","M","?","R","M","R","T","?","?","?","M","E","R","BOSS","M","?","M","$","?","E","?","E","T","E","?","M","R","E","R","BOSS","M","?","?","?","M","R","M","R","E","R","?","M","M","?","R","BOSS","M","?","M","?","M","R","?","BOSS"],"build_version":"2018-07-19v2","purchased_purges":0,"victory":false,"max_hp_per_floor":[70,84,84,84,84,84,84,84,84,84,84,84,84,84,84,84,84,84,84,91,91,91,91,91,96,96,96,96,96,98,98,98,98,104,104,104,104,104,104,104,114,114,114,114,114,114,114,116,116,116,122,122,122,122,122,127,127,127,127,127,129,129,129,129,131,131,131,131,131,131,131,131,131,131,131,131,131,131,131,131,131,131,131,136,136,136,138,138,138,138,138,138,138,138],"card_choices":[{"not_picked":["Dagger Throw","PiercingWail"],"picked":"Poisoned Stab","floor":0},{"not_picked":["Underhanded Strike","Crippling Poison"],"picked":"Backflip","floor":0},{"not_picked":["Quick Slash","Dagger Spray"],"picked":"Deadly Poison","floor":0},{"not_picked":["Dagger Throw","Dodge and Roll"],"picked":"Backflip","floor":0},{"not_picked":["Backflip","Cloak And Dagger"],"picked":"Noxious Fumes","floor":0},{"not_picked":["Deadly Poison","Underhanded Strike"],"picked":"Outmaneuver","floor":0},{"not_picked":["PiercingWail","Sucker Punch"],"picked":"Catalyst","floor":0},{"not_picked":["Dodge and Roll","Sucker Punch"],"picked":"Bouncing Flask","floor":0},{"not_picked":["Deflect","Sucker Punch"],"picked":"Dagger Spray","floor":0},{"not_picked":["Eviscerate","Dagger Throw"],"picked":"Poisoned Stab","floor":0},{"not_picked":["Acrobatics","PiercingWail"],"picked":"Bane","floor":0},{"not_picked":["Prepared","Underhanded Strike"],"picked":"Backflip","floor":0},{"not_picked":["Underhanded Strike","Flying Knee"],"picked":"Backflip","floor":0},{"not_picked":["Flying Knee","Riddle With Holes"],"picked":"Backflip","floor":0},{"not_picked":["Outmaneuver","Noxious Fumes"],"picked":"Backstab","floor":0},{"not_picked":["Poisoned Stab","Bane"],"picked":"Bouncing Flask+1","floor":12},{"not_picked":["A Thousand Cuts","Glass Knife"],"picked":"Burst+1","floor":16},{"not_picked":["Footwork","Dash","Cloak And Dagger+1"],"picked":"Singing Bowl","floor":30},{"not_picked":["Doppelganger+1","Phantasmal Killer+1"],"picked":"Venomology+1","floor":33},{"not_picked":["Cloak And Dagger+1","Eviscerate+1"],"picked":"Blur+1","floor":34},{"not_picked":["Endless Agony+1","Dodge and Roll+1"],"picked":"Acrobatics+1","floor":34},{"not_picked":["Cloak And Dagger+1","Well Laid Plans","Acrobatics+1"],"picked":"Singing Bowl","floor":34},{"not_picked":["Dodge and Roll+1","Outmaneuver+1","Prepared+1"],"picked":"Singing Bowl","floor":34},{"not_picked":["Cloak And Dagger+1","Dash","Blade Dance+1"],"picked":"Singing Bowl","floor":34},{"not_picked":["Concentrate+1","Tactician+1"],"picked":"Blur+1","floor":44},{"not_picked":["Cloak And Dagger+1","Dagger Spray","Expertise+1"],"picked":"Singing Bowl","floor":48},{"not_picked":["Malaise+1","Venomology+1"],"picked":"Corpse Explosion+1","floor":50},{"not_picked":["Underhanded Strike","Slice"],"picked":"Distraction+1","floor":57},{"not_picked":["Phantasmal Killer+1","Envenom"],"picked":"Prepared+1","floor":59},{"not_picked":["Heel Hook","Flying Knee","Backflip+1"],"picked":"Singing Bowl","floor":61},{"not_picked":["Acrobatics+1","Terror+1"],"picked":"Escape Plan+1","floor":62},{"not_picked":["Deadly Poison+1","Expertise+1","Backstab"],"picked":"Singing Bowl","floor":65},{"not_picked":["Glass Knife","Storm of Steel+1"],"picked":"Wraith Form v2","floor":67},{"not_picked":["Well Laid Plans+1","Acrobatics+1"],"picked":"Deflect+1","floor":77},{"not_picked":["Noxious Fumes+1","Flying Knee"],"picked":"Escape Plan+1","floor":83},{"not_picked":["Corpse Explosion+1","Venomology+1"],"picked":"Burst+1","floor":84},{"not_picked":["Poisoned Stab+1","Quick Slash+1","Outmaneuver+1"],"picked":"Singing Bowl","floor":87},{"not_picked":["Trip+1","Dark Shackles+1"],"picked":"Secret Technique+1","floor":89},{"not_picked":["Blind+1","Thinking Ahead+1"],"picked":"Flash of Steel+1","floor":89},{"not_picked":["Good Instincts+1","Deep Breath+1"],"picked":"Jack Of All Trades+1","floor":89},{"not_picked":["Doppelganger+1","Grand Finale+1"],"picked":"Tools of the Trade+1","floor":93}],"player_experience":229758,"relics_obtained":[{"floor":1,"key":"Juzu Bracelet"},{"floor":2,"key":"Mango"},{"floor":5,"key":"Boot"},{"floor":8,"key":"Snake Skull"},{"floor":9,"key":"Toxic Egg 2"},{"floor":11,"key":"Kunai"},{"floor":12,"key":"Sundial"},{"floor":14,"key":"Matryoshka"},{"floor":16,"key":"Pantograph"},{"floor":18,"key":"Happy Flower"},{"floor":19,"key":"Tiny Chest"},{"floor":21,"key":"Art of War"},{"floor":21,"key":"Darkstone Periapt"},{"floor":25,"key":"Ninja Scroll"},{"floor":26,"key":"Regal Pillow"},{"floor":26,"key":"Potion Belt"},{"floor":27,"key":"Bottled Lightning"},{"floor":30,"key":"Singing Bowl"},{"floor":31,"key":"Omamori"},{"floor":33,"key":"Dream Catcher"},{"floor":35,"key":"Letter Opener"},{"floor":37,"key":"Mercury Hourglass"},{"floor":38,"key":"MawBank"},{"floor":41,"key":"Pear"},{"floor":43,"key":"Anchor"},{"floor":44,"key":"Turnip"},{"floor":47,"key":"Pen Nib"},{"floor":48,"key":"Ornamental Fan"},{"floor":50,"key":"Mummified Hand"},{"floor":51,"key":"Vajra"},{"floor":51,"key":"Blue Candle"},{"floor":51,"key":"Du-Vu Doll"},{"floor":52,"key":"Smiling Mask"},{"floor":54,"key":"Bronze Scales"},{"floor":60,"key":"Dodecahedron"},{"floor":62,"key":"Shuriken"},{"floor":63,"key":"Centennial Puzzle"},{"floor":67,"key":"The Courier"},{"floor":69,"key":"Lantern"},{"floor":73,"key":"Whetstone"},{"floor":75,"key":"Gremlin Horn"},{"floor":80,"key":"Bag of Marbles"},{"floor":81,"key":"Frozen Egg 2"},{"floor":84,"key":"Torii"},{"floor":86,"key":"Molten Egg 2"},{"floor":88,"key":"Bag of Preparation"},{"floor":90,"key":"Meat on the Bone"},{"floor":93,"key":"Question Card"}],"event_choices":[{"event_name":"Purifier","player_choice":"One Purge","floor":3,"damage_taken":0},{"event_name":"Golden Shrine","player_choice":"Pray","floor":7,"damage_taken":0},{"event_name":"The Lab","player_choice":"Got Potions","floor":22,"damage_taken":0},{"event_name":"FaceTrader","player_choice":"Trade","floor":28,"damage_taken":0},{"event_name":"Cursed Tome","player_choice":"Obtained Book","floor":29,"damage_taken":0},{"event_name":"Golden Shrine","player_choice":"Pray","floor":39,"damage_taken":0},{"event_name":"MindBloom","player_choice":"Fight","floor":44,"damage_taken":0},{"event_name":"Upgrade Shrine","player_choice":"Upgraded","floor":45,"damage_taken":0},{"event_name":"Winding Halls","player_choice":"Embrace Madness","floor":46,"damage_taken":0},{"event_name":"The Cleric","player_choice":"Card Removal","floor":53,"damage_taken":0},{"event_name":"Big Fish","player_choice":"Donut","floor":56,"damage_taken":0},{"event_name":"Scrap Ooze","player_choice":"success","floor":58,"damage_taken":18},{"event_name":"Dead Adventurer","player_choice":"Searched \u00271\u0027 times","floor":62,"damage_taken":0},{"event_name":"Back to Basics","player_choice":"Elegance","floor":70,"damage_taken":0},{"event_name":"Nest","player_choice":"Joined the Cult","floor":72,"damage_taken":0},{"event_name":"Vampires","player_choice":"Ignored","floor":79,"damage_taken":0},{"event_name":"Transmorgrifier","player_choice":"Transform","floor":82,"damage_taken":0},{"event_name":"MindBloom","player_choice":"Fight","floor":87,"damage_taken":0},{"event_name":"SensoryStone","player_choice":"Memory 3","floor":89,"damage_taken":0},{"event_name":"SecretPortal","player_choice":"Took Portal.","floor":92,"damage_taken":0}],"is_beta":false,"boss_relics":[{"not_picked":["Ectoplasm","WristBlade"],"picked":"Empty Cage"},{"not_picked":["Astrolabe","Cursed Key"],"picked":"Orrery"},{"not_picked":["Sozu","Lizard Tail"],"picked":"Calling Bell"},{"not_picked":["Ectoplasm","Pandora\u0027s Box"],"picked":"Lizard Tail"},{"not_picked":["Astrolabe","Snecko Eye"],"picked":"Coffee Dripper"},{"not_picked":["Runic Pyramid","Black Star"],"picked":"Eternal Feather"}],"items_purged_floors":[],"is_endless":true,"potions_floor_spawned":[8,11,12,18,19,25,38,47,50,57,59,62,62,63,67,69,75,81,87,88,93],"ascension_level":0}