{"gold_per_floor":[115,127,141,141,141,141,170,189,189,80,80],"floor_reached":11,"playtime":492,"items_purged":["Strike_R"],"score":84,"play_id":"0c3ffcb6-8cc1-412d-895b-d3665ae056fc","local_time":"20190524201400","is_ascension_mode":true,"campfire_choices":[{"data":"Metallicize","floor":6.0,"key":"SMITH"}],"neow_cost":"NONE","seed_source_timestamp":271347729137500,"circlet_count":0,"master_deck":["Strike_R","Strike_R","Strike_R","Defend_R","Defend_R","Defend_R","Defend_R","Bash","Battle Trance","Flame Barrier","Regret","Metallicize+1","Heavy Blade","Cleave","Inflame"],"special_seed":0,"relics":["Burning Blood","Omamori","Paper Frog","Bottled Tornado"],"potions_floor_usage":[],"damage_taken":[{"damage":8.0,"enemies":"2 Louse","floor":1.0,"turns":4.0},{"damage":8.0,"enemies":"Small Slimes","floor":2.0,"turns":4.0},{"damage":9.0,"enemies":"Cultist","floor":3.0,"turns":5.0},{"damage":34.0,"enemies":"Gremlin Nob","floor":7.0,"turns":5.0},{"damage":24.0,"enemies":"Exordium Thugs","floor":8.0,"turns":5.0},{"damage":39,"enemies":"Lagavulin","floor":11,"turns":10}],"seed_played":"-357712163828802882","potions_obtained":[{"floor":1.0,"key":"SpeedPotion"},{"floor":3.0,"key":"Fire Potion"}],"is_trial":false,"path_per_floor":["M","M","M","?","?","R","E","M","T","$","E"],"character_chosen":"IRONCLAD","items_purchased":["Inflame"],"campfire_rested":0,"item_purchase_floors":[10],"current_hp_per_floor":[86,84,81,81,81,81,53,35,35,35,0],"gold":80,"neow_bonus":"TEN_PERCENT_HP_BONUS","is_prod":false,"is_daily":false,"chose_seed":false,"campfire_upgraded":1,"win_rate":0,"timestamp":1558754040,"path_taken":["M","M","M","?","?","R","E","?","T","$","E"],"build_version":"2019-01-23","purchased_purges":1,"victory":false,"max_hp_per_floor":[88,88,88,88,88,88,88,88,88,88,88],"card_choices":[{"not_picked":["Perfected Strike","Anger"],"picked":"Battle Trance","floor":1.0},{"not_picked":["Headbutt","Warcry","Pummel"],"picked":"SKIP","floor":2.0},{"not_picked":["Shrug It Off","Headbutt"],"picked":"Flame Barrier","floor":3.0},{"not_picked":["True Grit","Combust"],"picked":"Heavy Blade","floor":7.0},{"not_picked":["True Grit","Feel No Pain"],"picked":"Cleave","floor":8.0}],"player_experience":75688,"relics_obtained":[{"floor":7.0,"key":"Paper Frog"},{"floor":9.0,"key":"Bottled Tornado"}],"event_choices":[{"damage_healed":0.0,"max_hp_gain":0.0,"max_hp_loss":0.0,"gold_gain":0.0,"event_name":"Big Fish","player_choice":"Box","floor":4.0,"gold_loss":0.0,"damage_taken":0.0,"relics_obtained":["Omamori"],"cards_obtained":["Regret"]},{"damage_healed":0.0,"max_hp_gain":0.0,"max_hp_loss":0.0,"gold_gain":0.0,"cards_transformed":["Strike_R"],"event_name":"Transmorgrifier","player_choice":"Transformed","floor":5.0,"gold_loss":0.0,"damage_taken":0.0,"cards_obtained":["Metallicize"]}],"is_beta":false,"boss_relics":[],"items_purged_floors":[10],"is_endless":false,"potions_floor_spawned":[1,3],"killed_by":"Lagavulin","ascension_level":3}