{"gold_per_floor":[112,112,112,128,148,148,160,194,218,218,218,247,259,300,312,427,439,470,482,509,521,552,564,576,588,625,666,678,701,713,735,747,759],"floor_reached":33,"playtime":2363,"items_purged":[],"score":325,"play_id":"0f0d4502-579a-4ab7-86f5-f41bdb8b890b","local_time":"20190202032345","is_ascension_mode":true,"campfire_choices":[{"floor":6,"key":"REST"},{"floor":11,"key":"REST"},{"floor":15,"key":"REST"},{"floor":23,"key":"REST"},{"floor":28,"key":"REST"},{"floor":30,"key":"REST"},{"floor":32,"key":"REST"}],"neow_cost":"NONE","seed_source_timestamp":1949876698257815,"circlet_count":0,"master_deck":["Defend_B","Defend_B+1","Defend_B+1","Zap+1","Dualcast+1","Rebound","Hologram","Coolheaded","Genetic Algorithm","Rebound","Thunder Strike","Parasite","Self Repair","Ball Lightning","Buffer","Melter+1","Chaos+1","Loop+1","Redo+1","Sweeping Beam","Rebound+1","Writhe","Steam+1","Compile Driver"],"relics":["Cracked Core","Vajra","Smiling Mask","MawBank","Bronze Scales","Astrolabe","Mercury Hourglass","War Paint","Matryoshka"],"potions_floor_usage":[8,8,20,22,33],"damage_taken":[{"damage":3,"enemies":"2 Louse","floor":1,"turns":3},{"damage":3,"enemies":"Small Slimes","floor":4,"turns":4},{"damage":2,"enemies":"Jaw Worm","floor":5,"turns":4},{"damage":23,"enemies":"Exordium Thugs","floor":7,"turns":5},{"damage":19,"enemies":"Gremlin Nob","floor":8,"turns":4},{"damage":22,"enemies":"Lagavulin","floor":12,"turns":7},{"damage":12,"enemies":"Gremlin Nob","floor":14,"turns":3},{"damage":35,"enemies":"Slime Boss","floor":16,"turns":10},{"damage":11,"enemies":"Spheric Guardian","floor":18,"turns":4},{"damage":26,"enemies":"3 Byrds","floor":20,"turns":3},{"damage":17,"enemies":"Snake Plant","floor":22,"turns":4},{"damage":53,"enemies":"Slavers","floor":27,"turns":4},{"damage":12,"enemies":"3 Cultists","floor":29,"turns":4},{"damage":23,"enemies":"Cultist and Chosen","floor":31,"turns":5},{"damage":51,"enemies":"Automaton","floor":33,"turns":6}],"seed_played":"1078856834160434102","potions_obtained":[{"floor":1,"key":"EssenceOfSteel"},{"floor":7,"key":"Poison Potion"},{"floor":16,"key":"Fire Potion"},{"floor":18,"key":"Block Potion"},{"floor":20,"key":"FearPotion"}],"is_trial":false,"path_per_floor":["M","?","?","M","M","R","M","E","T","?","R","E","$","E","R","B",null,"M","?","M","$","M","R","?","$","T","E","R","M","R","M","R","B"],"character_chosen":"DEFECT","items_purchased":[],"campfire_rested":7,"item_purchase_floors":[],"current_hp_per_floor":[72,65,50,47,45,67,44,25,25,43,65,43,43,31,53,25,75,64,64,45,45,35,57,57,57,57,11,33,21,43,27,49,0],"gold":759,"neow_bonus":"TRANSFORM_CARD","is_prod":false,"is_daily":false,"chose_seed":false,"campfire_upgraded":0,"win_rate":0,"timestamp":1549095825,"path_taken":["M","?","?","M","M","R","M","E","T","?","R","E","?","E","R","BOSS","M","?","M","$","M","R","?","?","T","E","R","M","R","M","R","BOSS"],"build_version":"2019-01-23","purchased_purges":0,"victory":false,"max_hp_per_floor":[75,75,75,75,75,75,75,75,75,75,75,75,75,75,75,75,75,75,75,75,75,75,75,75,75,75,75,75,75,75,75,75,75],"card_choices":[{"not_picked":["Recycle","Consume"],"picked":"Hologram","floor":1},{"not_picked":["Stack","Barrage"],"picked":"Coolheaded","floor":4},{"not_picked":["Coolheaded","FTL"],"picked":"Genetic Algorithm","floor":5},{"not_picked":["Sunder","Tempest"],"picked":"Rebound","floor":7},{"not_picked":["Hello World","Conserve Battery"],"picked":"Thunder Strike","floor":8},{"not_picked":["Loop","Rebound"],"picked":"Self Repair","floor":12},{"not_picked":["Auto Shields","Barrage"],"picked":"Ball Lightning","floor":14},{"not_picked":["Fission","Hyperbeam"],"picked":"Buffer","floor":16},{"not_picked":["Steam Power","Steam"],"picked":"Redo+1","floor":18},{"not_picked":["Turbo","Fusion"],"picked":"Sweeping Beam","floor":20},{"not_picked":["Turbo","Amplify"],"picked":"Rebound+1","floor":22},{"not_picked":["Loop","Cold Snap+1"],"picked":"Steam+1","floor":27},{"not_picked":["Rebound+1","Gash","Force Field"],"picked":"SKIP","floor":29},{"not_picked":["Rip and Tear","Reprogram+1"],"picked":"Compile Driver","floor":31}],"player_experience":130465,"relics_obtained":[{"floor":8,"key":"Vajra"},{"floor":9,"key":"Smiling Mask"},{"floor":12,"key":"MawBank"},{"floor":14,"key":"Bronze Scales"},{"floor":26,"key":"War Paint"},{"floor":27,"key":"Matryoshka"}],"event_choices":[{"cards_removed":["Strike_B"],"damage_healed":0,"gold_gain":0,"player_choice":"Card Removal","damage_taken":7,"max_hp_gain":0,"max_hp_loss":0,"event_name":"Golden Wing","floor":2,"gold_loss":0},{"damage_healed":0,"gold_gain":0,"player_choice":"Entered Light","damage_taken":15,"max_hp_gain":0,"max_hp_loss":0,"event_name":"Shining Light","floor":3,"gold_loss":0,"cards_upgraded":["Defend_B","Dualcast"]},{"damage_healed":18,"gold_gain":0,"player_choice":"Healed and dodged fight","damage_taken":0,"max_hp_gain":0,"max_hp_loss":0,"event_name":"Mushrooms","floor":10,"gold_loss":0,"cards_obtained":["Parasite"]},{"damage_healed":0,"gold_gain":0,"player_choice":"Ignored","damage_taken":0,"max_hp_gain":0,"max_hp_loss":0,"event_name":"Ghosts","floor":19,"gold_loss":0},{"damage_healed":0,"gold_gain":0,"player_choice":"Opened","damage_taken":0,"relics_obtained":["Mercury Hourglass"],"max_hp_gain":0,"max_hp_loss":0,"event_name":"The Mausoleum","floor":24,"gold_loss":0,"cards_obtained":["Writhe"]}],"is_beta":false,"boss_relics":[{"not_picked":["Black Star","Pandora\u0027s Box"],"picked":"Astrolabe"}],"items_purged_floors":[],"is_endless":false,"potions_floor_spawned":[1,7,16,18,20],"killed_by":"Automaton","ascension_level":3}