{"gold_per_floor":[119,136,147,167,167,195,211,242,299,264,282,282,300,151,151,251,251,266,266,36,53,53,82,82,108,108,118,132,132,143,161,161,161],"floor_reached":33,"playtime":1982,"items_purged":["Writhe"],"score":406,"play_id":"875e3b8a-0f4f-42a0-a062-aeb06cb88f74","local_time":"20190603180214","is_ascension_mode":true,"campfire_choices":[{"floor":12.0,"key":"REST"},{"data":"Metallicize","floor":15.0,"key":"SMITH"},{"floor":24.0,"key":"REST"},{"floor":32.0,"key":"REST"}],"neow_cost":"NONE","seed_source_timestamp":126288852723100,"circlet_count":0,"master_deck":["Strike_R","Strike_R","Strike_R","Strike_R","Strike_R","Defend_R","Defend_R","Defend_R","Defend_R","Bash+1","Twin Strike","Metallicize+1","Armaments","Shrug It Off","Body Slam","Disarm","Shrug It Off","Seeing Red","Shrug It Off","Battle Trance","Pommel Strike","Sword Boomerang+1","Demon Form","Iron Wave+1"],"special_seed":0,"relics":["Burning Blood","Champion Belt","Ancient Tea Set","Bag of Marbles","Tiny Chest","Vajra","Orrery","Blood Vial","Omamori","Red Skull","Bronze Scales","Singing Bowl"],"potions_floor_usage":[33],"damage_taken":[{"damage":7.0,"enemies":"Small Slimes","floor":1.0,"turns":3.0},{"damage":10.0,"enemies":"2 Louse","floor":2.0,"turns":3.0},{"damage":10.0,"enemies":"Jaw Worm","floor":3.0,"turns":4.0},{"damage":13.0,"enemies":"3 Louse","floor":4.0,"turns":4.0},{"damage":18.0,"enemies":"Gremlin Nob","floor":6.0,"turns":4.0},{"damage":6.0,"enemies":"2 Fungi Beasts","floor":7.0,"turns":4.0},{"damage":18.0,"enemies":"3 Sentries","floor":8.0,"turns":12.0},{"damage":8.0,"enemies":"Large Slime","floor":11.0,"turns":6.0},{"damage":4.0,"enemies":"Gremlin Gang","floor":13.0,"turns":6.0},{"damage":27.0,"enemies":"The Guardian","floor":16.0,"turns":17.0},{"damage":30.0,"enemies":"Spheric Guardian","floor":18.0,"turns":10.0},{"damage":18.0,"enemies":"Shell Parasite","floor":21.0,"turns":11.0},{"damage":45.0,"enemies":"Slavers","floor":23.0,"turns":11.0},{"damage":50.0,"enemies":"Book of Stabbing","floor":25.0,"turns":9.0},{"damage":9.0,"enemies":"Cultist and Chosen","floor":27.0,"turns":6.0},{"damage":12.0,"enemies":"Snake Plant","floor":28.0,"turns":3.0},{"damage":7.0,"enemies":"Centurion and Healer","floor":30.0,"turns":8.0},{"damage":12.0,"enemies":"Cultist and Chosen","floor":31.0,"turns":7.0},{"damage":49,"enemies":"Automaton","floor":33,"turns":8}],"seed_played":"-9144140568482361981","potions_obtained":[{"floor":1.0,"key":"Block Potion"},{"floor":2.0,"key":"Poison Potion"},{"floor":4.0,"key":"Explosive Potion"},{"floor":6.0,"key":"Fire Potion"},{"floor":18.0,"key":"Weak Potion"},{"floor":30.0,"key":"BloodPotion"}],"is_trial":false,"path_per_floor":["M","M","M","M","?","E","M","E","T","?","M","R","M","$","R","B",null,"M","?","$","M","?","E","R","E","T","M","M","?","M","M","R","B"],"character_chosen":"IRONCLAD","items_purchased":["Vajra","Omamori"],"campfire_rested":3,"item_purchase_floors":[14,20],"current_hp_per_floor":[71,67,63,56,53,41,41,29,29,49,47,71,73,73,73,52,73,49,49,49,39,65,28,52,10,10,11,9,9,10,16,41,0],"gold":161,"neow_bonus":"UPGRADE_CARD","is_prod":false,"is_daily":false,"chose_seed":false,"campfire_upgraded":1,"win_rate":0,"timestamp":1559610134,"path_taken":["M","M","M","M","?","E","M","E","T","?","M","R","M","$","R","BOSS","M","?","$","M","?","E","R","E","T","M","M","?","M","M","R","BOSS"],"build_version":"2019-01-23","purchased_purges":1,"victory":false,"max_hp_per_floor":[80,80,80,80,80,80,80,80,80,80,80,80,80,80,80,80,80,80,80,80,80,80,80,80,80,80,82,84,84,84,86,86,86],"card_choices":[{"not_picked":["Carnage","Pommel Strike"],"picked":"Twin Strike","floor":1.0},{"not_picked":["Dual Wield","Wild Strike"],"picked":"Metallicize","floor":2.0},{"not_picked":["Disarm","Headbutt"],"picked":"Armaments","floor":3.0},{"not_picked":["Sword Boomerang","Body Slam","Thunderclap"],"picked":"SKIP","floor":4.0},{"not_picked":["Sever Soul","Thunderclap","Dropkick"],"picked":"SKIP","floor":6.0},{"not_picked":["Spot Weakness","Limit Break"],"picked":"Shrug It Off","floor":7.0},{"not_picked":["Wild Strike","Corruption"],"picked":"Body Slam","floor":8.0},{"not_picked":["Thunderclap","Dropkick","Clash"],"picked":"SKIP","floor":11.0},{"not_picked":["Feel No Pain","Anger"],"picked":"Disarm","floor":13.0},{"not_picked":["Dual Wield","Seeing Red"],"picked":"Shrug It Off","floor":17.0},{"not_picked":["Anger","Blood for Blood"],"picked":"Seeing Red","floor":17.0},{"not_picked":["True Grit","Intimidate"],"picked":"Shrug It Off","floor":17.0},{"not_picked":["Thunderclap","Heavy Blade"],"picked":"Battle Trance","floor":17.0},{"not_picked":["Wild Strike","Sword Boomerang","Burning Pact"],"picked":"SKIP","floor":18.0},{"not_picked":["Clash","Hemokinesis"],"picked":"Pommel Strike","floor":21.0},{"not_picked":["Rupture","Spot Weakness"],"picked":"Sword Boomerang+1","floor":23.0},{"not_picked":["Cleave","Havoc"],"picked":"Demon Form","floor":25.0},{"not_picked":["Sword Boomerang","True Grit","Perfected Strike"],"picked":"Singing Bowl","floor":27.0},{"not_picked":["Clothesline","Hemokinesis","Clash+1"],"picked":"Singing Bowl","floor":28.0},{"not_picked":["Rampage+1","Body Slam+1"],"picked":"Iron Wave+1","floor":30.0},{"not_picked":["Hemokinesis","Pommel Strike","Headbutt"],"picked":"Singing Bowl","floor":31.0}],"player_experience":250894,"relics_obtained":[{"floor":6.0,"key":"Ancient Tea Set"},{"floor":8.0,"key":"Bag of Marbles"},{"floor":9.0,"key":"Tiny Chest"},{"floor":23.0,"key":"Red Skull"},{"floor":25.0,"key":"Bronze Scales"},{"floor":26.0,"key":"Singing Bowl"}],"event_choices":[{"damage_healed":0.0,"max_hp_gain":0.0,"max_hp_loss":0.0,"gold_gain":0.0,"event_name":"Scrap Ooze","player_choice":"Success","floor":5.0,"gold_loss":0.0,"damage_taken":3.0,"relics_obtained":["Champion Belt"]},{"damage_healed":20.0,"max_hp_gain":0.0,"max_hp_loss":0.0,"gold_gain":0.0,"event_name":"The Cleric","player_choice":"Healed","floor":10.0,"gold_loss":35.0,"damage_taken":0.0},{"damage_healed":0.0,"max_hp_gain":0.0,"max_hp_loss":0.0,"gold_gain":0.0,"event_name":"The Mausoleum","player_choice":"Opened","floor":19.0,"gold_loss":0.0,"damage_taken":0.0,"relics_obtained":["Blood Vial"],"cards_obtained":["Writhe"]},{"damage_healed":26.0,"max_hp_gain":0.0,"max_hp_loss":0.0,"gold_gain":0.0,"event_name":"The Library","player_choice":"Heal","floor":22.0,"gold_loss":0.0,"damage_taken":0.0},{"damage_healed":0.0,"max_hp_gain":0.0,"max_hp_loss":0.0,"gold_gain":0.0,"event_name":"Forgotten Altar","player_choice":"Smashed Altar","floor":29.0,"gold_loss":0.0,"damage_taken":0.0,"cards_obtained":["Decay"]}],"is_beta":false,"boss_relics":[{"not_picked":["Runic Pyramid","Fusion Hammer"],"picked":"Orrery"}],"items_purged_floors":[20],"is_endless":false,"potions_floor_spawned":[1,2,4,6,16,18,23,30],"killed_by":"Automaton","ascension_level":7}