{"gold_per_floor":[111,135,155,45,56,76,102,82,82,98,98,112,12,112,112,207,207,218,93,93,93,77,77,88,88],"floor_reached":25,"playtime":1293,"items_purged":["Strike_B","Strike_B","Strike_B"],"score":315,"play_id":"a06498a8-0a00-4f08-86e3-ad64124fabe3","local_time":"20190511182157","is_ascension_mode":true,"campfire_choices":[{"floor":11,"key":"REST"},{"data":"Zap","floor":15,"key":"SMITH"},{"floor":23,"key":"REST"}],"neow_cost":"NONE","seed_source_timestamp":497013006460498,"circlet_count":0,"master_deck":["AscendersBane","Strike_B","Defend_B","Defend_B","Defend_B","Defend_B","Zap+1","Dualcast","Gash","Self Repair","Go for the Eyes","Melter","Buffer+1","Writhe","Go for the Eyes","Go for the Eyes+1"],"relics":["Cracked Core","NeowsBlessing","Bronze Scales","Turnip","Meat on the Bone","Lizard Tail","Mango"],"potions_floor_usage":[7,16],"damage_taken":[{"damage":0,"enemies":"Cultist","floor":1,"turns":1},{"damage":0,"enemies":"Jaw Worm","floor":3,"turns":1},{"damage":0,"enemies":"Small Slimes","floor":5,"turns":1},{"damage":9,"enemies":"Red Slaver","floor":6,"turns":3},{"damage":33,"enemies":"Gremlin Nob","floor":7,"turns":4},{"damage":5,"enemies":"2 Fungi Beasts","floor":10,"turns":4},{"damage":18,"enemies":"Lots of Slimes","floor":12,"turns":4},{"damage":49,"enemies":"The Guardian","floor":16,"turns":10},{"damage":21,"enemies":"3 Byrds","floor":18,"turns":3},{"damage":9,"enemies":"2 Thieves","floor":22,"turns":4},{"damage":66,"enemies":"Chosen and Byrds","floor":24,"turns":8},{"damage":97,"enemies":"Slavers","floor":25,"turns":6}],"seed_played":"-4194553912138536346","potions_obtained":[{"floor":3,"key":"Dexterity Potion"},{"floor":6,"key":"Swift Potion"},{"floor":8,"key":"LiquidBronze"},{"floor":16,"key":"Energy Potion"},{"floor":22,"key":"Regen Potion"}],"is_trial":false,"path_per_floor":["M","T","M","$","M","M","E","?","T","M","R","M","$","?","R","B",null,"M","$","?","?","M","R","M","E"],"character_chosen":"DEFECT","items_purchased":["Self Repair"],"campfire_rested":2,"item_purchase_floors":[4],"current_hp_per_floor":[68,68,68,68,68,66,40,40,40,54,75,64,64,64,64,34,65,51,51,65,65,63,89,42,0],"gold":88,"neow_bonus":"THREE_ENEMY_KILL","is_prod":false,"is_daily":false,"chose_seed":false,"campfire_upgraded":1,"win_rate":0,"timestamp":1557624117,"path_taken":["M","?","M","?","?","M","E","?","T","M","R","M","?","?","R","BOSS","M","$","?","?","M","R","M","E"],"build_version":"2019-01-23","purchased_purges":3,"victory":false,"max_hp_per_floor":[75,75,75,75,75,75,75,75,75,75,75,75,75,75,75,75,75,75,75,89,89,89,89,89,89],"card_choices":[{"not_picked":["Barrage","Beam Cell"],"picked":"Gash","floor":1},{"not_picked":["Rebound","Static Discharge","Sweeping Beam"],"picked":"SKIP","floor":3},{"not_picked":["Barrage","Sweeping Beam"],"picked":"Go for the Eyes","floor":5},{"not_picked":["Hologram","Reprogram","Barrage"],"picked":"SKIP","floor":6},{"not_picked":["Skim","Creative AI","Biased Cognition"],"picked":"SKIP","floor":7},{"not_picked":["Turbo","Auto Shields","Reprogram"],"picked":"SKIP","floor":10},{"not_picked":["Hologram","Redo"],"picked":"Melter","floor":12},{"not_picked":["Rainbow","Seek"],"picked":"Buffer","floor":16},{"not_picked":["Ball Lightning","Streamline","Barrage+1"],"picked":"SKIP","floor":18},{"not_picked":["Chill","Turbo"],"picked":"Go for the Eyes","floor":22},{"not_picked":["Ball Lightning","Rebound"],"picked":"Go for the Eyes+1","floor":24}],"player_experience":464565,"relics_obtained":[{"floor":2,"key":"Bronze Scales"},{"floor":7,"key":"Turnip"},{"floor":9,"key":"Meat on the Bone"}],"event_choices":[{"damage_healed":0,"gold_gain":0,"player_choice":"Bought 1 Potion","damage_taken":0,"max_hp_gain":0,"max_hp_loss":0,"event_name":"The Woman in Blue","floor":8,"gold_loss":0},{"damage_healed":0,"gold_gain":100,"player_choice":"Pray","damage_taken":0,"max_hp_gain":0,"max_hp_loss":0,"event_name":"Golden Shrine","floor":14,"gold_loss":0},{"damage_healed":0,"gold_gain":0,"player_choice":"Opened","damage_taken":0,"relics_obtained":["Mango"],"max_hp_gain":0,"max_hp_loss":0,"event_name":"The Mausoleum","floor":20,"gold_loss":0,"cards_obtained":["Writhe"]},{"damage_healed":0,"gold_gain":0,"player_choice":"Forge","damage_taken":0,"max_hp_gain":0,"max_hp_loss":0,"event_name":"Accursed Blacksmith","floor":21,"gold_loss":0,"cards_upgraded":["Buffer"]}],"is_beta":false,"boss_relics":[{"not_picked":["Calling Bell","Fusion Hammer"],"picked":"Lizard Tail"}],"items_purged_floors":[4,13,19],"is_endless":false,"potions_floor_spawned":[3,6,16,22],"killed_by":"Slavers","ascension_level":11}