{"gold_per_floor":[110,110,110,126,136,136,150,176,176,188,36,36,56,6,6,105,105,123,123,139,157,173,173,223,243,243,254,254,274,50,50,50,50],"floor_reached":33,"playtime":2374,"items_purged":["Defend_B"],"score":301,"play_id":"6ccf2934-14ce-4924-baf8-8491522fa591","local_time":"20190421185843","is_ascension_mode":false,"campfire_choices":[{"data":"Ball Lightning","floor":6,"key":"SMITH"},{"floor":12,"key":"REST"},{"floor":15,"key":"REST"},{"floor":23,"key":"REST"},{"floor":28,"key":"REST"},{"floor":32,"key":"REST"}],"neow_cost":"NONE","seed_source_timestamp":936167271413841,"circlet_count":0,"master_deck":["Strike_B","Strike_B","Strike_B","Strike_B","Zap","Dualcast","Ball Lightning+1","Rebound","Chill","Beam Cell","Sweeping Beam","Echo Form","Scrape","Machine Learning","Sweeping Beam","Melter","Compile Driver+1","Gash","Rebound","Gash"],"relics":["Cracked Core","Lantern","Gremlin Horn","Vajra","Runic Pyramid","GremlinMask","Bottled Tornado","Orichalcum"],"potions_floor_usage":[21,21,21,33],"damage_taken":[{"damage":5,"enemies":"Small Slimes","floor":1,"turns":3},{"damage":0,"enemies":"2 Louse","floor":4,"turns":1},{"damage":11,"enemies":"Jaw Worm","floor":5,"turns":2},{"damage":10,"enemies":"Large Slime","floor":7,"turns":3},{"damage":16,"enemies":"Gremlin Nob","floor":8,"turns":3},{"damage":0,"enemies":"Looter","floor":10,"turns":1},{"damage":1,"enemies":"Lots of Slimes","floor":13,"turns":2},{"damage":0,"enemies":"Slime Boss","floor":16,"turns":6},{"damage":0,"enemies":"3 Byrds","floor":18,"turns":4},{"damage":28,"enemies":"Shell Parasite","floor":20,"turns":4},{"damage":19,"enemies":"Centurion and Healer","floor":21,"turns":4},{"damage":13,"enemies":"3 Cultists","floor":22,"turns":5},{"damage":13,"enemies":"Snecko","floor":25,"turns":4},{"damage":10,"enemies":"Cultist and Chosen","floor":27,"turns":4},{"damage":6,"enemies":"Chosen and Byrds","floor":29,"turns":4},{"damage":15,"enemies":"Colosseum Slavers","floor":31,"turns":3},{"damage":50,"enemies":"Automaton","floor":33,"turns":6}],"seed_played":"156194393413293483","potions_obtained":[{"floor":8,"key":"Explosive Potion"},{"floor":10,"key":"FocusPotion"},{"floor":16,"key":"LiquidBronze"},{"floor":25,"key":"Regen Potion"},{"floor":29,"key":"PowerPotion"}],"is_trial":false,"path_per_floor":["M","?","?","M","M","R","M","E","T","M","$","R","M","?","R","B",null,"M","?","M","M","M","R","?","M","T","M","R","M","$","?","R","B"],"character_chosen":"DEFECT","items_purchased":["Echo Form","Orichalcum"],"campfire_rested":5,"item_purchase_floors":[11,30],"current_hp_per_floor":[70,58,58,58,47,47,37,21,21,21,21,43,42,42,64,64,75,75,75,47,28,15,37,37,24,24,14,36,30,30,15,37,0],"gold":50,"neow_bonus":"REMOVE_CARD","is_prod":false,"is_daily":false,"chose_seed":false,"campfire_upgraded":1,"win_rate":0.0,"timestamp":1555898323,"path_taken":["M","?","?","M","?","R","M","E","T","M","$","R","M","?","R","BOSS","M","?","M","?","M","R","?","M","T","?","R","M","$","?","R","BOSS"],"build_version":"2019-01-23","purchased_purges":1,"victory":false,"max_hp_per_floor":[75,75,75,75,75,75,75,75,75,75,75,75,75,75,75,75,75,75,75,75,75,75,75,75,75,75,75,75,75,75,75,75,75],"card_choices":[{"not_picked":["Cold Snap","Turbo"],"picked":"Ball Lightning","floor":1},{"not_picked":["Leap","Cold Snap"],"picked":"Rebound","floor":4},{"not_picked":["Go for the Eyes","Cold Snap","Genetic Algorithm"],"picked":"SKIP","floor":5},{"not_picked":["Steam","Doom and Gloom"],"picked":"Chill","floor":7},{"not_picked":["Genetic Algorithm","Leap"],"picked":"Beam Cell","floor":8},{"not_picked":["Defragment","Genetic Algorithm"],"picked":"Sweeping Beam","floor":10},{"not_picked":["Compile Driver","Cold Snap"],"picked":"Scrape","floor":13},{"not_picked":["All For One","Fission"],"picked":"Machine Learning","floor":16},{"not_picked":["Beam Cell","Stack"],"picked":"Sweeping Beam","floor":18},{"not_picked":["Reinforced Body","Leap"],"picked":"Melter","floor":20},{"not_picked":["Defragment","Beam Cell"],"picked":"Compile Driver+1","floor":21},{"not_picked":["Steam","Conserve Battery"],"picked":"Gash","floor":22},{"not_picked":["Coolheaded","Storm","Heatsinks+1"],"picked":"SKIP","floor":25},{"not_picked":["Conserve Battery","Sunder"],"picked":"Rebound","floor":27},{"not_picked":["Blizzard","Genetic Algorithm"],"picked":"Gash","floor":29}],"player_experience":41397,"relics_obtained":[{"floor":8,"key":"Gremlin Horn"},{"floor":9,"key":"Vajra"},{"floor":26,"key":"Bottled Tornado"}],"event_choices":[{"damage_healed":0,"gold_gain":0,"player_choice":"Success","damage_taken":12,"relics_obtained":["Lantern"],"max_hp_gain":0,"max_hp_loss":0,"event_name":"Scrap Ooze","floor":2,"gold_loss":0},{"cards_removed":["Defend_B"],"damage_healed":0,"gold_gain":0,"player_choice":"Forget","damage_taken":0,"max_hp_gain":0,"max_hp_loss":0,"event_name":"Living Wall","floor":3,"gold_loss":0},{"cards_removed":["Defend_B"],"damage_healed":0,"gold_gain":0,"player_choice":"Card Removal","damage_taken":0,"max_hp_gain":0,"max_hp_loss":0,"event_name":"The Cleric","floor":14,"gold_loss":50},{"damage_healed":0,"gold_gain":0,"player_choice":"Trade","damage_taken":0,"relics_obtained":["GremlinMask"],"max_hp_gain":0,"max_hp_loss":0,"event_name":"FaceTrader","floor":19,"gold_loss":0},{"damage_healed":0,"gold_gain":100,"player_choice":"Bet on Murderer","damage_taken":0,"max_hp_gain":0,"max_hp_loss":0,"event_name":"The Joust","floor":24,"gold_loss":50},{"damage_healed":0,"gold_gain":0,"player_choice":"Fight","damage_taken":0,"max_hp_gain":0,"max_hp_loss":0,"event_name":"Colosseum","floor":31,"gold_loss":0},{"damage_healed":0,"gold_gain":0,"player_choice":"Fled From Nobs","damage_taken":0,"max_hp_gain":0,"max_hp_loss":0,"event_name":"Colosseum","floor":31,"gold_loss":0}],"is_beta":false,"boss_relics":[{"not_picked":["White Beast Statue","Inserter"],"picked":"Runic Pyramid"}],"items_purged_floors":[30],"is_endless":false,"potions_floor_spawned":[8,10,16,18,25,29,31],"killed_by":"Automaton","ascension_level":0}