{"gold_per_floor":[111,111,123,123,143,168,5,5,5,5,21,50,50,75,75,194,194,214,229,229,243,243,243,298,270,345,345,384,423,446,470,470,590,590,626,673,673,994,74,108,108,34,86,86,117,117,132,150,150,278,278,311,345,369,385,405,405,365,365,388,388,388,424,424,443,443,573,585,621,633,685,708,720,732,798,810,851,863,893,905,972,1032,1044,1154,1166,1198,1230,1242,1254,1266],"floor_reached":90,"playtime":1984,"items_purged":[],"score":2392,"play_id":"4801e14b-ded7-4fe8-b996-764528fee42a","local_time":"20180915214935","daily_mods":["Draft","Heirloom","Time Dilation","Vintage"],"is_ascension_mode":false,"campfire_choices":[{"data":"Envenom","floor":15,"key":"SMITH"},{"data":"Slice","floor":23,"key":"SMITH"},{"data":"Impatience","floor":27,"key":"SMITH"},{"data":"Finisher","floor":32,"key":"SMITH"},{"data":"Blind","floor":41,"key":"SMITH"},{"data":"Backstab","floor":44,"key":"SMITH"},{"data":"Forethought","floor":46,"key":"SMITH"},{"data":"Flash of Steel","floor":49,"key":"SMITH"},{"data":"Storm of Steel","floor":57,"key":"SMITH"},{"data":"Blade Dance","floor":59,"key":"SMITH"},{"data":"Thinking Ahead","floor":62,"key":"SMITH"},{"data":"Burst","floor":66,"key":"SMITH"},{"data":"Acrobatics","floor":74,"key":"SMITH"},{"data":"Dagger Throw","floor":76,"key":"SMITH"},{"data":"Bouncing Flask+1","floor":83,"key":"PURGE"}],"neow_cost":"","seed_source_timestamp":0,"circlet_count":0,"master_deck":["Backstab+1","Dagger Spray+1","Catalyst","Endless Agony","Finisher+1","Backflip","Deadly Poison+1","Concentrate+1","Slice+1","Slice","Endless Agony+1","Dagger Throw+1","Acrobatics+1","Flash of Steel+1","Envenom+1","Thinking Ahead+1","HandOfGreed+1","Cloak And Dagger+1","Impatience+1","Finisher+1","Forethought+1","Storm of Steel+1","Blade Dance+1","Burst+1","Jack Of All Trades+1","Slice+1","A Thousand Cuts+1","Slice+1","Madness","Madness"],"relics":["Ring of the Serpent","Unceasing Top","Darkstone Periapt","The Courier","PreservedInsect","War Paint","Ancient Tea Set","Sling","Peace Pipe","Kunai","Pen Nib","Bloody Idol","Omamori","Question Card","Coffee Dripper","Bronze Scales","Pear","Molten Egg 2","Vajra","Tiny Chest","Strawberry","Shuriken","Regal Pillow","Mercury Hourglass","Centennial Puzzle","Black Star","StoneCalendar","Blood Vial","Old Coin","Matryoshka","ClockworkSouvenir","Turnip","The Specimen","Bottled Lightning","Ninja Scroll","Whetstone","Boot","Oddly Smooth Stone","Happy Flower","Nunchaku","Snake Skull","Du-Vu Doll","Potion Belt","Orichalcum","Bag of Preparation","Smiling Mask","Gremlin Horn","Bottled Tornado","Juzu Bracelet","Frozen Egg 2","MawBank","WristBlade","Art of War","Letter Opener","Lantern","Dream Catcher","Enchiridion","Red Mask","Bag of Marbles","Anchor","Thread and Needle"],"potions_floor_usage":[50,50,84],"damage_taken":[{"damage":0,"enemies":"Jaw Worm","floor":1,"turns":1},{"damage":0,"enemies":"2 Louse","floor":3,"turns":1},{"damage":0,"enemies":"Small Slimes","floor":5,"turns":1},{"damage":0,"enemies":"Gremlin Nob","floor":6,"turns":1},{"damage":0,"enemies":"2 Fungi Beasts","floor":11,"turns":1},{"damage":0,"enemies":"3 Sentries","floor":12,"turns":1},{"damage":0,"enemies":"Blue Slaver","floor":14,"turns":1},{"damage":0,"enemies":"Hexaghost","floor":16,"turns":1},{"damage":4,"enemies":"Chosen","floor":18,"turns":2},{"damage":0,"enemies":"3 Byrds","floor":19,"turns":1},{"damage":0,"enemies":"Snecko","floor":21,"turns":2},{"damage":0,"enemies":"Slavers","floor":24,"turns":1},{"damage":0,"enemies":"Snake Plant","floor":28,"turns":1},{"damage":0,"enemies":"Gremlin Leader","floor":29,"turns":2},{"damage":0,"enemies":"Sentry and Sphere","floor":30,"turns":2},{"damage":0,"enemies":"3 Cultists","floor":31,"turns":1},{"damage":0,"enemies":"Collector","floor":33,"turns":1},{"damage":3,"enemies":"3 Shapes","floor":35,"turns":2},{"damage":0,"enemies":"Orb Walker","floor":38,"turns":1},{"damage":0,"enemies":"Giant Head","floor":40,"turns":2},{"damage":0,"enemies":"2 Orb Walkers","floor":45,"turns":1},{"damage":0,"enemies":"Maw","floor":47,"turns":1},{"damage":1,"enemies":"4 Shapes","floor":48,"turns":1},{"damage":0,"enemies":"Donu and Deca","floor":50,"turns":1},{"damage":0,"enemies":"Jaw Worm","floor":52,"turns":1},{"damage":0,"enemies":"Small Slimes","floor":53,"turns":1},{"damage":0,"enemies":"Cultist","floor":54,"turns":1},{"damage":0,"enemies":"Lots of Slimes","floor":55,"turns":1},{"damage":0,"enemies":"Exordium Thugs","floor":56,"turns":1},{"damage":0,"enemies":"Lagavulin","floor":63,"turns":1},{"damage":0,"enemies":"3 Louse","floor":65,"turns":1},{"damage":0,"enemies":"The Guardian","floor":67,"turns":1},{"damage":0,"enemies":"Shell Parasite","floor":69,"turns":1},{"damage":0,"enemies":"Chosen","floor":71,"turns":1},{"damage":0,"enemies":"Snake Plant","floor":72,"turns":1},{"damage":0,"enemies":"Slavers","floor":75,"turns":1},{"damage":0,"enemies":"Gremlin Leader","floor":77,"turns":1},{"damage":0,"enemies":"Centurion and Healer","floor":79,"turns":1},{"damage":0,"enemies":"Masked Bandits","floor":81,"turns":1},{"damage":0,"enemies":"Slavers","floor":82,"turns":1},{"damage":0,"enemies":"Collector","floor":84,"turns":2},{"damage":0,"enemies":"Orb Walker","floor":86,"turns":1},{"damage":0,"enemies":"Mind Bloom Boss Battle","floor":87,"turns":2},{"damage":0,"enemies":"3 Darklings","floor":90,"turns":1}],"seed_played":"-8123100784669797158","potions_obtained":[{"floor":5,"key":"Swift Potion"},{"floor":11,"key":"SteroidPotion"},{"floor":16,"key":"Weak Potion"},{"floor":18,"key":"GhostInAJar"},{"floor":50,"key":"SteroidPotion"},{"floor":52,"key":"FairyPotion"},{"floor":53,"key":"GhostInAJar"},{"floor":65,"key":"FearPotion"},{"floor":84,"key":"Fruit Juice"},{"floor":86,"key":"SkillPotion"}],"is_trial":true,"path_per_floor":["M","?","M","?","M","E","$","?","T","$","M","E","?","M","R","B",null,"M","M","$","M","?","R","E","$","T","R","M","E","M","M","R","B",null,"M","T","$","M","$","E","R","$","T","R","E","R","M","M","R","B",null,"M","M","M","M","M","R","$","R","T","?","R","E","?","M","R","B",null,"M","?","M","M","?","R","E","R","E","?","M","?","?","E","R","B",null,"M","?","?","?"],"character_chosen":"THE_SILENT","items_purchased":["Sling","Impatience","Matryoshka","ClockworkSouvenir","Turnip","The Specimen","Forethought","Blade Dance"],"campfire_rested":0,"item_purchase_floors":[7,25,39,39,39,39,42,58],"current_hp_per_floor":[70,67,67,60,60,60,60,60,60,60,60,60,43,43,43,43,70,66,76,76,76,76,76,76,76,76,76,83,83,83,83,83,83,87,84,84,84,86,86,87,87,87,87,87,87,87,87,86,86,87,87,87,87,87,87,87,87,87,87,87,87,87,87,87,87,87,87,87,87,87,87,87,87,87,87,87,87,87,87,71,87,87,87,92,92,92,92,80,85,92],"gold":1266,"neow_bonus":"","is_prod":false,"is_daily":false,"chose_seed":false,"campfire_upgraded":14,"win_rate":0,"timestamp":1537015775,"path_taken":["M","?","M","?","?","E","$","?","T","?","M","E","?","M","R","BOSS","M","M","$","?","?","R","E","$","T","R","M","E","M","?","R","BOSS","M","?","$","M","$","E","R","$","T","R","E","R","?","M","R","BOSS","M","M","M","M","M","R","$","R","T","?","R","E","?","M","R","BOSS","M","?","M","M","?","R","E","R","E","?","M","?","?","E","R","BOSS","M","?","?","?","M"],"build_version":"2018-09-06","purchased_purges":0,"victory":false,"max_hp_per_floor":[70,70,70,70,70,70,70,70,70,70,70,70,70,70,70,70,70,70,80,80,80,80,80,80,80,80,80,87,87,87,87,87,87,87,87,87,87,87,87,87,87,87,87,87,87,87,87,87,87,87,87,87,87,87,87,87,87,87,87,87,87,87,87,87,87,87,87,87,87,87,87,87,87,87,87,87,87,87,87,87,87,87,87,92,92,92,92,92,92,92],"card_choices":[{"not_picked":["Backflip","Cloak And Dagger"],"picked":"Backstab","floor":0},{"not_picked":["Deadly Poison","Flying Knee"],"picked":"Dagger Spray","floor":0},{"not_picked":["Deadly Poison","Underhanded Strike"],"picked":"Masterful Stab","floor":0},{"not_picked":["Flying Knee","Setup"],"picked":"Catalyst","floor":0},{"not_picked":["Infinite Blades","Quick Slash"],"picked":"Endless Agony","floor":0},{"not_picked":["Bane","Poisoned Stab"],"picked":"Finisher","floor":0},{"not_picked":["Catalyst","Dodge and Roll"],"picked":"Bouncing Flask","floor":0},{"not_picked":["Sucker Punch","Well Laid Plans"],"picked":"Backflip","floor":0},{"not_picked":["Flying Knee","Outmaneuver"],"picked":"Deadly Poison","floor":0},{"not_picked":["Quick Slash","Acrobatics"],"picked":"Concentrate","floor":0},{"not_picked":["Prepared","Underhanded Strike"],"picked":"Slice","floor":0},{"not_picked":["Backflip","Forethought"],"picked":"Slice","floor":0},{"not_picked":["Concentrate","Eviscerate"],"picked":"Endless Agony","floor":0},{"not_picked":["Sucker Punch","Prepared"],"picked":"Dagger Throw","floor":0},{"not_picked":["Underhanded Strike","Setup"],"picked":"Acrobatics","floor":0},{"not_picked":["Slice","Concentrate"],"picked":"Flash of Steel","floor":6},{"not_picked":["Poisoned Stab","Backflip"],"picked":"Thinking Ahead","floor":12},{"not_picked":["Grand Finale","Wraith Form v2"],"picked":"HandOfGreed","floor":16},{"not_picked":["Dodge and Roll+1","Masterful Stab+1","Heel Hook+1"],"picked":"Cloak And Dagger+1","floor":24},{"not_picked":["Heel Hook+1","Acrobatics","Purity"],"picked":"Blind","floor":29},{"not_picked":["Purity","Slice+1","Outmaneuver+1"],"picked":"Finisher+1","floor":40},{"not_picked":["Mind Blast+1","Caltrops+1","Enlightenment","Tactician+1"],"picked":"SKIP","floor":45},{"not_picked":["Secret Technique","Apotheosis","Die Die Die+1"],"picked":"Storm of Steel","floor":50},{"not_picked":["Acrobatics","Dagger Spray+1","Dodge and Roll"],"picked":"Concentrate","floor":63},{"not_picked":["Outmaneuver","Blade Dance","Heel Hook+1","Dagger Spray+1"],"picked":"SKIP","floor":75},{"not_picked":["Distraction","Chrysalis","Deflect"],"picked":"Bouncing Flask+1","floor":77},{"not_picked":["Flash of Steel+1","Flying Knee+1","Outmaneuver"],"picked":"Jack Of All Trades+1","floor":81},{"not_picked":["Dodge and Roll","Expertise+1","All Out Attack+1"],"picked":"Slice+1","floor":82},{"not_picked":["Corpse Explosion","Wraith Form v2+1","Burst"],"picked":"A Thousand Cuts+1","floor":84},{"not_picked":["Deflect","PiercingWail+1","Acrobatics"],"picked":"Slice+1","floor":87}],"player_experience":286186,"relics_obtained":[{"floor":1,"key":"Darkstone Periapt"},{"floor":3,"key":"PreservedInsect"},{"floor":5,"key":"War Paint"},{"floor":6,"key":"Ancient Tea Set"},{"floor":9,"key":"Peace Pipe"},{"floor":11,"key":"Kunai"},{"floor":12,"key":"Pen Nib"},{"floor":14,"key":"Omamori"},{"floor":16,"key":"Question Card"},{"floor":18,"key":"Bronze Scales"},{"floor":19,"key":"Pear"},{"floor":21,"key":"Molten Egg 2"},{"floor":24,"key":"Vajra"},{"floor":26,"key":"Tiny Chest"},{"floor":28,"key":"Strawberry"},{"floor":29,"key":"Shuriken"},{"floor":30,"key":"Regal Pillow"},{"floor":31,"key":"Mercury Hourglass"},{"floor":33,"key":"Centennial Puzzle"},{"floor":35,"key":"StoneCalendar"},{"floor":36,"key":"Blood Vial"},{"floor":38,"key":"Old Coin"},{"floor":40,"key":"Bottled Lightning"},{"floor":40,"key":"Ninja Scroll"},{"floor":43,"key":"Whetstone"},{"floor":43,"key":"Boot"},{"floor":45,"key":"Oddly Smooth Stone"},{"floor":45,"key":"Happy Flower"},{"floor":47,"key":"Nunchaku"},{"floor":48,"key":"Snake Skull"},{"floor":50,"key":"Du-Vu Doll"},{"floor":52,"key":"Potion Belt"},{"floor":53,"key":"Orichalcum"},{"floor":54,"key":"Bag of Preparation"},{"floor":55,"key":"Smiling Mask"},{"floor":56,"key":"Gremlin Horn"},{"floor":60,"key":"Bottled Tornado"},{"floor":60,"key":"Juzu Bracelet"},{"floor":65,"key":"Frozen Egg 2"},{"floor":67,"key":"MawBank"},{"floor":69,"key":"Art of War"},{"floor":71,"key":"Letter Opener"},{"floor":72,"key":"Lantern"},{"floor":79,"key":"Dream Catcher"},{"floor":80,"key":"Enchiridion"},{"floor":81,"key":"Red Mask"},{"floor":84,"key":"Bag of Marbles"},{"floor":86,"key":"Anchor"},{"floor":87,"key":"Thread and Needle"}],"event_choices":[{"event_name":"Scrap Ooze","player_choice":"success","floor":2,"damage_taken":3},{"event_name":"Golden Wing","player_choice":"Card Removal","floor":4,"damage_taken":0},{"event_name":"Transmorgrifier","player_choice":"Transform","floor":8,"damage_taken":0},{"event_name":"Golden Idol","player_choice":"Take Damage","floor":13,"damage_taken":0},{"event_name":"Upgrade Shrine","player_choice":"Upgraded","floor":22,"damage_taken":0},{"event_name":"The Woman in Blue","player_choice":"Bought 0 Potions","floor":61,"damage_taken":0},{"event_name":"Living Wall","player_choice":"Change","floor":64,"damage_taken":0},{"event_name":"Forgotten Altar","player_choice":"Gave Idol","floor":70,"damage_taken":0},{"event_name":"Vampires","player_choice":"Ignored","floor":73,"damage_taken":0},{"event_name":"Ghosts","player_choice":"Ignored","floor":78,"damage_taken":0},{"event_name":"Cursed Tome","player_choice":"Obtained Book","floor":80,"damage_taken":0},{"event_name":"Masked Bandits","player_choice":"Fought Bandits","floor":81,"damage_taken":0},{"event_name":"MindBloom","player_choice":"Fight","floor":87,"damage_taken":0},{"event_name":"Winding Halls","player_choice":"Embrace Madness","floor":88,"damage_taken":0},{"event_name":"Falling","player_choice":"Removed Skill","floor":89,"damage_taken":0}],"is_beta":false,"boss_relics":[{"not_picked":["Tiny House","Astrolabe"],"picked":"Coffee Dripper"},{"not_picked":["Snecko Eye","Runic Pyramid"],"picked":"Black Star"},{"not_picked":["Pandora\u0027s Box","Fusion Hammer"],"picked":"Ring of the Serpent"},{"not_picked":["Lizard Tail","Ectoplasm"],"picked":"WristBlade"},{"not_picked":["Runic Pyramid","Fusion Hammer","Cursed Key"]}],"items_purged_floors":[],"is_endless":true,"potions_floor_spawned":[5,11,16,18,19,31,35,45,50,52,53,65,67,79,81,82,84,86],"killed_by":"3 Darklings","ascension_level":0}