{"gold_per_floor":[117,117,47,61,79,104,104,104,104,104,167,167,182,201,201,301,301,313,329,345,445,445,445,460,460,460,475,475,491,509,527,527,527],"floor_reached":33,"playtime":3765,"items_purged":[],"score":251,"play_id":"c36b3591-2995-42c8-b687-d9338fcf8ba8","local_time":"20190404215921","is_ascension_mode":false,"campfire_choices":[{"floor":10,"key":"REST"},{"floor":12,"key":"REST"},{"data":"Cleave","floor":15,"key":"SMITH"},{"floor":23,"key":"REST"},{"floor":25,"key":"REST"},{"floor":28,"key":"REST"},{"floor":32,"key":"REST"}],"neow_cost":"NONE","seed_source_timestamp":10685245487900,"circlet_count":0,"master_deck":["Strike_R","Strike_R","Strike_R","Strike_R","Strike_R","Defend_R","Defend_R","Defend_R","Defend_R","Bash+1","Iron Wave","Shrug It Off","Cleave+1","Rage","Shrug It Off","Rampage","Double Tap+1","Inflame","Shockwave+1","Armaments+1","Heavy Blade","Seeing Red+1","Cleave","Anger","Inflame+1","Anger"],"relics":["Black Blood","NeowsBlessing","Bottled Flame","Sundial","Toxic Egg 2","Peace Pipe","Ornamental Fan","Incense Burner","Darkstone Periapt"],"potions_floor_usage":[6,13,16,19,21,29,31,33],"damage_taken":[{"damage":0,"enemies":"Jaw Worm","floor":1,"turns":1},{"damage":0,"enemies":"Cultist","floor":4,"turns":1},{"damage":0,"enemies":"2 Louse","floor":5,"turns":1},{"damage":76,"enemies":"Gremlin Nob","floor":6,"turns":7},{"damage":11,"enemies":"Large Slime","floor":13,"turns":7},{"damage":0,"enemies":"Exordium Wildlife","floor":14,"turns":6},{"damage":46,"enemies":"The Guardian","floor":16,"turns":12},{"damage":0,"enemies":"Chosen","floor":18,"turns":6},{"damage":12,"enemies":"2 Thieves","floor":19,"turns":5},{"damage":22,"enemies":"Cultist and Chosen","floor":20,"turns":8},{"damage":53,"enemies":"Colosseum Slavers","floor":21,"turns":7},{"damage":27,"enemies":"Colosseum Nobs","floor":21,"turns":7},{"damage":21,"enemies":"Snake Plant","floor":24,"turns":7},{"damage":13,"enemies":"3 Cultists","floor":27,"turns":5},{"damage":40,"enemies":"Sentry and Sphere","floor":29,"turns":6},{"damage":33,"enemies":"Centurion and Healer","floor":30,"turns":6},{"damage":4,"enemies":"Snecko","floor":31,"turns":6},{"damage":63,"enemies":"Champ","floor":33,"turns":10}],"seed_played":"2332748790787340943","potions_obtained":[{"floor":4,"key":"Fruit Juice"},{"floor":6,"key":"Poison Potion"},{"floor":14,"key":"FearPotion"},{"floor":16,"key":"Fire Potion"},{"floor":20,"key":"Weak Potion"},{"floor":27,"key":"SkillPotion"},{"floor":30,"key":"SkillPotion"},{"floor":31,"key":"GamblersBrew"}],"is_trial":false,"path_per_floor":["M","?","$","M","M","E","?","?","T","R","?","R","M","M","R","B",null,"M","M","M","?","T","R","M","R","T","M","R","M","M","M","R","B"],"character_chosen":"IRONCLAD","items_purchased":["Iron Wave","Shrug It Off"],"campfire_rested":6,"item_purchase_floors":[3,3],"current_hp_per_floor":[80,80,80,80,80,15,12,12,12,37,37,62,57,63,63,23,85,85,83,71,11,11,36,25,50,50,47,72,42,19,25,50,0],"gold":527,"neow_bonus":"THREE_ENEMY_KILL","is_prod":false,"is_daily":false,"chose_seed":false,"campfire_upgraded":1,"win_rate":0.0,"timestamp":1554407961,"path_taken":["M","?","$","M","?","E","?","?","T","R","?","R","M","M","R","BOSS","M","M","M","?","?","R","?","R","T","M","R","M","M","M","R","BOSS"],"build_version":"2019-01-23","purchased_purges":0,"victory":false,"max_hp_per_floor":[80,80,80,80,80,85,85,85,85,85,85,85,85,85,85,85,85,85,85,85,85,85,85,85,85,85,85,85,85,85,85,85,85],"card_choices":[{"not_picked":["Anger","Heavy Blade"],"picked":"Thunderclap","floor":1},{"not_picked":["Pummel","Berserk"],"picked":"Cleave","floor":4},{"not_picked":["Spot Weakness","Heavy Blade"],"picked":"Rage","floor":5},{"not_picked":["Intimidate","True Grit"],"picked":"Shrug It Off","floor":6},{"not_picked":["Power Through+1","Second Wind+1","Body Slam"],"picked":"SKIP","floor":13},{"not_picked":["Flex+1","Uppercut"],"picked":"Rampage","floor":14},{"not_picked":["Barricade","Offering+1"],"picked":"Double Tap+1","floor":16},{"not_picked":["Entrench+1","Headbutt"],"picked":"Inflame","floor":18},{"not_picked":["Pummel+1","Clothesline+1"],"picked":"Shockwave+1","floor":19},{"not_picked":["Twin Strike","Perfected Strike+1"],"picked":"Armaments+1","floor":20},{"not_picked":["Seeing Red+1","Sword Boomerang"],"picked":"Heavy Blade","floor":21},{"not_picked":["Perfected Strike","Clothesline"],"picked":"Seeing Red+1","floor":24},{"not_picked":["Power Through+1","Dual Wield+1"],"picked":"Cleave","floor":27},{"not_picked":["Pommel Strike","Perfected Strike+1"],"picked":"Anger","floor":29},{"not_picked":["Body Slam","Limit Break+1"],"picked":"Inflame+1","floor":30},{"not_picked":["Body Slam+1","Burning Pact+1"],"picked":"Anger","floor":31}],"player_experience":19327,"relics_obtained":[{"floor":6,"key":"Bottled Flame"},{"floor":9,"key":"Toxic Egg 2"},{"floor":21,"key":"Peace Pipe"},{"floor":21,"key":"Ornamental Fan"},{"floor":22,"key":"Incense Burner"},{"floor":26,"key":"Darkstone Periapt"}],"event_choices":[{"cards_removed":["Thunderclap"],"damage_healed":5,"gold_gain":0,"player_choice":"Offered Common","damage_taken":0,"max_hp_gain":0,"max_hp_loss":0,"event_name":"Bonfire Elementals","floor":2,"gold_loss":0},{"cards_removed":["Thunderclap"],"damage_healed":5,"gold_gain":0,"player_choice":"Offered Special","damage_taken":0,"max_hp_gain":0,"max_hp_loss":0,"event_name":"Bonfire Elementals","floor":2,"gold_loss":0},{"damage_healed":0,"gold_gain":0,"player_choice":"Success","damage_taken":3,"relics_obtained":["Sundial"],"max_hp_gain":0,"max_hp_loss":0,"event_name":"Scrap Ooze","floor":7,"gold_loss":0},{"damage_healed":0,"gold_gain":0,"player_choice":"Grow","damage_taken":0,"max_hp_gain":0,"max_hp_loss":0,"event_name":"Living Wall","floor":8,"gold_loss":0,"cards_upgraded":["Bash"]},{"damage_healed":0,"gold_gain":63,"player_choice":"Gained Gold","damage_taken":0,"max_hp_gain":0,"max_hp_loss":0,"event_name":"Golden Wing","floor":11,"gold_loss":0},{"damage_healed":0,"gold_gain":0,"player_choice":"Fight","damage_taken":0,"max_hp_gain":0,"max_hp_loss":0,"event_name":"Colosseum","floor":21,"gold_loss":0},{"damage_healed":0,"gold_gain":0,"player_choice":"Fought Nobs","damage_taken":0,"max_hp_gain":0,"max_hp_loss":0,"event_name":"Colosseum","floor":21,"gold_loss":0}],"is_beta":false,"boss_relics":[{"not_picked":["Runic Pyramid","Philosopher\u0027s Stone"],"picked":"Black Blood"}],"items_purged_floors":[],"is_endless":false,"potions_floor_spawned":[4,6,14,16,20,21,27,30,31],"killed_by":"Champ","ascension_level":0}