{"gold_per_floor":[113,113,133,156,169,69,110,110,135,163,163,175,210,23,23,147,147,167,167,18,143,161,196,196,227,297,297,321,420,335,3,3,3],"floor_reached":33,"playtime":1085,"items_purged":["Injury","Strike_R"],"score":261,"play_id":"f64d48d4-718f-4b99-9a4b-b41e2d5a9b9a","local_time":"20181201104309","is_ascension_mode":false,"campfire_choices":[{"data":"Ghostly Armor","floor":12,"key":"SMITH"},{"data":"Mayhem","floor":15,"key":"SMITH"},{"data":"Armaments","floor":27,"key":"SMITH"},{"floor":32,"key":"REST"}],"neow_cost":"NONE","seed_source_timestamp":76593372171733,"circlet_count":0,"master_deck":["Strike_R+1","Strike_R+1","Strike_R+1","Strike_R+1","Defend_R+1","Defend_R+1","Defend_R+1","Bash","Clash","Clash","Flex","Ghostly Armor+1","Shrug It Off","Mayhem+1","Flex","Barricade","Rampage","Iron Wave","Anger","Rampage","Disarm+1","Armaments+1","True Grit","Metallicize"],"relics":["Burning Blood","NeowsBlessing","Golden Idol","Vajra","Lantern","Odd Mushroom","MawBank","Black Star","MutagenicStrength","Incense Burner","Darkstone Periapt","Red Mask","Boot","Art of War","Molten Egg 2","Omamori","Ornamental Fan"],"potions_floor_usage":[16,21,21,23,25],"damage_taken":[{"damage":0,"enemies":"Cultist","floor":1,"turns":1},{"damage":0,"enemies":"Jaw Worm","floor":3,"turns":1},{"damage":0,"enemies":"2 Louse","floor":4,"turns":1},{"damage":19,"enemies":"Large Slime","floor":5,"turns":7},{"damage":21,"enemies":"Lagavulin","floor":7,"turns":5},{"damage":8,"enemies":"The Mushroom Lair","floor":10,"turns":4},{"damage":0,"enemies":"3 Louse","floor":13,"turns":4},{"damage":34,"enemies":"The Guardian","floor":16,"turns":12},{"damage":5,"enemies":"Spheric Guardian","floor":18,"turns":4},{"damage":3,"enemies":"Colosseum Slavers","floor":21,"turns":4},{"damage":29,"enemies":"Colosseum Nobs","floor":21,"turns":5},{"damage":10,"enemies":"3 Byrds","floor":22,"turns":5},{"damage":20,"enemies":"Masked Bandits","floor":23,"turns":5},{"damage":10,"enemies":"Slavers","floor":25,"turns":7},{"damage":2,"enemies":"Cultist and Chosen","floor":28,"turns":9},{"damage":66,"enemies":"Collector","floor":33,"turns":8}],"seed_played":"-7020872147234914853","potions_obtained":[{"floor":3,"key":"GamblersBrew"},{"floor":13,"key":"Explosive Potion"},{"floor":16,"key":"Block Potion"},{"floor":22,"key":"Block Potion"},{"floor":23,"key":"Block Potion"}],"is_trial":false,"path_per_floor":["M","?","M","M","M","$","E","?","T","?","T","R","M","$","R","B",null,"M","?","$","?","M","?","?","E","T","R","M","?","?","$","R","B"],"character_chosen":"IRONCLAD","items_purchased":["Flex","Mayhem","Flex","Iron Wave","Ornamental Fan","Metallicize"],"campfire_rested":1,"item_purchase_floors":[6,14,14,20,31,31],"current_hp_per_floor":[80,80,80,80,67,67,52,45,45,43,43,43,49,49,49,21,80,80,80,80,57,53,39,39,35,35,35,39,39,39,39,63,0],"gold":3,"neow_bonus":"THREE_ENEMY_KILL","is_prod":false,"is_daily":false,"chose_seed":false,"campfire_upgraded":3,"win_rate":0,"timestamp":1543657389,"path_taken":["M","?","M","M","M","?","E","?","T","?","?","R","M","$","R","BOSS","M","?","$","?","M","?","?","E","T","R","M","?","?","?","R","BOSS"],"build_version":"2018-11-15","purchased_purges":2,"victory":false,"max_hp_per_floor":[80,80,80,80,80,80,80,80,80,80,80,80,80,80,80,80,80,80,80,80,80,80,80,80,80,80,80,80,80,80,80,80,80],"card_choices":[{"not_picked":["Flex","Shrug It Off"],"picked":"Clash","floor":1},{"not_picked":["Flex","Clothesline"],"picked":"Clash","floor":3},{"not_picked":["Havoc","Blood for Blood","Perfected Strike"],"picked":"SKIP","floor":4},{"not_picked":["Perfected Strike","Flame Barrier","Sword Boomerang"],"picked":"SKIP","floor":5},{"not_picked":["Brutality","Sword Boomerang"],"picked":"Ghostly Armor","floor":7},{"not_picked":["Clothesline","Wild Strike"],"picked":"Shrug It Off","floor":10},{"not_picked":["Heavy Blade","Combust","Corruption"],"picked":"SKIP","floor":13},{"not_picked":["Immolate","Offering"],"picked":"Barricade","floor":16},{"not_picked":["Wild Strike+1","Heavy Blade+1"],"picked":"Rampage","floor":18},{"not_picked":["Sever Soul","Heavy Blade+1"],"picked":"Anger","floor":21},{"not_picked":["Sword Boomerang","Infernal Blade"],"picked":"Rampage","floor":22},{"not_picked":["Cleave","Twin Strike+1"],"picked":"Disarm+1","floor":23},{"not_picked":["Demon Form","Power Through"],"picked":"Armaments","floor":25},{"not_picked":["Sentinel","Shockwave+1"],"picked":"True Grit","floor":28}],"player_experience":163919,"relics_obtained":[{"floor":7,"key":"Vajra"},{"floor":9,"key":"Lantern"},{"floor":10,"key":"Odd Mushroom"},{"floor":11,"key":"MawBank"},{"floor":21,"key":"Incense Burner"},{"floor":21,"key":"Darkstone Periapt"},{"floor":23,"key":"Red Mask"},{"floor":25,"key":"Boot"},{"floor":25,"key":"Art of War"},{"floor":26,"key":"Molten Egg 2"}],"event_choices":[{"damage_healed":0,"gold_gain":0,"player_choice":"Take Wound","damage_taken":0,"relics_obtained":["Golden Idol"],"max_hp_gain":0,"max_hp_loss":0,"event_name":"Golden Idol","floor":2,"gold_loss":0,"cards_obtained":["Injury"]},{"cards_removed":["Defend_R"],"damage_healed":0,"gold_gain":0,"player_choice":"Card Removal","damage_taken":7,"max_hp_gain":0,"max_hp_loss":0,"event_name":"Golden Wing","floor":8,"gold_loss":0},{"damage_healed":0,"gold_gain":0,"player_choice":"Fought Mushrooms","damage_taken":0,"max_hp_gain":0,"max_hp_loss":0,"event_name":"Mushrooms","floor":10,"gold_loss":0},{"damage_healed":0,"gold_gain":0,"player_choice":"Inject Mutagens","damage_taken":0,"relics_obtained":["MutagenicStrength"],"max_hp_gain":0,"max_hp_loss":0,"event_name":"Drug Dealer","floor":19,"gold_loss":0},{"damage_healed":0,"gold_gain":0,"player_choice":"Fight","damage_taken":0,"max_hp_gain":0,"max_hp_loss":0,"event_name":"Colosseum","floor":21,"gold_loss":0},{"damage_healed":0,"gold_gain":0,"player_choice":"Fought Nobs","damage_taken":0,"max_hp_gain":0,"max_hp_loss":0,"event_name":"Colosseum","floor":21,"gold_loss":0},{"damage_healed":0,"gold_gain":0,"player_choice":"Fought Bandits","damage_taken":0,"max_hp_gain":0,"max_hp_loss":0,"event_name":"Masked Bandits","floor":23,"gold_loss":0},{"damage_healed":0,"gold_gain":0,"player_choice":"Simplicity","damage_taken":0,"max_hp_gain":0,"max_hp_loss":0,"event_name":"Back to Basics","floor":24,"gold_loss":0,"cards_upgraded":["Strike_R","Strike_R","Strike_R","Strike_R","Defend_R","Defend_R","Defend_R"]},{"damage_healed":0,"gold_gain":99,"player_choice":"Stole From Cult","damage_taken":0,"max_hp_gain":0,"max_hp_loss":0,"event_name":"Nest","floor":29,"gold_loss":0},{"damage_healed":0,"gold_gain":0,"player_choice":"Obtained Relic","damage_taken":0,"relics_obtained":["Omamori"],"max_hp_gain":0,"max_hp_loss":0,"event_name":"Addict","floor":30,"gold_loss":85}],"is_beta":false,"boss_relics":[{"not_picked":["Tiny House","Pandora\u0027s Box"],"picked":"Black Star"}],"items_purged_floors":[6,20],"is_endless":false,"potions_floor_spawned":[3,13,16,21,22,23],"killed_by":"Collector","ascension_level":0}