{"gold_per_floor":[12,12,12,12,12,12,28,28,28,53,68,82,82,92,92,192,192,208,220,232,232],"floor_reached":21,"playtime":1065,"items_purged":[],"score":199,"play_id":"d9c13a26-fe12-4775-bc56-d13f892ecb12","local_time":"20190128171512","is_ascension_mode":true,"campfire_choices":[{"data":"Limit Break","floor":6,"key":"SMITH"},{"data":"Thunderclap","floor":8,"key":"SMITH"},{"floor":13,"key":"REST"},{"data":"Limit Break","floor":15,"key":"SMITH"}],"neow_cost":"NO_GOLD","seed_source_timestamp":1569063441088544,"circlet_count":0,"master_deck":["Strike_R","Strike_R","Strike_R","Strike_R+1","Strike_R","Defend_R","Defend_R+1","Defend_R","Defend_R","Bash","Limit Break+1","Twin Strike","Thunderclap+1","Limit Break+1","Metallicize","Cleave","Limit Break","Thunderclap+1","Flex","Sword Boomerang"],"relics":["Burning Blood","Vajra","Blood Vial","Boot","Black Star"],"potions_floor_usage":[10,16,19,20],"damage_taken":[{"damage":12,"enemies":"Small Slimes","floor":1,"turns":3},{"damage":6,"enemies":"2 Louse","floor":7,"turns":2},{"damage":40,"enemies":"3 Sentries","floor":10,"turns":6},{"damage":7,"enemies":"Jaw Worm","floor":11,"turns":3},{"damage":24,"enemies":"Lots of Slimes","floor":12,"turns":4},{"damage":0,"enemies":"Gremlin Gang","floor":14,"turns":2},{"damage":28,"enemies":"Slime Boss","floor":16,"turns":8},{"damage":34,"enemies":"2 Thieves","floor":18,"turns":4},{"damage":42,"enemies":"3 Byrds","floor":19,"turns":4},{"damage":12,"enemies":"Centurion and Healer","floor":20,"turns":4},{"damage":22,"enemies":"Sentry and Sphere","floor":21,"turns":3}],"seed_played":"-4078335496854419352","potions_obtained":[{"floor":1,"key":"BloodPotion"},{"floor":10,"key":"EssenceOfSteel"},{"floor":12,"key":"SteroidPotion"},{"floor":18,"key":"Poison Potion"}],"is_trial":false,"path_per_floor":["M","?","?","?","$","R","M","R","T","E","M","M","R","M","R","B",null,"M","M","M","M"],"character_chosen":"IRONCLAD","items_purchased":[],"campfire_rested":1,"item_purchase_floors":[],"current_hp_per_floor":[74,58,63,56,56,56,56,56,56,32,33,17,42,50,50,30,85,57,23,19,0],"gold":232,"neow_bonus":"THREE_RARE_CARDS","is_prod":false,"is_daily":false,"chose_seed":false,"campfire_upgraded":3,"win_rate":0,"timestamp":1548713712,"path_taken":["M","?","?","?","$","R","M","R","T","E","?","M","R","M","R","BOSS","M","?","?","M"],"build_version":"2019-01-23","purchased_purges":0,"victory":false,"max_hp_per_floor":[80,80,85,85,85,85,85,85,85,85,85,85,85,85,85,85,85,85,85,85,85],"card_choices":[{"not_picked":["Reaper","Bludgeon"],"picked":"Limit Break","floor":0},{"not_picked":["Sentinel","Wild Strike"],"picked":"Twin Strike","floor":1},{"not_picked":["Warcry","Wild Strike"],"picked":"Thunderclap","floor":7},{"not_picked":["Warcry","Armaments"],"picked":"Limit Break","floor":10},{"not_picked":["Armaments","Clothesline"],"picked":"Metallicize","floor":11},{"not_picked":["Clash","Carnage"],"picked":"Cleave","floor":12},{"not_picked":["Second Wind","Dropkick","Havoc"],"picked":"SKIP","floor":14},{"not_picked":["Reaper","Immolate"],"picked":"Limit Break","floor":16},{"not_picked":["Twin Strike+1","Wild Strike"],"picked":"Thunderclap+1","floor":18},{"not_picked":["Anger","Headbutt"],"picked":"Flex","floor":19},{"not_picked":["Perfected Strike","Twin Strike"],"picked":"Sword Boomerang","floor":20}],"player_experience":109827,"relics_obtained":[{"floor":9,"key":"Blood Vial"},{"floor":10,"key":"Boot"}],"event_choices":[{"damage_healed":0,"gold_gain":0,"player_choice":"Entered Light","damage_taken":16,"max_hp_gain":0,"max_hp_loss":0,"event_name":"Shining Light","floor":2,"gold_loss":0,"cards_upgraded":["Strike_R","Defend_R"]},{"damage_healed":0,"gold_gain":0,"player_choice":"Donut","damage_taken":0,"max_hp_gain":5,"max_hp_loss":0,"event_name":"Big Fish","floor":3,"gold_loss":0},{"damage_healed":0,"gold_gain":0,"player_choice":"Success","damage_taken":7,"relics_obtained":["Vajra"],"max_hp_gain":0,"max_hp_loss":0,"event_name":"Scrap Ooze","floor":4,"gold_loss":0}],"is_beta":false,"boss_relics":[{"not_picked":["Runic Cube","White Beast Statue"],"picked":"Black Star"}],"items_purged_floors":[],"is_endless":false,"potions_floor_spawned":[1,10,12,18],"killed_by":"Sentry and Sphere","ascension_level":2}