{"gold_per_floor":[109,123,143,74,91,119,119,152,152,168,183,17,117,127,127,229,229,245,245,263,38,48,48,63,63,63,63,83,83,98,108,108,108],"floor_reached":33,"playtime":4932,"items_purged":["Defend_B"],"score":263,"play_id":"f018e26a-c8c9-46d6-8467-d386564b975e","local_time":"20190523205445","is_ascension_mode":false,"campfire_choices":[{"floor":7.0,"key":"REST"},{"floor":15.0,"key":"REST"},{"data":"Fission","floor":23.0,"key":"SMITH"},{"floor":25.0,"key":"REST"},{"data":"Ball Lightning","floor":29.0,"key":"SMITH"},{"floor":32.0,"key":"REST"}],"neow_cost":"NONE","seed_source_timestamp":182686369420700,"circlet_count":0,"master_deck":["Strike_B","Strike_B","Strike_B","Strike_B","Defend_B","Defend_B+1","Defend_B","Zap","Dualcast","Cold Snap","Self Repair+1","Cold Snap","Rip and Tear","Fusion","Reboot","Conserve Battery+1","Ball Lightning","Genetic Algorithm","The Bomb","Leap+1","Fission+1","Redo+1","Ball Lightning+1","Beam Cell+1","Streamline+1","Lockon+1"],"special_seed":0,"relics":["Cracked Core","Bottled Tornado","Dodecahedron","Darkstone Periapt","Lizard Tail","War Paint","Calipers"],"potions_floor_usage":[33,33,33],"damage_taken":[{"damage":0.0,"enemies":"Cultist","floor":1.0,"turns":3.0},{"damage":0.0,"enemies":"Small Slimes","floor":2.0,"turns":3.0},{"damage":1.0,"enemies":"Jaw Worm","floor":3.0,"turns":4.0},{"damage":22.0,"enemies":"Exordium Thugs","floor":5.0,"turns":5.0},{"damage":36.0,"enemies":"Gremlin Nob","floor":6.0,"turns":6.0},{"damage":27.0,"enemies":"Lagavulin","floor":8.0,"turns":7.0},{"damage":8.0,"enemies":"Large Slime","floor":10.0,"turns":7.0},{"damage":4.0,"enemies":"2 Fungi Beasts","floor":11.0,"turns":4.0},{"damage":7.0,"enemies":"Blue Slaver","floor":14.0,"turns":4.0},{"damage":47.0,"enemies":"Hexaghost","floor":16.0,"turns":10.0},{"damage":0.0,"enemies":"Chosen","floor":18.0,"turns":4.0},{"damage":36.0,"enemies":"3 Byrds","floor":20.0,"turns":6.0},{"damage":26.0,"enemies":"Snecko","floor":22.0,"turns":6.0},{"damage":28.0,"enemies":"Snake Plant","floor":24.0,"turns":7.0},{"damage":15.0,"enemies":"Chosen and Byrds","floor":28.0,"turns":5.0},{"damage":15.0,"enemies":"Shelled Parasite and Fungi","floor":30.0,"turns":6.0},{"damage":28.0,"enemies":"Snake Plant","floor":31.0,"turns":5.0},{"damage":104,"enemies":"Collector","floor":33,"turns":9}],"seed_played":"-3265660194195889621","potions_obtained":[{"floor":3.0,"key":"SkillPotion"},{"floor":6.0,"key":"LiquidBronze"},{"floor":11.0,"key":"SpeedPotion"},{"floor":14.0,"key":"Block Potion"},{"floor":16.0,"key":"LiquidBronze"},{"floor":20.0,"key":"Poison Potion"},{"floor":24.0,"key":"AttackPotion"},{"floor":27.0,"key":"Energy Potion"},{"floor":30.0,"key":"Explosive Potion"}],"is_trial":false,"path_per_floor":["M","M","M","$","M","E","R","E","T","M","M","$","?","M","R","B",null,"M","?","M","$","M","R","M","R","T","?","M","R","M","M","R","B"],"character_chosen":"DEFECT","items_purchased":["Rip and Tear","The Bomb","War Paint"],"campfire_rested":4,"item_purchase_floors":[4,12,21],"current_hp_per_floor":[82,82,82,82,67,38,62,42,42,41,44,44,44,44,68,28,82,82,82,56,56,40,40,22,46,46,46,41,41,36,18,42,0],"gold":108,"neow_bonus":"TEN_PERCENT_HP_BONUS","is_prod":false,"is_daily":false,"chose_seed":false,"campfire_upgraded":2,"win_rate":0.0,"timestamp":1558670085,"path_taken":["M","M","M","?","?","E","R","E","T","M","M","$","?","M","R","BOSS","M","?","M","$","?","R","M","R","T","?","M","R","?","M","R","BOSS"],"build_version":"2019-01-23","purchased_purges":1,"victory":false,"max_hp_per_floor":[82,82,82,82,82,82,82,82,82,82,82,82,82,82,82,82,82,82,82,82,82,82,82,82,82,82,82,82,82,82,82,82,82],"card_choices":[{"not_picked":["Streamline","White Noise"],"picked":"Cold Snap","floor":1.0},{"not_picked":["Capacitor","Cold Snap"],"picked":"Self Repair","floor":2.0},{"not_picked":["Beam Cell","Lockon"],"picked":"Cold Snap","floor":3.0},{"not_picked":["Consume","Steam"],"picked":"Fusion","floor":5.0},{"not_picked":["Steam","Loop"],"picked":"Reboot","floor":6.0},{"not_picked":["Ball Lightning","Barrage"],"picked":"Conserve Battery","floor":8.0},{"not_picked":["Steam","Streamline"],"picked":"Ball Lightning","floor":10.0},{"not_picked":["Stack","Steam Power"],"picked":"Genetic Algorithm","floor":11.0},{"not_picked":["Stack","Rip and Tear","Gash"],"picked":"SKIP","floor":14.0},{"not_picked":["Tempest","Storm"],"picked":"Leap+1","floor":18.0},{"not_picked":["Go for the Eyes","Hologram"],"picked":"Fission","floor":20.0},{"not_picked":["Coolheaded","Go for the Eyes"],"picked":"Redo+1","floor":22.0},{"not_picked":["BootSequence","Force Field"],"picked":"Ball Lightning","floor":24.0},{"not_picked":["Defragment","Ball Lightning"],"picked":"Beam Cell+1","floor":28.0},{"not_picked":["Compile Driver","Go for the Eyes"],"picked":"Streamline+1","floor":30.0},{"not_picked":["Compile Driver","Sweeping Beam"],"picked":"Lockon+1","floor":31.0}],"player_experience":33951,"relics_obtained":[{"floor":6.0,"key":"Bottled Tornado"},{"floor":8.0,"key":"Dodecahedron"},{"floor":9.0,"key":"Darkstone Periapt"},{"floor":26.0,"key":"Calipers"}],"event_choices":[{"damage_healed":0.0,"max_hp_gain":0.0,"max_hp_loss":0.0,"gold_gain":100.0,"event_name":"Golden Shrine","player_choice":"Pray","floor":13.0,"gold_loss":0.0,"damage_taken":0.0},{"damage_healed":0.0,"max_hp_gain":0.0,"max_hp_loss":0.0,"gold_gain":0.0,"event_name":"Accursed Blacksmith","player_choice":"Forge","floor":19.0,"gold_loss":0.0,"damage_taken":0.0,"cards_upgraded":["Self Repair"]},{"damage_healed":0.0,"max_hp_gain":0.0,"max_hp_loss":0.0,"gold_gain":0.0,"event_name":"Lab","player_choice":"Got Potions","floor":27.0,"gold_loss":0.0,"damage_taken":0.0}],"is_beta":false,"boss_relics":[{"not_picked":["Fusion Hammer","Coffee Dripper"],"picked":"Lizard Tail"}],"items_purged_floors":[21],"is_endless":false,"potions_floor_spawned":[3,6,11,14,16,20,24,30],"killed_by":"Collector","ascension_level":0}