{"gold_per_floor":[111,61,61,80,5,39,39,52,52,2,2,2,2,21,21,126,176,187,187,187,203,219,219,546,546,546,546,578,594,594,175,175,275,275,290,290,290,307,307,307,334,334,358,371,371,371,402,421,421,421],"floor_reached":50,"playtime":3979,"items_purged":["Defend_B","Defend_B","Strike_B"],"score":636,"play_id":"035a8e28-aa54-4d70-a39a-53a2cbae991f","local_time":"20190424200414","is_ascension_mode":true,"campfire_choices":[{"floor":7,"key":"REST"},{"floor":15,"key":"REST"},{"floor":23,"key":"REST"},{"floor":25,"key":"REST"},{"floor":30,"key":"REST"},{"floor":32,"key":"REST"},{"data":"Dark Shackles","floor":40,"key":"SMITH"},{"floor":42,"key":"REST"},{"floor":45,"key":"REST"},{"floor":49,"key":"REST"}],"neow_cost":"NONE","seed_source_timestamp":1003821567801467,"circlet_count":0,"master_deck":["Strike_B+1","Strike_B+1","Dualcast","Go for the Eyes","Steam","Swift Strike+1","Gash","Go for the Eyes+1","Streamline+1","Echo Form","Go for the Eyes+1","Beam Cell+1","Chill","Streamline+1","Steam","Redo","Scrape+1","Dark Shackles+1","Multi-Cast","Melter+1","Steam","FTL+1","Finesse","Skim+1","FTL+1"],"relics":["Cracked Core","Molten Egg 2","Smiling Mask","WingedGreaves","Tiny House","Pear","Old Coin","Gremlin Horn","FaceOfCleric","Strawberry","Symbiotic Virus","Empty Cage","Regal Pillow","Pen Nib","Bag of Preparation"],"potions_floor_usage":[22,28,28,41,47,47],"damage_taken":[{"damage":3,"enemies":"Jaw Worm","floor":1,"turns":3},{"damage":0,"enemies":"Small Slimes","floor":4,"turns":3},{"damage":34,"enemies":"Lagavulin","floor":6,"turns":6},{"damage":0,"enemies":"Cultist","floor":8,"turns":3},{"damage":13,"enemies":"Red Slaver","floor":14,"turns":2},{"damage":7,"enemies":"Slime Boss","floor":16,"turns":7},{"damage":10,"enemies":"Spheric Guardian","floor":18,"turns":3},{"damage":10,"enemies":"Shell Parasite","floor":21,"turns":4},{"damage":36,"enemies":"Sentry and Sphere","floor":22,"turns":4},{"damage":33,"enemies":"Gremlin Leader","floor":24,"turns":4},{"damage":31,"enemies":"Book of Stabbing","floor":28,"turns":5},{"damage":22,"enemies":"Snecko","floor":29,"turns":4},{"damage":62,"enemies":"Champ","floor":33,"turns":10},{"damage":5,"enemies":"Orb Walker","floor":35,"turns":2},{"damage":14,"enemies":"3 Shapes","floor":38,"turns":3},{"damage":91,"enemies":"Nemesis","floor":41,"turns":11},{"damage":10,"enemies":"Sphere and 2 Shapes","floor":44,"turns":3},{"damage":33,"enemies":"Reptomancer","floor":47,"turns":7},{"damage":12,"enemies":"3 Darklings","floor":48,"turns":3},{"damage":104,"enemies":"Donu and Deca","floor":50,"turns":8}],"seed_played":"-478828592950156565","potions_obtained":[{"floor":16,"key":"FocusPotion"},{"floor":17,"key":"PowerPotion"},{"floor":24,"key":"Dexterity Potion"},{"floor":33,"key":"Regen Potion"},{"floor":35,"key":"Strength Potion"},{"floor":44,"key":"FearPotion"}],"is_trial":false,"path_per_floor":["M","?","?","M","$","E","R","M","T","$","T","?","?","M","R","B",null,"M","?","?","M","M","R","E","R","T","?","E","M","R","$","R","B",null,"M","?","?","M","?","R","E","R","T","M","R","?","E","M","R","B"],"character_chosen":"DEFECT","items_purchased":["Symbiotic Virus","Scrape+1","Dark Shackles"],"campfire_rested":9,"item_purchase_floors":[31,31,31],"current_hp_per_floor":[79,79,79,79,79,45,69,69,69,69,69,53,53,40,64,57,87,77,87,87,77,41,70,37,66,66,66,43,22,53,53,84,23,107,103,103,103,90,90,90,15,61,61,52,98,98,66,55,102,0],"gold":421,"neow_bonus":"TEN_PERCENT_HP_BONUS","is_prod":false,"is_daily":false,"chose_seed":false,"campfire_upgraded":1,"win_rate":0,"timestamp":1556161454,"path_taken":["M","?","?","?","$","E","R","M","T","$","?","?","?","?","R","BOSS","M","?","?","?","M","R","E","R","T","?","E","?","R","$","R","BOSS","M","?","?","M","?","R","E","R","T","?","R","?","E","M","R","BOSS"],"build_version":"2019-01-23","purchased_purges":3,"victory":false,"max_hp_per_floor":[82,82,82,82,82,82,82,82,82,82,82,82,82,82,82,82,87,87,97,97,97,97,97,97,97,97,97,105,106,106,106,106,107,107,108,108,108,109,104,104,105,105,105,106,106,106,107,108,108,108],"card_choices":[{"not_picked":["Streamline","Aggregate"],"picked":"Go for the Eyes","floor":1},{"not_picked":["Conserve Battery","Leap"],"picked":"Gash","floor":4},{"not_picked":["Compile Driver","Sweeping Beam"],"picked":"Go for the Eyes","floor":6},{"not_picked":["Conserve Battery","Turbo"],"picked":"Streamline+1","floor":8},{"not_picked":["Turbo","Ball Lightning+1"],"picked":"Electrodynamics","floor":14},{"not_picked":["Reboot","Electrodynamics"],"picked":"Echo Form","floor":16},{"not_picked":["Redo","Turbo"],"picked":"Go for the Eyes+1","floor":17},{"not_picked":["Force Field","Sweeping Beam+1"],"picked":"Beam Cell+1","floor":18},{"not_picked":["Turbo","Stack"],"picked":"Rebound+1","floor":21},{"not_picked":["Darkness","Stack"],"picked":"Streamline+1","floor":22},{"not_picked":["Redo","Aggregate"],"picked":"Steam","floor":24},{"not_picked":["Darkness","Glacier"],"picked":"Redo","floor":28},{"not_picked":["Stack","Loop","Hologram"],"picked":"SKIP","floor":29},{"not_picked":["Thunder Strike+1","Creative AI"],"picked":"Multi-Cast","floor":33},{"not_picked":["Turbo","Conserve Battery+1"],"picked":"Melter+1","floor":35},{"not_picked":["Turbo+1","Sweeping Beam+1","Compile Driver+1"],"picked":"SKIP","floor":38},{"not_picked":["Conserve Battery+1","Turbo"],"picked":"Steam","floor":41},{"not_picked":["Streamline+1","Genetic Algorithm"],"picked":"FTL+1","floor":44},{"not_picked":["Thinking Ahead","Sadistic Nature"],"picked":"Finesse","floor":46},{"not_picked":["Rip and Tear+1","Rebound+1"],"picked":"Skim+1","floor":47},{"not_picked":["Darkness+1","Genetic Algorithm"],"picked":"FTL+1","floor":48}],"player_experience":87629,"relics_obtained":[{"floor":6,"key":"Molten Egg 2"},{"floor":9,"key":"Smiling Mask"},{"floor":11,"key":"WingedGreaves"},{"floor":24,"key":"Old Coin"},{"floor":26,"key":"Gremlin Horn"},{"floor":28,"key":"Strawberry"},{"floor":41,"key":"Regal Pillow"},{"floor":43,"key":"Pen Nib"},{"floor":47,"key":"Bag of Preparation"}],"event_choices":[{"cards_removed":["Defend_B"],"damage_healed":0,"gold_gain":0,"player_choice":"Card Removal","damage_taken":0,"max_hp_gain":0,"max_hp_loss":0,"event_name":"The Cleric","floor":2,"gold_loss":50},{"damage_healed":0,"gold_gain":0,"player_choice":"2 cards matched","damage_taken":0,"max_hp_gain":0,"max_hp_loss":0,"event_name":"Match and Keep!","floor":3,"gold_loss":0,"cards_obtained":["Steam","Swift Strike"]},{"damage_healed":0,"gold_gain":0,"player_choice":"Entered Light","damage_taken":16,"max_hp_gain":0,"max_hp_loss":0,"event_name":"Shining Light","floor":12,"gold_loss":0,"cards_upgraded":["Swift Strike","Strike_B"]},{"cards_removed":["Defend_B"],"damage_healed":0,"gold_gain":0,"player_choice":"Purged","damage_taken":0,"max_hp_gain":0,"max_hp_loss":0,"event_name":"Purifier","floor":13,"gold_loss":0},{"damage_healed":0,"gold_gain":0,"player_choice":"Opened","damage_taken":0,"relics_obtained":["Pear"],"max_hp_gain":0,"max_hp_loss":0,"event_name":"The Mausoleum","floor":19,"gold_loss":0},{"damage_healed":0,"gold_gain":0,"cards_transformed":["Strike_B"],"player_choice":"Transformed","damage_taken":0,"max_hp_gain":0,"max_hp_loss":0,"event_name":"Transmorgrifier","floor":20,"gold_loss":0,"cards_obtained":["Chill"]},{"damage_healed":0,"gold_gain":0,"player_choice":"Trade","damage_taken":0,"relics_obtained":["FaceOfCleric"],"max_hp_gain":0,"max_hp_loss":0,"event_name":"FaceTrader","floor":27,"gold_loss":0},{"cards_removed":["Rebound"],"damage_healed":0,"gold_gain":0,"player_choice":"Removed Attack","damage_taken":0,"max_hp_gain":0,"max_hp_loss":0,"event_name":"Falling","floor":36,"gold_loss":0},{"damage_healed":0,"gold_gain":0,"player_choice":"Ignored","damage_taken":0,"max_hp_gain":0,"max_hp_loss":0,"event_name":"Tomb of Lord Red Mask","floor":37,"gold_loss":0},{"damage_healed":0,"gold_gain":0,"player_choice":"Max HP","damage_taken":0,"max_hp_gain":0,"max_hp_loss":5,"event_name":"Winding Halls","floor":39,"gold_loss":0},{"damage_healed":0,"gold_gain":0,"player_choice":"Memory 1","damage_taken":0,"max_hp_gain":0,"max_hp_loss":0,"event_name":"SensoryStone","floor":46,"gold_loss":0}],"is_beta":false,"boss_relics":[{"not_picked":["Astrolabe","Calling Bell"],"picked":"Tiny House"},{"not_picked":["Velvet Choker","Eternal Feather"],"picked":"Empty Cage"}],"items_purged_floors":[5,10,31],"is_endless":false,"potions_floor_spawned":[16,24,33,35,44],"killed_by":"Donu and Deca","ascension_level":1}