{"gold_per_floor":[117,117,42,42,42,62,62,94,121,141,160,160,23,37,37,135,165,180,198,198,73,99,99],"floor_reached":23,"playtime":834,"items_purged":["Strike_B","Defend_B","Defend_B"],"score":189,"play_id":"c625d31b-1dd9-4701-ba8d-e3cc87b3a4a4","local_time":"20180716164320","is_ascension_mode":false,"campfire_choices":[{"data":"Zap","floor":12,"key":"SMITH"},{"data":"Defragment","floor":15,"key":"SMITH"}],"neow_cost":"NONE","seed_source_timestamp":25429221801907,"circlet_count":0,"master_deck":["Strike_B","Strike_B","Defend_B+1","Zap+1","Dualcast","Hologram","Cold Snap","Rebound","Rip and Tear","Ball Lightning","Defragment+1","Defragment","Echo Form","Gash","Streamline+1","Gash","BootSequence","Double Energy"],"relics":["Cracked Core","Bag of Marbles","Ancient Tea Set","Gremlin Horn","Boot","Anchor","Tiny House","Red Mask"],"potions_floor_usage":[8,14,16,16,18,23],"damage_taken":[{"damage":0,"enemies":"2 Louse","floor":1,"turns":1},{"damage":6,"enemies":"Jaw Worm","floor":6,"turns":2},{"damage":20,"enemies":"Lagavulin","floor":8,"turns":6},{"damage":0,"enemies":"Cultist","floor":10,"turns":2},{"damage":0,"enemies":"Looter","floor":11,"turns":2},{"damage":0,"enemies":"3 Louse","floor":14,"turns":3},{"damage":3,"enemies":"Hexaghost","floor":16,"turns":7},{"damage":10,"enemies":"Chosen","floor":18,"turns":4},{"damage":20,"enemies":"2 Thieves","floor":19,"turns":3},{"damage":51,"floor":22,"turns":4},{"damage":14,"enemies":"Gremlin Leader","floor":23,"turns":5}],"seed_played":"-1347312916804841490","potions_obtained":[{"floor":1,"key":"EssenceOfSteel"},{"floor":6,"key":"Explosive Potion"},{"floor":8,"key":"Weak Potion"},{"floor":11,"key":"Regen Potion"},{"floor":17,"key":"Fruit Juice"},{"floor":18,"key":"EssenceOfSteel"}],"is_trial":false,"path_per_floor":["M","?","$","?","?","M","T","E","T","M","M","R","$","M","R","B",null,"M","M","?","$","?"],"character_chosen":"DEFECT","items_purchased":["Defragment"],"campfire_rested":0,"item_purchase_floors":[13],"current_hp_per_floor":[75,57,57,57,50,44,44,24,24,24,24,24,24,33,33,30,80,75,55,55,55,4,0],"gold":99,"neow_bonus":"RANDOM_COMMON_RELIC","is_prod":false,"is_daily":false,"chose_seed":false,"campfire_upgraded":2,"win_rate":0,"timestamp":1531727000,"path_taken":["M","?","$","?","?","?","?","E","T","M","M","R","?","M","R","BOSS","M","M","?","$","?","E"],"build_version":"2018-07-12","purchased_purges":3,"victory":false,"max_hp_per_floor":[75,75,75,75,75,75,75,75,75,75,75,75,75,75,75,75,80,85,85,85,85,85,85],"card_choices":[{"not_picked":["Steam","Leap"],"picked":"Hologram","floor":1},{"not_picked":["Conserve Battery","Loop"],"picked":"Cold Snap","floor":6},{"not_picked":["Compile Driver","Scrape"],"picked":"Rebound","floor":8},{"not_picked":["Conserve Battery","Sweeping Beam"],"picked":"Rip and Tear","floor":10},{"not_picked":["Redo","Rebound"],"picked":"Ball Lightning","floor":11},{"not_picked":["Ball Lightning","Coolheaded"],"picked":"Defragment","floor":14},{"not_picked":["Multi-Cast","Amplify"],"picked":"Echo Form","floor":16},{"not_picked":["Darkness","Steam"],"picked":"Gash","floor":17},{"not_picked":["Gash","Barrage+1"],"picked":"Streamline+1","floor":18},{"not_picked":["Rebound+1","Sunder"],"picked":"Gash","floor":19},{"not_picked":["Sweeping Beam+1","Doom and Gloom+1"],"picked":"Double Energy","floor":22}],"player_experience":182858,"relics_obtained":[{"floor":7,"key":"Gremlin Horn"},{"floor":8,"key":"Boot"},{"floor":9,"key":"Anchor"},{"floor":22,"key":"Red Mask"}],"event_choices":[{"event_name":"Scrap Ooze","player_choice":"success","floor":2,"damage_taken":18},{"event_name":"Wheel of Change","player_choice":"Card Removal","floor":4,"damage_taken":0},{"event_name":"Golden Wing","player_choice":"Card Removal","floor":5,"damage_taken":0},{"event_name":"The Library","player_choice":"Read","floor":20,"damage_taken":0},{"event_name":"Masked Bandits","player_choice":"Fought over 73 gold","floor":22,"damage_taken":0}],"boss_relics":[{"not_picked":["Snecko Eye","Fusion Hammer"],"picked":"Tiny House"}],"items_purged_floors":[3,13,21],"is_endless":false,"potions_floor_spawned":[1,6,8,11,18],"killed_by":"Gremlin Leader","ascension_level":0}