{"gold_per_floor":[114,64,28,28,42,73,73,73,100,134,134,134,168,180,180,180],"floor_reached":16,"playtime":411,"items_purged":[],"score":141,"play_id":"26398c88-4e53-4bb8-a65d-4878a53ea071","local_time":"20190319180116","is_ascension_mode":false,"campfire_choices":[{"floor":7,"key":"RECALL"},{"data":"Clothesline","floor":11,"key":"SMITH"},{"data":"Body Slam","floor":15,"key":"SMITH"}],"neow_cost":"NONE","seed_source_timestamp":506709103669715,"circlet_count":0,"master_deck":["Strike_R","Strike_R","Strike_R","Strike_R","Strike_R","Defend_R+1","Defend_R+1","Bash","Clash","Battle Trance","Second Wind","Pommel Strike","Headbutt","Clothesline+1","Body Slam+1","Metallicize"],"relics":["Burning Blood","NeowsBlessing","War Paint","Pantograph","Gambling Chip"],"potions_floor_usage":[],"damage_taken":[{"damage":0,"enemies":"2 Louse","floor":1,"turns":1},{"damage":0,"enemies":"Small Slimes","floor":5,"turns":1},{"damage":0,"enemies":"Lagavulin","floor":6,"turns":1},{"damage":12,"enemies":"3 Sentries","floor":10,"turns":8},{"damage":26,"enemies":"Lagavulin","floor":13,"turns":5},{"damage":8,"enemies":"Jaw Worm","floor":14,"turns":2},{"damage":22,"enemies":"Slime Boss","floor":16,"turns":6}],"seed_played":"-3102431852935180314","potions_obtained":[{"floor":5,"key":"FearPotion"},{"floor":10,"key":"Block Potion"},{"floor":12,"key":"BloodPotion"},{"floor":12,"key":"PowerPotion"},{"floor":12,"key":"SkillPotion"}],"is_trial":false,"path_per_floor":["M","?","$","?","M","E","R","$","T","E","R","?","E","M","R","B"],"character_chosen":"IRONCLAD","items_purchased":["Battle Trance"],"campfire_rested":0,"item_purchase_floors":[3],"current_hp_per_floor":[80,80,80,80,80,80,80,80,80,74,74,74,54,52,52,55],"gold":180,"neow_bonus":"THREE_ENEMY_KILL","is_prod":false,"is_daily":false,"chose_seed":false,"campfire_upgraded":2,"win_rate":0,"timestamp":1552986076,"path_taken":["M","?","$","?","M","E","R","?","T","E","R","?","E","?","R","BOSS"],"build_version":"2019-01-23","purchased_purges":0,"victory":false,"max_hp_per_floor":[80,80,80,80,80,80,80,80,80,80,80,80,80,80,80,80],"card_choices":[{"not_picked":["Reckless Charge","Rage"],"picked":"Clash","floor":1},{"not_picked":["Rupture","Sentinel"],"picked":"Pommel Strike","floor":5},{"not_picked":["Reckless Charge","Perfected Strike"],"picked":"Headbutt","floor":6},{"not_picked":["Blood for Blood","Perfected Strike"],"picked":"Clothesline","floor":10},{"not_picked":["Entrench","Heavy Blade"],"picked":"Body Slam","floor":13},{"not_picked":["Entrench","Fire Breathing"],"picked":"Metallicize","floor":14}],"player_experience":324993,"relics_obtained":[{"floor":6,"key":"War Paint"},{"floor":10,"key":"Pantograph"},{"floor":13,"key":"Gambling Chip"}],"event_choices":[{"cards_removed":["Defend_R"],"damage_healed":0,"gold_gain":0,"player_choice":"Card Removal","damage_taken":0,"max_hp_gain":0,"max_hp_loss":0,"event_name":"The Cleric","floor":2,"gold_loss":50},{"damage_healed":0,"gold_gain":0,"cards_transformed":["Defend_R"],"player_choice":"Change","damage_taken":0,"max_hp_gain":0,"max_hp_loss":0,"event_name":"Living Wall","floor":4,"gold_loss":0,"cards_obtained":["Second Wind"]},{"damage_healed":0,"gold_gain":0,"player_choice":"Got Potions","damage_taken":0,"max_hp_gain":0,"max_hp_loss":0,"event_name":"Lab","floor":12,"gold_loss":0}],"is_beta":false,"boss_relics":[],"items_purged_floors":[],"is_endless":false,"potions_floor_spawned":[5,10,14],"killed_by":"Slime Boss","ascension_level":0}