{"gold_per_floor":[113,123,135,145,51,76,93,93,118,128,128,128,139,149,149,244,244,244],"floor_reached":18,"playtime":589,"items_purged":[],"score":166,"play_id":"93f8190c-6a79-4cdd-b9dc-80ea3c4a8ec5","local_time":"20190317155013","is_ascension_mode":false,"campfire_choices":[{"floor":8,"key":"REST"},{"data":"Glass Knife","floor":12,"key":"SMITH"},{"floor":15,"key":"REST"}],"neow_cost":"NONE","seed_source_timestamp":325864573676555,"circlet_count":0,"master_deck":["Defend_G","Defend_G","Defend_G","Defend_G+1","Defend_G","Strike_G","Strike_G","Strike_G","Strike_G","Strike_G","Survivor+1","Neutralize","Slice","Slice","Backflip","Escape Plan","Flash of Steel","Glass Knife+1","Deflect","Slice","Regret","Calculated Gamble","Terror","Die Die Die"],"relics":["Ring of the Serpent","Centennial Puzzle","Sundial","War Paint","Snake Skull"],"potions_floor_usage":[16,16],"damage_taken":[{"damage":12,"enemies":"Cultist","floor":1,"turns":5},{"damage":0,"enemies":"2 Louse","floor":2,"turns":3},{"damage":0,"enemies":"Small Slimes","floor":3,"turns":3},{"damage":6,"enemies":"Gremlin Gang","floor":4,"turns":7},{"damage":31,"enemies":"3 Sentries","floor":6,"turns":9},{"damage":5,"enemies":"3 Louse","floor":7,"turns":2},{"damage":0,"enemies":"Looter","floor":10,"turns":3},{"damage":0,"enemies":"Blue Slaver","floor":13,"turns":2},{"damage":0,"enemies":"Lots of Slimes","floor":14,"turns":5},{"damage":21,"enemies":"Hexaghost","floor":16,"turns":8},{"damage":0,"enemies":"3 Byrds","floor":18,"turns":1}],"seed_played":"-6963742790109525538","potions_obtained":[{"floor":7,"key":"SkillPotion"},{"floor":13,"key":"SteroidPotion"},{"floor":14,"key":"Block Potion"},{"floor":16,"key":"GhostInAJar"}],"is_trial":false,"path_per_floor":["M","M","M","M","$","E","M","R","T","M","?","R","M","M","R","B",null,"M"],"character_chosen":"THE_SILENT","items_purchased":["Flash of Steel"],"campfire_rested":2,"item_purchase_floors":[5],"current_hp_per_floor":[58,58,58,52,52,21,16,37,37,37,37,37,37,37,58,37,70,70],"gold":244,"neow_bonus":"RANDOM_COMMON_RELIC","is_prod":false,"is_daily":false,"chose_seed":false,"campfire_upgraded":1,"win_rate":0,"timestamp":1552805413,"path_taken":["M","M","M","M","$","E","?","R","T","?","?","R","M","M","R","BOSS","M"],"build_version":"2019-01-23","purchased_purges":0,"victory":false,"max_hp_per_floor":[70,70,70,70,70,70,70,70,70,70,70,70,70,70,70,70,70,70],"card_choices":[{"not_picked":["Poisoned Stab","Deflect"],"picked":"Slice","floor":1},{"not_picked":["Flechettes","Dagger Throw"],"picked":"Slice","floor":2},{"not_picked":["Bane","Deadly Poison"],"picked":"Backflip","floor":3},{"not_picked":["Flying Knee","Underhanded Strike"],"picked":"Escape Plan","floor":4},{"not_picked":["Blade Dance","Grand Finale"],"picked":"Glass Knife","floor":6},{"not_picked":["Deadly Poison","Flying Knee"],"picked":"Deflect","floor":7},{"not_picked":["Bane","Underhanded Strike"],"picked":"Slice","floor":10},{"not_picked":["Skewer","Sucker Punch"],"picked":"Calculated Gamble","floor":13},{"not_picked":["PiercingWail","Tactician"],"picked":"Terror","floor":14},{"not_picked":["Wraith Form v2","Tools of the Trade"],"picked":"Die Die Die","floor":16}],"player_experience":294816,"relics_obtained":[{"floor":6,"key":"Sundial"},{"floor":9,"key":"War Paint"}],"event_choices":[{"damage_healed":0,"gold_gain":0,"player_choice":"Box","damage_taken":0,"relics_obtained":["Snake Skull"],"max_hp_gain":0,"max_hp_loss":0,"event_name":"Big Fish","floor":11,"gold_loss":0,"cards_obtained":["Regret"]}],"is_beta":false,"boss_relics":[{"not_picked":["Runic Pyramid","Eternal Feather"],"picked":"Ring of the Serpent"}],"items_purged_floors":[],"is_endless":false,"potions_floor_spawned":[7,13,14,16],"killed_by":"3 Byrds","ascension_level":0}