{"gold_per_floor":[109,127,52,52,72,72,88,102,102,132,132,145,159,172,172,172],"floor_reached":16,"playtime":851,"items_purged":[],"score":207,"play_id":"4f6c3035-2b2d-46b9-8828-8f81b32b8a06","local_time":"20190605191157","is_ascension_mode":true,"campfire_choices":[{"data":"Zap","floor":6,"key":"SMITH"},{"floor":11,"key":"REST"},{"data":"Defragment","floor":15,"key":"SMITH"}],"neow_cost":"PERCENT_DAMAGE","seed_source_timestamp":45947078710104,"circlet_count":0,"master_deck":["AscendersBane","Strike_B","Defend_B","Defend_B","Defend_B","Defend_B","Zap+1","Dualcast","Steam","BootSequence","Static Discharge","Defragment+1"],"relics":["Cracked Core","Centennial Puzzle","Darkstone Periapt","Pocketwatch"],"potions_floor_usage":[10,12,14,16],"damage_taken":[{"damage":4,"enemies":"Small Slimes","floor":1,"turns":4},{"damage":6,"enemies":"Cultist","floor":2,"turns":3},{"damage":0,"enemies":"2 Louse","floor":5,"turns":3},{"damage":6,"enemies":"Looter","floor":7,"turns":4},{"damage":0,"enemies":"Blue Slaver","floor":8,"turns":4},{"damage":20,"enemies":"Lagavulin","floor":10,"turns":7},{"damage":3,"enemies":"Lots of Slimes","floor":12,"turns":5},{"damage":0,"enemies":"Looter","floor":13,"turns":4},{"damage":9,"enemies":"Large Slime","floor":14,"turns":5},{"damage":21,"enemies":"Hexaghost","floor":16,"turns":9}],"seed_played":"-8560688598671053449","potions_obtained":[{"floor":1,"key":"Energy Potion"},{"floor":7,"key":"LiquidBronze"},{"floor":8,"key":"Ancient Potion"},{"floor":10,"key":"SkillPotion"},{"floor":13,"key":"AttackPotion"}],"is_trial":false,"path_per_floor":["M","M","?","?","M","R","M","M","T","E","R","M","M","M","R","B"],"character_chosen":"DEFECT","items_purchased":[],"campfire_rested":1,"item_purchase_floors":[],"current_hp_per_floor":[42,36,36,36,36,36,30,30,30,10,31,28,28,19,19,0],"gold":172,"neow_bonus":"REMOVE_TWO","is_prod":false,"is_daily":false,"chose_seed":false,"campfire_upgraded":2,"win_rate":0,"timestamp":1559787117,"path_taken":["M","M","?","?","M","R","?","M","T","E","R","M","M","M","R","BOSS"],"build_version":"2019-01-23","purchased_purges":0,"victory":false,"max_hp_per_floor":[71,71,71,71,71,71,71,71,71,71,71,71,71,71,71,71],"card_choices":[{"not_picked":["Lockon","Cold Snap","Sweeping Beam"],"picked":"SKIP","floor":1},{"not_picked":["Recycle","Compile Driver"],"picked":"Steam","floor":2},{"not_picked":["White Noise","Steam"],"picked":"BootSequence","floor":5},{"not_picked":["Storm","Tempest","Capacitor"],"picked":"SKIP","floor":7},{"not_picked":["Hologram","Coolheaded"],"picked":"Static Discharge","floor":8},{"not_picked":["Hologram","Redo","Barrage"],"picked":"SKIP","floor":10},{"not_picked":["Coolheaded","Stack","Beam Cell"],"picked":"SKIP","floor":12},{"not_picked":["Reprogram","Fission"],"picked":"Defragment","floor":13},{"not_picked":["Consume","Aggregate","Heatsinks"],"picked":"SKIP","floor":14}],"player_experience":831373,"relics_obtained":[{"floor":9,"key":"Darkstone Periapt"},{"floor":10,"key":"Pocketwatch"}],"event_choices":[{"cards_removed":["Strike_B"],"damage_healed":0,"gold_gain":0,"player_choice":"Card Removal","damage_taken":0,"max_hp_gain":0,"max_hp_loss":0,"event_name":"The Cleric","floor":3,"gold_loss":75},{"damage_healed":0,"gold_gain":0,"player_choice":"Gave Potion","damage_taken":0,"relics_obtained":["Centennial Puzzle"],"max_hp_gain":0,"max_hp_loss":0,"event_name":"WeMeetAgain","floor":4,"gold_loss":0}],"is_beta":false,"boss_relics":[],"items_purged_floors":[],"is_endless":false,"potions_floor_spawned":[1,7,8,10,13],"killed_by":"Hexaghost","ascension_level":19}