{"path_per_floor":["M","?","?","?","M","R","?","R","T","E","M","E","M","?","R","B",null,"M","?","?","M","?","E","M","R","T","$","?","$","M","M","R"],"character_chosen":"IRONCLAD","items_purchased":["Panache"],"gold_per_floor":[114,114,114,114,128,128,128,128,128,156,166,193,209,209,209,311,311,325,325,325,337,337,369,387,387,440,390,315,122,138,149,149,149],"floor_reached":33,"campfire_rested":1,"playtime":1052,"current_hp_per_floor":[72,65,65,65,71,71,71,71,71,44,50,48,47,33,54,50,72,48,48,48,54,54,54,60,60,60,60,60,60,66,54,54,0],"items_purged":["Regret"],"gold":149,"score":328,"play_id":"afdefb10-8db1-4653-8a64-cfb2b4ad1a09","local_time":"20180429003035","is_prod":false,"is_daily":false,"chose_seed":true,"is_ascension_mode":true,"campfire_upgraded":4,"timestamp":1524929435,"path_taken":["M","?","?","?","?","R","?","R","T","E","M","E","M","?","R","BOSS","M","?","?","?","?","E","M","R","T","$","?","$","M","?","R","BOSS"],"build_version":"2018-04-26","seed_source_timestamp":950355462465018,"purchased_purges":1,"victory":false,"master_deck":["Strike_R","Strike_R","Strike_R","Strike_R","Defend_R","Defend_R","Defend_R","Defend_R","Bash+1","Reckless Charge+1","Clash","Second Wind","Sentinel","Pommel Strike+1","Flame Barrier","Second Wind+1","Fiend Fire+1","Spot Weakness","Immolate+1","Spot Weakness","Panache+1","Feel No Pain","Sentinel+1"],"max_hp_per_floor":[72,72,72,72,72,72,72,72,72,72,72,72,72,72,72,72,72,72,72,72,72,72,72,72,72,72,72,72,72,72,72,72,72],"relics":["Burning Blood","Dead Branch","Meat on the Bone","Mercury Hourglass","Gremlin Horn","Shuriken","Ornamental Fan","Sozu","Dodecahedron","Smiling Mask","Bag of Preparation"],"card_choices":[{"not_picked":["Pummel","Flame Barrier"],"picked":"Reckless Charge","floor":1.0},{"not_picked":["Armaments","Intimidate"],"picked":"Second Wind","floor":5.0},{"not_picked":["Whirlwind","Power Through"],"picked":"Sentinel","floor":10.0},{"not_picked":["Warcry","Heavy Blade"],"picked":"Pommel Strike","floor":11.0},{"not_picked":["Clothesline","Uppercut"],"picked":"Flame Barrier","floor":12.0},{"not_picked":["Hemokinesis","Uppercut"],"picked":"Second Wind","floor":13.0},{"not_picked":["Limit Break","Juggernaut"],"picked":"Fiend Fire","floor":16.0},{"not_picked":["Headbutt","Feel No Pain"],"picked":"Spot Weakness","floor":18.0},{"not_picked":["Wild Strike","Clothesline"],"picked":"Immolate","floor":23.0},{"not_picked":["Pommel Strike","Blood for Blood"],"picked":"Spot Weakness","floor":24.0},{"not_picked":["Rage","Twin Strike"],"picked":"Feel No Pain","floor":30.0},{"not_picked":["Intimidate","Twin Strike"],"picked":"Sentinel","floor":31.0}],"player_experience":142620,"potions_floor_usage":[],"damage_taken":[{"damage":0.0,"enemies":"Small Slimes","floor":1.0,"turns":3.0},{"damage":0.0,"enemies":"2 Louse","floor":5.0,"turns":2.0},{"damage":33.0,"enemies":"Lagavulin","floor":10.0,"turns":4.0},{"damage":0.0,"enemies":"Cultist","floor":11.0,"turns":2.0},{"damage":8.0,"enemies":"Gremlin Nob","floor":12.0,"turns":3.0},{"damage":19.0,"enemies":"Looter","floor":13.0,"turns":3.0},{"damage":10.0,"enemies":"Slime Boss","floor":16.0,"turns":8.0},{"damage":30.0,"enemies":"Shell Parasite","floor":18.0,"turns":5.0},{"damage":0.0,"enemies":"Spheric Guardian","floor":21.0,"turns":2.0},{"damage":18.0,"enemies":"Slavers","floor":23.0,"turns":2.0},{"damage":0.0,"enemies":"Chosen and Byrds","floor":24.0,"turns":2.0},{"damage":0.0,"enemies":"Snake Plant","floor":30.0,"turns":2.0},{"damage":30.0,"enemies":"Centurion and Healer","floor":31.0,"turns":4.0},{"damage":93,"enemies":"Automaton","floor":33,"turns":6}],"event_choices":[{"event_name":"Scrap Ooze","player_choice":"success","floor":2.0,"damage_taken":7.0},{"event_name":"The Woman in Blue","player_choice":"Bought 0 Potions","floor":3.0,"damage_taken":0.0},{"event_name":"Living Wall","player_choice":"Change","floor":4.0,"damage_taken":0.0},{"event_name":"Big Fish","player_choice":"Box","floor":7.0,"damage_taken":0.0},{"event_name":"Shining Light","player_choice":"Entered Light","floor":14.0,"damage_taken":0.0},{"event_name":"Accursed Blacksmith","player_choice":"Rummage","floor":19.0,"damage_taken":0.0},{"event_name":"Upgrade Shrine","player_choice":"Upgraded","floor":20.0,"damage_taken":0.0},{"event_name":"Transmorgrifier","player_choice":"Transform","floor":22.0,"damage_taken":0.0},{"event_name":"Beggar","player_choice":"Gave Gold","floor":28.0,"damage_taken":0.0}],"boss_relics":[],"potions_floor_spawned":[1,5,12,23,24,30],"seed_played":"2336108208662541810","killed_by":"Automaton","ascension_level":4,"is_trial":false}