{"gold_per_floor":[117,117,127,127,145,145,145,170,170,180,108,108,108,63],"floor_reached":14,"playtime":311,"items_purged":[],"score":88,"play_id":"e22abc78-8703-429f-ac71-40f87cd72ac0","local_time":"20190509184424","is_ascension_mode":false,"campfire_choices":[{"data":"Self Repair","floor":6,"key":"SMITH"}],"neow_cost":"PERCENT_DAMAGE","seed_source_timestamp":275924843880599,"circlet_count":0,"master_deck":["Strike_B","Strike_B","Defend_B","Defend_B","Defend_B","Defend_B","Zap","Dualcast","Core Surge","Hologram","Self Repair+1","Ball Lightning","Glacier","Blizzard","Genetic Algorithm","Capacitor"],"relics":["Cracked Core","Kunai","Centennial Puzzle","Prayer Wheel"],"potions_floor_usage":[],"damage_taken":[{"damage":1,"enemies":"Jaw Worm","floor":1,"turns":3},{"damage":1,"enemies":"Cultist","floor":3,"turns":3},{"damage":0,"enemies":"Small Slimes","floor":5,"turns":2},{"damage":33,"enemies":"Gremlin Nob","floor":8,"turns":4},{"damage":8,"enemies":"Exordium Wildlife","floor":10,"turns":3},{"damage":15,"enemies":"Exordium Thugs","floor":14,"turns":5}],"seed_played":"1716235497242965866","potions_obtained":[{"floor":8,"key":"EssenceOfSteel"},{"floor":10,"key":"FairyPotion"}],"is_trial":false,"path_per_floor":["M","?","M","?","M","R","T","E","T","M","$","$","?","M"],"character_chosen":"DEFECT","items_purchased":["Capacitor"],"campfire_rested":0,"item_purchase_floors":[11],"current_hp_per_floor":[53,53,59,59,66,66,66,43,43,45,45,45,50,35],"gold":63,"neow_bonus":"THREE_RARE_CARDS","is_prod":false,"is_daily":false,"chose_seed":false,"campfire_upgraded":1,"win_rate":0,"timestamp":1557395064,"path_taken":["M","?","?","?","?","R","?","E","T","M","?","$","?","M"],"build_version":"2019-01-23","purchased_purges":0,"victory":false,"max_hp_per_floor":[75,75,75,75,75,75,75,75,75,75,75,75,80,80],"card_choices":[{"not_picked":["Hyperbeam","Multi-Cast"],"picked":"Core Surge","floor":0},{"not_picked":["Sweeping Beam","Beam Cell"],"picked":"Hologram","floor":1},{"not_picked":["Hologram","Rip and Tear"],"picked":"Ball Lightning","floor":3},{"not_picked":["Stack","Self Repair"],"picked":"Glacier","floor":5},{"not_picked":["Barrage","Rebound"],"picked":"Blizzard","floor":8},{"not_picked":["Turbo","Sweeping Beam"],"picked":"Genetic Algorithm","floor":10},{"not_picked":["Lockon","Storm","Auto Shields"],"picked":"SKIP","floor":10}],"player_experience":403311,"relics_obtained":[{"floor":7,"key":"Kunai"},{"floor":8,"key":"Centennial Puzzle"},{"floor":9,"key":"Prayer Wheel"}],"event_choices":[{"damage_healed":0,"gold_gain":0,"cards_transformed":["Strike_B"],"player_choice":"Transformed","damage_taken":0,"max_hp_gain":0,"max_hp_loss":0,"event_name":"Transmorgrifier","floor":2,"gold_loss":0,"cards_obtained":["Self Repair"]},{"cards_removed":["Strike_B"],"damage_healed":0,"gold_gain":0,"player_choice":"Card Removal","damage_taken":0,"max_hp_gain":0,"max_hp_loss":0,"event_name":"Wheel of Change","floor":4,"gold_loss":0},{"damage_healed":0,"gold_gain":0,"player_choice":"Donut","damage_taken":0,"max_hp_gain":5,"max_hp_loss":0,"event_name":"Big Fish","floor":13,"gold_loss":0}],"is_beta":false,"boss_relics":[],"items_purged_floors":[],"is_endless":false,"potions_floor_spawned":[8,10],"killed_by":"Exordium Thugs","ascension_level":0}