{"gold_per_floor":[111,121,140,140,159,192,212,212,212,212,89,105,119,132,132,227,277,288,83,94,45,144,144,144,163,188,188,188,199,124,142,142,142],"floor_reached":33,"playtime":2491,"items_purged":["Strike_R","Strike_R"],"score":251,"play_id":"275019a2-c7d3-43bd-b6c7-31809810e31e","local_time":"20190115210754","is_ascension_mode":false,"campfire_choices":[{"floor":8,"key":"REST"},{"data":"Armaments","floor":10,"key":"SMITH"},{"data":"Armaments","floor":15,"key":"SMITH"},{"floor":23,"key":"REST"},{"floor":27,"key":"REST"},{"floor":32,"key":"REST"}],"neow_cost":"NONE","seed_source_timestamp":458399225390686,"circlet_count":0,"master_deck":["Strike_R+1","Defend_R","Defend_R","Defend_R","Bash","Headbutt","Cleave","Armaments+1","Pommel Strike","Carnage","Searing Blow","Armaments+1","Anger","Thunderclap","Metallicize","Infernal Blade","Juggernaut","Cleave","Dual Wield+1","Uppercut+1","Shrug It Off","Flame Barrier","Rampage","Pommel Strike+1"],"relics":["Burning Blood","Smiling Mask","Paper Frog","Tiny House","Centennial Puzzle","Juzu Bracelet"],"potions_floor_usage":[16,20,25,29,31],"damage_taken":[{"damage":5,"enemies":"Jaw Worm","floor":1,"turns":4},{"damage":1,"enemies":"Cultist","floor":2,"turns":3},{"damage":1,"enemies":"2 Louse","floor":3,"turns":2},{"damage":4,"enemies":"Blue Slaver","floor":5,"turns":6},{"damage":45,"enemies":"Lagavulin","floor":6,"turns":8},{"damage":10,"enemies":"Exordium Thugs","floor":7,"turns":5},{"damage":0,"enemies":"Large Slime","floor":12,"turns":4},{"damage":10,"enemies":"Looter","floor":13,"turns":3},{"damage":7,"enemies":"3 Louse","floor":14,"turns":2},{"damage":25,"enemies":"Hexaghost","floor":16,"turns":9},{"damage":34,"enemies":"Spheric Guardian","floor":18,"turns":7},{"damage":44,"enemies":"3 Byrds","floor":20,"turns":5},{"damage":18,"enemies":"Sentry and Sphere","floor":25,"turns":5},{"damage":23,"enemies":"Centurion and Healer","floor":29,"turns":5},{"damage":24,"enemies":"Shelled Parasite and Fungi","floor":31,"turns":6},{"damage":67,"enemies":"Automaton","floor":33,"turns":6}],"seed_played":"-8980997536569541953","potions_obtained":[{"floor":3,"key":"Block Potion"},{"floor":6,"key":"Ancient Potion"},{"floor":12,"key":"FearPotion"},{"floor":17,"key":"AttackPotion"},{"floor":18,"key":"PowerPotion"},{"floor":24,"key":"Fire Potion"},{"floor":24,"key":"BloodPotion"}],"is_trial":false,"path_per_floor":["M","M","M","?","M","E","M","R","T","R","$","M","M","M","R","B",null,"M","$","M","$","?","R","?","M","T","R","?","M","?","M","R","B"],"character_chosen":"IRONCLAD","items_purchased":["Armaments","Anger","Centennial Puzzle","Shrug It Off"],"campfire_rested":4,"item_purchase_floors":[11,11,19,21],"current_hp_per_floor":[80,80,80,80,80,41,37,61,61,61,61,67,63,62,62,43,85,57,57,19,19,19,44,44,40,40,65,49,32,32,14,41,0],"gold":142,"neow_bonus":"REMOVE_CARD","is_prod":false,"is_daily":false,"chose_seed":false,"campfire_upgraded":2,"win_rate":0.0,"timestamp":1547604474,"path_taken":["M","M","M","?","M","E","M","R","T","R","$","M","?","M","R","BOSS","M","$","M","$","?","R","?","M","T","R","?","M","?","M","R","BOSS"],"build_version":"2019-01-10","purchased_purges":2,"victory":false,"max_hp_per_floor":[80,80,80,80,80,80,80,80,80,80,80,80,80,80,80,80,85,85,85,85,85,85,85,85,85,85,85,90,90,90,90,90,90],"card_choices":[{"not_picked":["Iron Wave","Searing Blow"],"picked":"Headbutt","floor":1},{"not_picked":["Shrug It Off","Seeing Red"],"picked":"Cleave","floor":2},{"not_picked":["Wild Strike","True Grit"],"picked":"Armaments","floor":3},{"not_picked":["Flex","Thunderclap"],"picked":"Pommel Strike","floor":5},{"not_picked":["Feel No Pain","Wild Strike"],"picked":"Carnage","floor":6},{"not_picked":["Wild Strike","True Grit"],"picked":"Searing Blow","floor":7},{"not_picked":["Wild Strike","Headbutt"],"picked":"Thunderclap","floor":12},{"not_picked":["Barricade","Sword Boomerang"],"picked":"Metallicize","floor":13},{"not_picked":["Uppercut","Clash"],"picked":"Infernal Blade","floor":14},{"not_picked":["Offering","Berserk"],"picked":"Juggernaut","floor":16},{"not_picked":["Clothesline","Pommel Strike"],"picked":"Cleave","floor":17},{"not_picked":["Iron Wave","Wild Strike+1"],"picked":"Dual Wield+1","floor":18},{"not_picked":["Corruption","Iron Wave"],"picked":"Uppercut+1","floor":20},{"not_picked":["Reaper","Sword Boomerang"],"picked":"Flame Barrier","floor":25},{"not_picked":["Pummel","Anger"],"picked":"Rampage","floor":29},{"not_picked":["Thunderclap","Sever Soul"],"picked":"Pommel Strike+1","floor":31}],"player_experience":45803,"relics_obtained":[{"floor":6,"key":"Smiling Mask"},{"floor":9,"key":"Paper Frog"},{"floor":26,"key":"Juzu Bracelet"}],"event_choices":[{"cards_removed":["Strike_R"],"damage_healed":0,"gold_gain":0,"player_choice":"Offered Basic","damage_taken":0,"max_hp_gain":0,"max_hp_loss":0,"event_name":"Bonfire Elementals","floor":4,"gold_loss":0},{"damage_healed":0,"gold_gain":99,"player_choice":"Stole From Cult","damage_taken":0,"max_hp_gain":0,"max_hp_loss":0,"event_name":"Nest","floor":22,"gold_loss":0},{"damage_healed":0,"gold_gain":0,"player_choice":"Got Potions","damage_taken":0,"max_hp_gain":0,"max_hp_loss":0,"event_name":"Lab","floor":24,"gold_loss":0},{"damage_healed":0,"gold_gain":0,"player_choice":"Shed Blood","damage_taken":21,"max_hp_gain":5,"max_hp_loss":0,"event_name":"Forgotten Altar","floor":28,"gold_loss":0},{"cards_removed":["Defend_R"],"damage_healed":0,"gold_gain":0,"player_choice":"Gave Gold","damage_taken":0,"max_hp_gain":0,"max_hp_loss":0,"event_name":"Beggar","floor":30,"gold_loss":75}],"is_beta":false,"boss_relics":[{"not_picked":["Black Blood","Coffee Dripper"],"picked":"Tiny House"}],"items_purged_floors":[11,19],"is_endless":false,"potions_floor_spawned":[3,6,12,18],"killed_by":"Automaton","ascension_level":0}