{"path_per_floor":["M","M","M","M","M","R","?","M","T","M","R","M","M","M","R","B",null,"M","?","M","?","?","R"],"character_chosen":"THE_SILENT","items_purchased":[],"gold_per_floor":[114,132,148,165,176,176,176,195,195,211,211,227,244,262,262,367,367,381,381,394,309,309,309,309],"floor_reached":24,"campfire_rested":0,"playtime":1596,"current_hp_per_floor":[70,70,66,53,35,35,40,40,40,32,32,35,33,33,33,8,75,70,54,30,30,30,30,30],"items_purged":[],"gold":309,"score":194,"play_id":"0837418f-ed1e-45d3-88b0-50b57dbf1b54","local_time":"20180412151214","is_prod":false,"is_daily":false,"is_ascension_mode":false,"campfire_upgraded":4,"timestamp":1523513534,"path_taken":["M","M","M","M","M","R","?","?","T","M","R","?","M","M","R","BOSS","M","?","?","?","?","R","M"],"build_version":"2018-04-05v2","purchased_purges":0,"victory":false,"master_deck":["Defend_G","Defend_G","Defend_G","Defend_G","Defend_G","Strike_G","Strike_G","Strike_G","Strike_G","Strike_G","Survivor","Neutralize+1","Cloak And Dagger+1","Backflip","Bouncing Flask+1","Deflect","Backstab","Backflip","Bane","Adrenaline","All Out Attack","Dagger Spray","Adrenaline","Deflect","Bouncing Flask","Poisoned Stab","Concentrate","Acrobatics","Cloak And Dagger","Necronomicurse","Burst","Predator+1"],"max_hp_per_floor":[70,70,70,70,70,70,75,75,75,75,75,75,75,75,75,75,75,75,75,75,75,75,75,75],"relics":["Ring of the Snake","Dodecahedron","Orrery","Necronomicon","Orichalcum"],"card_choices":[{"not_picked":["Acrobatics","Sucker Punch"],"picked":"Cloak And Dagger","floor":0},{"not_picked":["Underhanded Strike","Slice"],"picked":"Backflip","floor":1},{"not_picked":["Setup","Eviscerate"],"picked":"Bouncing Flask","floor":2},{"not_picked":["Acrobatics","Outmaneuver"],"picked":"Deflect","floor":3},{"not_picked":["Dagger Spray","Footwork"],"picked":"Backstab","floor":5},{"not_picked":["Underhanded Strike","Infinite Blades"],"picked":"Backflip","floor":8},{"not_picked":["Poisoned Stab","Backstab"],"picked":"Bane","floor":10},{"not_picked":["Bane","Outmaneuver"],"picked":"Adrenaline","floor":12},{"not_picked":["Quick Slash","Predator"],"picked":"All Out Attack","floor":13},{"not_picked":["Sucker Punch","Backflip"],"picked":"Dagger Spray","floor":14},{"not_picked":["Corpse Explosion","After Image"],"picked":"Adrenaline","floor":16},{"not_picked":["Acrobatics","Prepared"],"picked":"Deflect","floor":17},{"not_picked":["Deflect","Sucker Punch"],"picked":"Bouncing Flask","floor":17},{"not_picked":["Leg Sweep","Masterful Stab"],"picked":"Poisoned Stab","floor":17},{"not_picked":["Slice","Deadly Poison"],"picked":"Concentrate","floor":17},{"not_picked":["Slice","Choke"],"picked":"Acrobatics","floor":17},{"not_picked":["PiercingWail","Quick Slash"],"picked":"Cloak And Dagger","floor":18},{"not_picked":["Bane","Poisoned Stab"],"picked":"Burst","floor":20}],"player_experience":121395,"potions_floor_usage":[12],"damage_taken":[{"damage":0,"enemies":"Jaw Worm","floor":1,"turns":5},{"damage":0,"enemies":"2 Louse","floor":2,"turns":2},{"damage":4,"enemies":"Cultist","floor":3,"turns":4},{"damage":13,"enemies":"Lots of Slimes","floor":4,"turns":7},{"damage":18,"enemies":"Large Slime","floor":5,"turns":10},{"damage":0,"enemies":"3 Louse","floor":8,"turns":2},{"damage":8,"enemies":"Gremlin Gang","floor":10,"turns":6},{"damage":12,"enemies":"Exordium Wildlife","floor":12,"turns":7},{"damage":2,"enemies":"Blue Slaver","floor":13,"turns":3},{"damage":0,"enemies":"2 Fungi Beasts","floor":14,"turns":2},{"damage":25,"enemies":"Hexaghost","floor":16,"turns":8},{"damage":5,"enemies":"Shell Parasite","floor":18,"turns":4},{"damage":24,"enemies":"Spheric Guardian","floor":20,"turns":4},{"damage":0,"enemies":"Centurion and Healer","floor":24,"turns":1}],"event_choices":[{"event_name":"Big Fish","player_choice":"Donut","floor":7,"damage_taken":0},{"event_name":"Cursed Tome","player_choice":"Obtained Book","floor":19,"damage_taken":0},{"event_name":"Addict","player_choice":"Obtained Relic","floor":21,"damage_taken":0},{"event_name":"The Library","player_choice":"Read","floor":22,"damage_taken":0}],"boss_relics":[{"not_picked":["Calling Bell","Philosopher\u0027s Stone"],"picked":"Orrery"}],"potions_floor_spawned":[2,5,10,13,14,20],"seed_played":"4435390237026434441","killed_by":"Centurion and Healer","ascension_level":0,"is_trial":false}