{"path_per_floor":["M","M","M","?","M","M","M","E","T","?","M","$","M","M","R","B",null,"M","?","?","M","T","E","M","R","T","R","M","$","M","$","R","B",null,"M","?","M","M","?"],"character_chosen":"IRONCLAD","items_purchased":["Battle Trance","Frozen Egg 2","Evolve","Finesse"],"gold_per_floor":[114,134,154,154,173,185,195,226,226,226,246,95,109,127,127,224,224,243,243,243,261,261,294,312,312,362,362,380,90,103,3,3,107,107,121,121,140,151,151,151],"floor_reached":40,"campfire_rested":1,"playtime":1687,"current_hp_per_floor":[73,78,79,79,56,47,53,42,42,26,27,27,22,15,39,45,80,62,62,40,40,40,11,17,17,17,17,35,35,33,33,33,14,40,32,32,40,34,34,0],"items_purged":["Defend_R"],"gold":151,"score":615,"play_id":"2f263316-7ca0-418b-a598-c1d588e9625f","local_time":"20180410114258","is_prod":false,"is_daily":false,"is_ascension_mode":false,"campfire_upgraded":3,"timestamp":1523328178,"path_taken":["M","M","M","?","?","M","M","E","T","?","M","$","M","M","R","BOSS","M","?","?","?","?","E","?","R","T","R","M","$","M","$","R","BOSS","M","?","?","M","?","E"],"build_version":"2018-04-05v2","purchased_purges":1,"victory":false,"master_deck":["Strike_R","Strike_R","Strike_R","Strike_R","Strike_R","Defend_R","Defend_R+1","Bash+1","Twin Strike","Rampage","Thunderclap","Feel No Pain+1","Headbutt","Havoc","Searing Blow+1","Shrug It Off","Battle Trance+1","True Grit+1","Demon Form+1","Body Slam+1","Writhe","Ghostly","Ghostly","Ghostly","Ghostly","Ghostly","Seeing Red+1","Doubt","Reaper","Clothesline+1","Regret","Metallicize+1","Evolve+1","Feel No Pain+1","Finesse","Exhume","Clumsy","Pain","Regret","Ghostly Armor+1","Battle Trance+1"],"max_hp_per_floor":[80,80,80,80,80,80,80,80,80,80,80,80,80,80,80,80,80,80,80,40,40,40,40,40,40,40,40,40,40,40,40,40,40,40,40,40,40,40,40,40],"relics":["Burning Blood","Lantern","Ginger","Cursed Key","War Paint","Bottled Tornado","Red Skull","Blood Vial","Frozen Egg 2","Calling Bell","Sundial","Orichalcum","Bird Faced Urn"],"card_choices":[{"not_picked":["Armaments","Clash"],"picked":"Twin Strike","floor":1},{"not_picked":["Inflame","Blood for Blood"],"picked":"Rampage","floor":2},{"not_picked":["Clothesline","Iron Wave"],"picked":"Thunderclap","floor":3},{"not_picked":["Pommel Strike","Rampage"],"picked":"Feel No Pain","floor":5},{"not_picked":["Infernal Blade","Thunderclap"],"picked":"Headbutt","floor":6},{"not_picked":["Rampage","Rage"],"picked":"Havoc","floor":7},{"not_picked":["Cleave","Reckless Charge"],"picked":"Searing Blow","floor":8},{"not_picked":["Immolate","Twin Strike"],"picked":"Shrug It Off","floor":11},{"not_picked":["Ghostly Armor","Wild Strike"],"picked":"True Grit","floor":13},{"not_picked":["Exhume","Fiend Fire"],"picked":"Demon Form","floor":16},{"not_picked":["Battle Trance","Iron Wave"],"picked":"Body Slam","floor":18},{"not_picked":["True Grit","Wild Strike"],"picked":"Seeing Red","floor":21},{"not_picked":["Inflame","True Grit"],"picked":"Reaper","floor":23},{"not_picked":["Headbutt","Rage"],"picked":"Clothesline","floor":24},{"not_picked":["Inflame","Wild Strike"],"picked":"Metallicize","floor":28},{"not_picked":["Clothesline","Warcry"],"picked":"Feel No Pain","floor":30},{"not_picked":["Berserk","Bludgeon"],"picked":"Exhume","floor":33},{"not_picked":["Metallicize","Perfected Strike"],"picked":"Ghostly Armor","floor":37},{"not_picked":["Wild Strike","Headbutt"],"picked":"Battle Trance","floor":38}],"player_experience":119259,"potions_floor_usage":[8,8,16,16,33,33,33],"damage_taken":[{"damage":13,"enemies":"Jaw Worm","floor":1,"turns":3},{"damage":1,"enemies":"Cultist","floor":2,"turns":3},{"damage":5,"enemies":"2 Louse","floor":3,"turns":3},{"damage":29,"enemies":"Gremlin Gang","floor":5,"turns":4},{"damage":15,"enemies":"3 Louse","floor":6,"turns":3},{"damage":0,"enemies":"Large Slime","floor":7,"turns":5},{"damage":17,"enemies":"Lagavulin","floor":8,"turns":6},{"damage":5,"enemies":"Looter","floor":11,"turns":2},{"damage":11,"enemies":"Exordium Wildlife","floor":13,"turns":4},{"damage":13,"enemies":"Red Slaver","floor":14,"turns":3},{"damage":0,"enemies":"Slime Boss","floor":16,"turns":4},{"damage":24,"enemies":"Spheric Guardian","floor":18,"turns":4},{"damage":3,"enemies":"2 Thieves","floor":21,"turns":5},{"damage":35,"enemies":"Slavers","floor":23,"turns":8},{"damage":0,"enemies":"Snake Plant","floor":24,"turns":5},{"damage":0,"enemies":"Sentry and Sphere","floor":28,"turns":7},{"damage":10,"enemies":"Snecko","floor":30,"turns":7},{"damage":27,"enemies":"Automaton","floor":33,"turns":12},{"damage":42,"enemies":"3 Darklings","floor":35,"turns":9},{"damage":11,"enemies":"Orb Walker","floor":37,"turns":7},{"damage":21,"enemies":"4 Shapes","floor":38,"turns":7},{"damage":49,"enemies":"Giant Head","floor":40,"turns":7}],"event_choices":[{"event_name":"Bonfire Elementals","player_choice":"BASIC","floor":4,"damage_taken":0},{"event_name":"Shining Light","player_choice":"Entered Light","floor":10,"damage_taken":0},{"event_name":"The Mausoleum","player_choice":"Yes","floor":19,"damage_taken":0},{"event_name":"Ghosts","player_choice":"Became a Ghost","floor":20,"damage_taken":0},{"event_name":"Mysterious Sphere","player_choice":"Ignore","floor":36,"damage_taken":0},{"event_name":"Tomb of Lord Red Mask","player_choice":"Ignored","floor":39,"damage_taken":0}],"boss_relics":[{"not_picked":["Astrolabe","Orrery"],"picked":"Cursed Key"},{"not_picked":["Runic Cube","Black Blood"],"picked":"Calling Bell"}],"potions_floor_spawned":[3,6,11,13,14,18,21,30,33,35,37],"seed_played":"-3505923601579727493","killed_by":"Giant Head","ascension_level":0,"is_trial":false}