{"gold_per_floor":[113,128,143,153,153,153,33,33,33,33,62,62,118,68,68,68],"floor_reached":16,"playtime":633,"items_purged":["Normality"],"score":98,"play_id":"ecea3e56-1e5a-48e1-b3d2-c0c9d27d76a2","local_time":"20180623154840","is_ascension_mode":false,"campfire_choices":[{"data":"Accuracy","floor":6,"key":"SMITH"},{"data":"Storm of Steel","floor":8,"key":"SMITH"},{"floor":12,"key":"REST"},{"data":"Jack Of All Trades","floor":15,"key":"SMITH"}],"neow_cost":"NONE","seed_source_timestamp":97199469001109,"circlet_count":0,"master_deck":["Defend_G","Defend_G","Defend_G","Defend_G","Defend_G","Strike_G","Strike_G","Strike_G","Strike_G","Strike_G","Survivor","Neutralize","Parasite","Quick Slash+1","Dagger Spray+1","Accuracy+1","Dodge and Roll","Jack Of All Trades+1","Storm of Steel+1","Backflip","Dagger Spray+1","Malaise"],"relics":["Calling Bell","Strawberry","Molten Egg 2","Unceasing Top","Mercury Hourglass","Centennial Puzzle"],"potions_floor_usage":[],"damage_taken":[{"damage":8,"enemies":"Cultist","floor":1,"turns":5},{"damage":5,"enemies":"Small Slimes","floor":2,"turns":4},{"damage":0,"enemies":"2 Louse","floor":3,"turns":2},{"damage":7,"enemies":"Blue Slaver","floor":4,"turns":4},{"damage":12,"enemies":"Gremlin Nob","floor":11,"turns":3},{"damage":69,"enemies":"The Guardian","floor":16,"turns":13}],"seed_played":"-5944834460276662945","potions_obtained":[{"floor":4,"key":"EntropicBrew"}],"is_trial":false,"path_per_floor":["M","M","M","M","?","R","$","R","T","$","E","R","?","?","R"],"character_chosen":"THE_SILENT","items_purchased":["Dagger Spray+1"],"campfire_rested":1,"item_purchase_floors":[7],"current_hp_per_floor":[69,64,64,57,57,57,57,57,57,57,45,68,68,68,68,0],"gold":68,"neow_bonus":"BOSS_RELIC","is_prod":false,"is_daily":false,"chose_seed":false,"campfire_upgraded":3,"win_rate":0,"timestamp":1529761720,"path_taken":["M","?","M","M","?","R","$","R","T","$","E","R","?","?","R","BOSS"],"build_version":"2018-06-21v2","purchased_purges":1,"victory":false,"max_hp_per_floor":[77,77,77,77,77,77,77,77,77,77,77,77,77,77,77,77],"card_choices":[{"not_picked":["Endless Agony+1","Sucker Punch+1"],"picked":"Quick Slash+1","floor":1},{"not_picked":["Dodge and Roll","Dagger Throw+1"],"picked":"Dagger Spray+1","floor":2},{"not_picked":["Cloak And Dagger","Quick Slash+1"],"picked":"Accuracy","floor":3},{"not_picked":["Blur","Slice+1"],"picked":"Dodge and Roll","floor":4},{"not_picked":["Tactician","Deadly Poison"],"picked":"Malaise","floor":11}],"player_experience":20483,"relics_obtained":[{"floor":0,"key":"Strawberry"},{"floor":0,"key":"Molten Egg 2"},{"floor":0,"key":"Unceasing Top"},{"floor":9,"key":"Mercury Hourglass"},{"floor":11,"key":"Centennial Puzzle"}],"event_choices":[{"event_name":"Match and Keep!","player_choice":"3 cards matched","floor":5,"damage_taken":0},{"event_name":"Golden Wing","player_choice":"Gained Gold","floor":13,"damage_taken":0},{"event_name":"The Cleric","player_choice":"Card Removal","floor":14,"damage_taken":0}],"boss_relics":[],"items_purged_floors":[7],"is_endless":false,"potions_floor_spawned":[4],"killed_by":"The Guardian","ascension_level":0}