{"gold_per_floor":[109,59,59,72,90,90,126,126,207,207,167,185,9,29,29,159,159,172,172,297,207],"floor_reached":21,"playtime":1549,"items_purged":["Strike_B"],"score":363,"play_id":"6b705f04-efac-4437-abf8-aa58631a5e3a","local_time":"20190517002456","is_ascension_mode":true,"campfire_choices":[{"data":"Go for the Eyes","floor":6,"key":"SMITH"},{"floor":8,"key":"REST"},{"data":"All For One","floor":10,"key":"SMITH"},{"data":"Hologram","floor":15,"key":"SMITH"}],"neow_cost":"NONE","seed_source_timestamp":53812318872101,"circlet_count":0,"master_deck":["AscendersBane","Defend_B","Defend_B","Defend_B+1","Defend_B","Zap+1","Dualcast","Genetic Algorithm","All For One+1","Go for the Eyes+1","Machine Learning","Gash","Hologram+1","Conserve Battery","Buffer","Leap","Hologram","Beam Cell","Beam Cell","Stack","Coolheaded+1","Rip and Tear","Cold Snap","Coolheaded"],"relics":["Cracked Core","Golden Idol","War Paint","Gremlin Horn","Orrery","StoneCalendar","Molten Egg 2"],"potions_floor_usage":[7,16,20],"damage_taken":[{"damage":2,"enemies":"Jaw Worm","floor":1,"turns":3},{"damage":11,"enemies":"Small Slimes","floor":4,"turns":4},{"damage":0,"enemies":"Cultist","floor":5,"turns":3},{"damage":45,"enemies":"3 Sentries","floor":7,"turns":7},{"damage":0,"enemies":"Red Slaver","floor":12,"turns":3},{"damage":2,"enemies":"Looter","floor":14,"turns":4},{"damage":0,"enemies":"Slime Boss","floor":16,"turns":6},{"damage":15,"enemies":"Shell Parasite","floor":18,"turns":6},{"damage":18,"enemies":"Colosseum Slavers","floor":20,"turns":5},{"damage":7,"enemies":"Colosseum Nobs","floor":20,"turns":6},{"damage":38,"enemies":"2 Thieves","floor":21,"turns":3}],"seed_played":"-853489180773254321","potions_obtained":[{"floor":5,"key":"LiquidBronze"},{"floor":11,"key":"Swift Potion"},{"floor":11,"key":"Fire Potion"},{"floor":20,"key":"GamblersBrew"}],"is_trial":false,"path_per_floor":["M","?","?","M","M","R","E","R","T","R","?","M","$","M","R","B",null,"M","?","?","M"],"character_chosen":"DEFECT","items_purchased":["Gash","Hologram"],"campfire_rested":1,"item_purchase_floors":[13,13],"current_hp_per_floor":[73,73,73,62,62,62,17,39,39,39,39,39,39,37,37,37,66,51,51,26,0],"gold":207,"neow_bonus":"TEN_PERCENT_HP_BONUS","is_prod":false,"is_daily":false,"chose_seed":false,"campfire_upgraded":3,"win_rate":0,"timestamp":1558067096,"path_taken":["M","?","?","M","M","R","E","R","T","R","?","?","?","M","R","BOSS","M","?","?","M"],"build_version":"2019-01-23","purchased_purges":1,"victory":false,"max_hp_per_floor":[82,82,76,76,76,76,76,76,76,76,76,76,76,76,76,76,76,76,76,76,76],"card_choices":[{"not_picked":["Ball Lightning","Conserve Battery"],"picked":"Genetic Algorithm","floor":1},{"not_picked":["Barrage","Compile Driver"],"picked":"All For One","floor":4},{"not_picked":["Rip and Tear","Conserve Battery"],"picked":"Go for the Eyes","floor":5},{"not_picked":["Storm","Rebound"],"picked":"Machine Learning","floor":7},{"not_picked":["Loop","Barrage","Rebound"],"picked":"SKIP","floor":12},{"not_picked":["Redo","Recycle"],"picked":"Conserve Battery","floor":14},{"not_picked":["Meteor Strike","Reboot"],"picked":"Buffer","floor":16},{"not_picked":["Cold Snap","Steam Power"],"picked":"Leap","floor":17},{"not_picked":["Ball Lightning","BootSequence"],"picked":"Hologram","floor":17},{"not_picked":["Tempest","Go for the Eyes"],"picked":"Beam Cell","floor":17},{"not_picked":["Double Energy","Leap"],"picked":"Beam Cell","floor":17},{"not_picked":["Rebound","Redo"],"picked":"Stack","floor":17},{"not_picked":["Chill","Hello World"],"picked":"Coolheaded+1","floor":18},{"not_picked":["Recycle","Melter"],"picked":"Coolheaded","floor":20}],"player_experience":376739,"relics_obtained":[{"floor":7,"key":"War Paint"},{"floor":9,"key":"Gremlin Horn"},{"floor":20,"key":"StoneCalendar"},{"floor":20,"key":"Molten Egg 2"}],"event_choices":[{"cards_removed":["Strike_B"],"damage_healed":0,"gold_gain":0,"player_choice":"Card Removal","damage_taken":0,"max_hp_gain":0,"max_hp_loss":0,"event_name":"The Cleric","floor":2,"gold_loss":50},{"damage_healed":0,"gold_gain":0,"player_choice":"Lose Max HP","damage_taken":0,"relics_obtained":["Golden Idol"],"max_hp_gain":0,"max_hp_loss":6,"event_name":"Golden Idol","floor":3,"gold_loss":0},{"damage_healed":0,"gold_gain":0,"player_choice":"Bought 3 Potions","damage_taken":0,"max_hp_gain":0,"max_hp_loss":0,"event_name":"The Woman in Blue","floor":11,"gold_loss":0},{"damage_healed":0,"gold_gain":0,"cards_transformed":["Strike_B","Strike_B"],"player_choice":"Became Test Subject","damage_taken":0,"max_hp_gain":0,"max_hp_loss":0,"event_name":"Drug Dealer","floor":19,"gold_loss":0,"cards_obtained":["Rip and Tear","Cold Snap"]},{"damage_healed":0,"gold_gain":0,"player_choice":"Fight","damage_taken":0,"max_hp_gain":0,"max_hp_loss":0,"event_name":"Colosseum","floor":20,"gold_loss":0},{"damage_healed":0,"gold_gain":0,"player_choice":"Fought Nobs","damage_taken":0,"max_hp_gain":0,"max_hp_loss":0,"event_name":"Colosseum","floor":20,"gold_loss":0}],"is_beta":false,"boss_relics":[{"not_picked":["Coffee Dripper","Calling Bell"],"picked":"Orrery"}],"items_purged_floors":[13],"is_endless":false,"potions_floor_spawned":[5,20,20],"killed_by":"2 Thieves","ascension_level":12}