{"gold_per_floor":[113,16,29,29,29,43,69,83,83,115,115,145,145,6,6,80,80,92,92,105,120,138,167,167,167],"floor_reached":25,"playtime":2276,"items_purged":["Strike_R","Strike_R"],"score":423,"play_id":"35d04a89-3718-485e-afcb-df1ec8ae9782","local_time":"20190602170510","is_ascension_mode":true,"campfire_choices":[{"floor":13,"key":"REST"},{"data":"Rampage","floor":15,"key":"SMITH"},{"floor":24,"key":"REST"}],"neow_cost":"NONE","seed_source_timestamp":1116868816528288,"circlet_count":0,"master_deck":["AscendersBane","Strike_R","Strike_R","Defend_R","Defend_R","Defend_R","Defend_R","Bash+1","Headbutt","Pommel Strike+1","Rampage+1","Feed","True Grit","Flame Barrier","Dark Embrace","Metallicize","Demon Form","Thunderclap","Inflame","Shockwave","Shrug It Off+1"],"relics":["Burning Blood","NeowsBlessing","Self Forming Clay","Pocketwatch","Charon\u0027s Ashes","Omamori","Cursed Key","Nloth\u0027s Gift","Paper Frog"],"potions_floor_usage":[12,23,25],"damage_taken":[{"damage":0,"enemies":"Cultist","floor":1,"turns":1},{"damage":0,"enemies":"2 Louse","floor":3,"turns":1},{"damage":0,"enemies":"Jaw Worm","floor":6,"turns":1},{"damage":30,"enemies":"3 Sentries","floor":7,"turns":9},{"damage":16,"enemies":"Exordium Thugs","floor":8,"turns":5},{"damage":15,"enemies":"Lagavulin","floor":10,"turns":7},{"damage":13,"enemies":"3 Sentries","floor":12,"turns":5},{"damage":28,"enemies":"Hexaghost","floor":16,"turns":11},{"damage":16,"enemies":"2 Thieves","floor":18,"turns":4},{"damage":18,"enemies":"3 Byrds","floor":20,"turns":4},{"damage":23,"enemies":"3 Cultists","floor":21,"turns":6},{"damage":8,"enemies":"Centurion and Healer","floor":22,"turns":5},{"damage":35,"enemies":"Gremlin Leader","floor":23,"turns":7},{"damage":56,"enemies":"Slavers","floor":25,"turns":6}],"seed_played":"-6871092032679834336","potions_obtained":[{"floor":1,"key":"GamblersBrew"},{"floor":6,"key":"Explosive Potion"},{"floor":7,"key":"Dexterity Potion"},{"floor":12,"key":"Swift Potion"},{"floor":21,"key":"SpeedPotion"},{"floor":23,"key":"Strength Potion"}],"is_trial":false,"path_per_floor":["M","$","M","?","?","M","E","M","T","E","T","E","R","$","R","B",null,"M","?","M","M","M","E","R","E"],"character_chosen":"IRONCLAD","items_purchased":["Pommel Strike","Metallicize"],"campfire_rested":2,"item_purchase_floors":[2,14],"current_hp_per_floor":[78,78,80,73,57,63,39,32,32,26,26,22,48,48,48,26,73,66,66,57,43,44,18,49,0],"gold":167,"neow_bonus":"THREE_ENEMY_KILL","is_prod":false,"is_daily":false,"chose_seed":false,"campfire_upgraded":1,"win_rate":0,"timestamp":1559509510,"path_taken":["M","$","?","?","?","?","E","M","T","E","?","E","R","$","R","BOSS","M","?","M","?","M","E","R","E"],"build_version":"2019-01-23","purchased_purges":2,"victory":false,"max_hp_per_floor":[80,80,80,80,80,80,80,83,83,86,86,89,89,89,89,89,89,92,92,95,98,101,104,104,104],"card_choices":[{"not_picked":["Flex","Intimidate"],"picked":"Headbutt","floor":1},{"not_picked":["Sword Boomerang","Thunderclap"],"picked":"Rampage","floor":6},{"not_picked":["Twin Strike","Double Tap"],"picked":"Feed","floor":7},{"not_picked":["Thunderclap","Wild Strike"],"picked":"True Grit","floor":8},{"not_picked":["Rampage","Dual Wield"],"picked":"Flame Barrier","floor":10},{"not_picked":["Wild Strike","Pommel Strike"],"picked":"Dark Embrace","floor":12},{"not_picked":["Feed","Double Tap"],"picked":"Demon Form","floor":16},{"not_picked":["Rampage","Clash"],"picked":"Thunderclap","floor":18},{"not_picked":["Second Wind","Demon Form"],"picked":"Inflame","floor":20},{"not_picked":["Warcry","Body Slam"],"picked":"Shockwave","floor":21},{"not_picked":["Thunderclap","Body Slam","Feed"],"picked":"SKIP","floor":22},{"not_picked":["Searing Blow","Feel No Pain"],"picked":"Shrug It Off+1","floor":23}],"player_experience":432554,"relics_obtained":[{"floor":7,"key":"Self Forming Clay"},{"floor":9,"key":"Pocketwatch"},{"floor":10,"key":"Charon\u0027s Ashes"},{"floor":11,"key":"Shuriken"},{"floor":12,"key":"Omamori"},{"floor":23,"key":"Paper Frog"}],"event_choices":[{"cards_removed":["Strike_R"],"damage_healed":0,"gold_gain":0,"player_choice":"Card Removal","damage_taken":7,"max_hp_gain":0,"max_hp_loss":0,"event_name":"Golden Wing","floor":4,"gold_loss":0},{"damage_healed":0,"gold_gain":0,"player_choice":"Entered Light","damage_taken":16,"max_hp_gain":0,"max_hp_loss":0,"event_name":"Shining Light","floor":5,"gold_loss":0,"cards_upgraded":["Bash","Pommel Strike"]},{"damage_healed":0,"gold_gain":0,"player_choice":"Traded Relic","damage_taken":0,"relics_obtained":["Nloth\u0027s Gift"],"max_hp_gain":0,"max_hp_loss":0,"event_name":"N\u0027loth","floor":19,"relics_lost":["Shuriken"],"gold_loss":0}],"is_beta":false,"boss_relics":[{"not_picked":["Eternal Feather","Runic Pyramid"],"picked":"Cursed Key"}],"items_purged_floors":[2,14],"is_endless":false,"potions_floor_spawned":[1,6,7,12,21,23],"killed_by":"Slavers","ascension_level":13}