{"gold_per_floor":[109,122,133,133,133,133,146,177,177,177,207,217,217,317,317,414,414,424,49,49,65,85,111,125,125,203,203,228,228,260,277,277,375,375,393,393,393,407,425,453,453,464,464,476,476,558,558,575,575,575],"floor_reached":51,"playtime":6642,"items_purged":["Strike_B"],"score":871,"play_id":"7ceec0a4-7150-4a5b-b6b4-6e83db373e3f","local_time":"20190506141935","is_ascension_mode":true,"campfire_choices":[{"data":"Chill","floor":6,"key":"SMITH"},{"floor":10,"key":"REST"},{"data":"Blizzard","floor":15,"key":"SMITH"},{"data":"The Bomb","floor":25,"key":"SMITH"},{"data":"Coolheaded","floor":27,"key":"SMITH"},{"floor":32,"key":"REST"},{"floor":41,"key":"REST"},{"floor":45,"key":"REST"},{"data":"Conserve Battery","floor":49,"key":"SMITH"}],"neow_cost":"NONE","seed_source_timestamp":258352936857672,"circlet_count":0,"master_deck":["Strike_B+1","Defend_B+1","Defend_B+1","Defend_B+1","Defend_B+1","Zap+1","Dualcast+1","Sweeping Beam+1","Chill+1","Defragment+1","Leap+1","Blizzard+1","Coolheaded+1","BootSequence+1","Machine Learning+1","Defragment+1","The Bomb+1","Steam+1","Bandage Up+1","Coolheaded+1","Self Repair+1","Stack+1","Coolheaded+1","Machine Learning+1","Chaos+1","Electrodynamics+1","Writhe","Chaos+1","Conserve Battery+1","Go for the Eyes+1","Buffer+1","Conserve Battery+1"],"relics":["Cracked Core","NeowsBlessing","Bag of Preparation","Incense Burner","Symbiotic Virus","Odd Mushroom","Frozen Egg 2","Philosopher\u0027s Stone","Red Mask","Tiny Chest","DataDisk","Pantograph","Empty Cage","PreservedInsect","Dream Catcher","Gremlin Horn","Mark of the Bloom"],"potions_floor_usage":[16,16,22,30,31,35,42,42,50,50,50],"damage_taken":[{"damage":0,"enemies":"2 Louse","floor":1,"turns":1},{"damage":0,"enemies":"Small Slimes","floor":2,"turns":1},{"damage":0,"enemies":"Cultist","floor":3,"turns":1},{"damage":0,"enemies":"Gremlin Gang","floor":7,"turns":3},{"damage":17,"enemies":"Lagavulin","floor":8,"turns":7},{"damage":0,"enemies":"The Mushroom Lair","floor":11,"turns":3},{"damage":0,"enemies":"Large Slime","floor":12,"turns":4},{"damage":0,"enemies":"The Guardian","floor":16,"turns":12},{"damage":10,"enemies":"Shell Parasite","floor":18,"turns":8},{"damage":10,"enemies":"3 Byrds","floor":21,"turns":4},{"damage":0,"enemies":"Centurion and Healer","floor":22,"turns":6},{"damage":16,"enemies":"Masked Bandits","floor":23,"turns":3},{"damage":0,"enemies":"Chosen and Byrds","floor":24,"turns":5},{"damage":62,"enemies":"Gremlin Leader","floor":30,"turns":7},{"damage":11,"enemies":"Cultist and Chosen","floor":31,"turns":8},{"damage":48,"enemies":"Champ","floor":33,"turns":14},{"damage":33,"enemies":"3 Darklings","floor":35,"turns":5},{"damage":0,"enemies":"3 Shapes","floor":38,"turns":3},{"damage":26,"enemies":"Sphere and 2 Shapes","floor":39,"turns":7},{"damage":34,"enemies":"Reptomancer","floor":40,"turns":6},{"damage":11,"enemies":"Writhing Mass","floor":42,"turns":9},{"damage":14,"enemies":"Maw","floor":44,"turns":8},{"damage":0,"enemies":"Sphere and 2 Shapes","floor":48,"turns":3},{"damage":15,"enemies":"Awakened One","floor":50,"turns":14}],"seed_played":"9176984856031576200","potions_obtained":[{"floor":7,"key":"FearPotion"},{"floor":12,"key":"Explosive Potion"},{"floor":20,"key":"Explosive Potion"},{"floor":20,"key":"SteroidPotion"},{"floor":20,"key":"SneckoOil"},{"floor":22,"key":"GamblersBrew"},{"floor":23,"key":"Swift Potion"},{"floor":31,"key":"LiquidBronze"},{"floor":38,"key":"FearPotion"},{"floor":40,"key":"FearPotion"},{"floor":42,"key":"Explosive Potion"},{"floor":44,"key":"AttackPotion"}],"is_trial":false,"path_per_floor":["M","M","M","?","?","R","M","E","T","R","?","M","?","?","R","B",null,"M","$","?","M","M","?","M","R","T","R","T","?","E","M","R","B",null,"M","?","?","M","M","E","R","M","T","M","R","T","?","M","R","B",null],"character_chosen":"DEFECT","items_purchased":["The Bomb","Steam","Bandage Up"],"campfire_rested":4,"item_purchase_floors":[19,19,19],"current_hp_per_floor":[75,75,75,72,72,72,72,55,55,75,75,75,75,75,75,75,75,65,65,65,59,63,61,75,75,75,75,75,75,23,26,48,39,66,37,56,56,66,54,34,56,59,59,59,75,75,75,75,75,60],"gold":575,"neow_bonus":"THREE_ENEMY_KILL","is_prod":false,"is_daily":false,"chose_seed":false,"campfire_upgraded":5,"win_rate":0,"timestamp":1557177575,"path_taken":["M","M","M","?","?","R","M","E","T","R","?","M","?","?","R","BOSS","M","$","?","M","?","?","M","R","T","R","?","?","E","M","R","BOSS","M","?","?","M","M","E","R","M","T","M","R","?","?","M","R","BOSS"],"build_version":"2019-01-23","purchased_purges":1,"victory":true,"max_hp_per_floor":[75,75,75,75,75,75,75,75,75,75,75,75,75,75,75,75,75,75,75,75,75,75,75,75,75,75,75,75,75,75,75,75,75,75,75,75,75,75,75,75,75,75,75,75,75,75,75,75,75,75],"card_choices":[{"not_picked":["Turbo","Beam Cell"],"picked":"Sweeping Beam","floor":1},{"not_picked":["Stack","Steam"],"picked":"Chill","floor":2},{"not_picked":["Doom and Gloom","Steam"],"picked":"Defragment","floor":3},{"not_picked":["Chaos","White Noise"],"picked":"Leap","floor":7},{"not_picked":["Compile Driver","Capacitor"],"picked":"Blizzard","floor":8},{"not_picked":["Ball Lightning","Lockon"],"picked":"Coolheaded","floor":11},{"not_picked":["Beam Cell","Rip and Tear"],"picked":"BootSequence","floor":12},{"not_picked":["Amplify","Meteor Strike"],"picked":"Machine Learning+1","floor":16},{"not_picked":["Stack+1","Beam Cell"],"picked":"Defragment+1","floor":18},{"not_picked":["Undo","Turbo"],"picked":"Coolheaded","floor":21},{"not_picked":["Beam Cell","Rebound"],"picked":"Self Repair+1","floor":22},{"not_picked":["Streamline","Skim"],"picked":"Stack","floor":23},{"not_picked":["Gash","Melter"],"picked":"Coolheaded","floor":24},{"not_picked":["Storm+1","BootSequence+1"],"picked":"Machine Learning+1","floor":30},{"not_picked":["Rebound","Aggregate"],"picked":"Chaos+1","floor":31},{"not_picked":["All For One","Reboot"],"picked":"Electrodynamics+1","floor":33},{"not_picked":["Ball Lightning","Beam Cell","Streamline+1"],"picked":"SKIP","floor":35},{"not_picked":["Darkness","Hologram","Steam Power+1"],"picked":"SKIP","floor":38},{"not_picked":["Compile Driver+1","Barrage+1"],"picked":"Chaos+1","floor":39},{"not_picked":["Genetic Algorithm+1","Streamline","Heatsinks+1"],"picked":"SKIP","floor":40},{"not_picked":["Turbo","Consume"],"picked":"Conserve Battery","floor":42},{"not_picked":["Streamline","Cold Snap+1"],"picked":"Go for the Eyes+1","floor":44},{"not_picked":["Blizzard+1","Streamline"],"picked":"Buffer+1","floor":45},{"not_picked":["Gash+1","Self Repair+1"],"picked":"Conserve Battery","floor":48}],"player_experience":282414,"relics_obtained":[{"floor":8,"key":"Incense Burner"},{"floor":9,"key":"Symbiotic Virus"},{"floor":11,"key":"Odd Mushroom"},{"floor":23,"key":"Red Mask"},{"floor":26,"key":"Tiny Chest"},{"floor":28,"key":"DataDisk"},{"floor":30,"key":"Pantograph"},{"floor":40,"key":"PreservedInsect"},{"floor":43,"key":"Dream Catcher"},{"floor":46,"key":"Gremlin Horn"}],"event_choices":[{"damage_healed":0,"gold_gain":0,"player_choice":"Success","damage_taken":3,"relics_obtained":["Bag of Preparation"],"max_hp_gain":0,"max_hp_loss":0,"event_name":"Scrap Ooze","floor":4,"gold_loss":0},{"damage_healed":0,"gold_gain":0,"player_choice":"Grow","damage_taken":0,"max_hp_gain":0,"max_hp_loss":0,"event_name":"Living Wall","floor":5,"gold_loss":0,"cards_upgraded":["Sweeping Beam"]},{"damage_healed":0,"gold_gain":0,"player_choice":"Fought Mushrooms","damage_taken":0,"max_hp_gain":0,"max_hp_loss":0,"event_name":"Mushrooms","floor":11,"gold_loss":0},{"damage_healed":0,"gold_gain":0,"player_choice":"Searched \u00271\u0027 times","damage_taken":0,"relics_obtained":["Frozen Egg 2"],"max_hp_gain":0,"max_hp_loss":0,"event_name":"Dead Adventurer","floor":13,"gold_loss":0},{"damage_healed":0,"gold_gain":100,"player_choice":"Pray","damage_taken":0,"max_hp_gain":0,"max_hp_loss":0,"event_name":"Golden Shrine","floor":14,"gold_loss":0},{"damage_healed":0,"gold_gain":0,"player_choice":"Got Potions","damage_taken":0,"max_hp_gain":0,"max_hp_loss":0,"event_name":"Lab","floor":20,"gold_loss":0},{"damage_healed":0,"gold_gain":0,"player_choice":"Fought Bandits","damage_taken":0,"max_hp_gain":0,"max_hp_loss":0,"event_name":"Masked Bandits","floor":23,"gold_loss":0},{"damage_healed":0,"gold_gain":0,"player_choice":"Ignored","damage_taken":0,"max_hp_gain":0,"max_hp_loss":0,"event_name":"Vampires","floor":29,"gold_loss":0},{"damage_healed":19,"gold_gain":0,"player_choice":"Writhe","damage_taken":0,"max_hp_gain":0,"max_hp_loss":0,"event_name":"Winding Halls","floor":36,"gold_loss":0,"cards_obtained":["Writhe"]},{"damage_healed":0,"gold_gain":0,"player_choice":"Ignored","damage_taken":0,"max_hp_gain":0,"max_hp_loss":0,"event_name":"Mysterious Sphere","floor":37,"gold_loss":0},{"damage_healed":0,"gold_gain":0,"player_choice":"Upgrade","damage_taken":0,"relics_obtained":["Mark of the Bloom"],"max_hp_gain":0,"max_hp_loss":0,"event_name":"MindBloom","floor":47,"gold_loss":0,"cards_upgraded":["Strike_B","Defend_B","Defend_B","Defend_B","Defend_B","Zap","Dualcast","Defragment","Leap","Coolheaded","BootSequence","Steam","Bandage Up","Coolheaded","Stack","Conserve Battery"]}],"is_beta":false,"boss_relics":[{"not_picked":["Cursed Key","Eternal Feather"],"picked":"Philosopher\u0027s Stone"},{"not_picked":["Tiny House","Coffee Dripper"],"picked":"Empty Cage"}],"items_purged_floors":[19],"is_endless":false,"potions_floor_spawned":[7,12,22,23,24,31,38,40,42,44],"ascension_level":5}