{"gold_per_floor":[112,37,37,51,226,241,260,260,260,260,342,352,369,105,105,210,210,229,328,22,39,0,0,0,0,57,72,72],"floor_reached":28,"playtime":727,"items_purged":["Defend_R","Doubt"],"score":208,"play_id":"2506cbc9-1575-4569-92f8-e450b55f5dd6","local_time":"20181124210002","is_ascension_mode":false,"campfire_choices":[{"data":"Bash","floor":10,"key":"SMITH"},{"data":"Purity","floor":15,"key":"SMITH"},{"floor":23,"key":"RECALL"},{"data":"Rage","floor":25,"key":"SMITH"}],"neow_cost":"PERCENT_DAMAGE","seed_source_timestamp":96714071632233,"circlet_count":0,"master_deck":["Bash+1","Twin Strike","Rage+1","Twin Strike","True Grit","Disarm","Clash","Purity+1","Thunderclap","Cleave","Heavy Blade","Heavy Blade","Twin Strike","Clash","Flex","Armaments+1"],"relics":["Burning Blood","Mummified Hand","Lantern","Pandora\u0027s Box","FossilizedHelix","Tiny Chest"],"potions_floor_usage":[12,18,27],"damage_taken":[{"damage":8,"enemies":"Jaw Worm","floor":1,"turns":6},{"damage":1,"enemies":"Cultist","floor":4,"turns":3},{"damage":0,"enemies":"Small Slimes","floor":6,"turns":5},{"damage":8,"enemies":"Blue Slaver","floor":7,"turns":3},{"damage":0,"enemies":"3 Louse","floor":12,"turns":2},{"damage":18,"enemies":"Exordium Thugs","floor":13,"turns":5},{"damage":53,"enemies":"Slime Boss","floor":16,"turns":13},{"damage":22,"enemies":"3 Byrds","floor":18,"turns":12},{"damage":11,"enemies":"Chosen","floor":21,"turns":4},{"damage":16,"enemies":"Snake Plant","floor":27,"turns":3},{"damage":53,"enemies":"Book of Stabbing","floor":28,"turns":4}],"seed_played":"5314071509020405409","potions_obtained":[{"floor":6,"key":"Explosive Potion"},{"floor":7,"key":"GamblersBrew"},{"floor":18,"key":"Block Potion"}],"is_trial":false,"path_per_floor":["M","$","?","M","?","M","M","?","T","R","T","M","M","$","R","B",null,"M","?","$","M","?","R","$","R","T","M","E"],"character_chosen":"IRONCLAD","items_purchased":["Disarm","Clash","Purity","FossilizedHelix"],"campfire_rested":0,"item_purchase_floors":[14,14,14,20],"current_hp_per_floor":[54,54,54,59,59,65,63,60,60,60,60,66,54,54,54,7,80,64,64,64,59,59,59,59,59,59,49,0],"gold":72,"neow_bonus":"REMOVE_TWO","is_prod":false,"is_daily":false,"chose_seed":false,"campfire_upgraded":3,"win_rate":0,"timestamp":1543089602,"path_taken":["M","$","?","?","?","M","M","?","T","R","?","M","M","$","R","BOSS","M","?","$","M","?","R","$","R","T","M","E"],"build_version":"2018-11-15","purchased_purges":2,"victory":false,"max_hp_per_floor":[80,80,80,80,80,80,80,80,80,80,80,80,80,80,80,80,80,80,80,80,80,80,80,80,80,80,80,80],"card_choices":[{"not_picked":["Blood for Blood","Sentinel"],"picked":"Twin Strike","floor":1},{"not_picked":["Clothesline","Thunderclap"],"picked":"Rage","floor":4},{"not_picked":["Flex","Havoc"],"picked":"Twin Strike","floor":6},{"not_picked":["Burning Pact","Body Slam"],"picked":"True Grit","floor":7},{"not_picked":["True Grit","Body Slam","Sword Boomerang"],"picked":"SKIP","floor":12},{"not_picked":["Sword Boomerang","Warcry","Brutality"],"picked":"SKIP","floor":13},{"not_picked":["Thunderclap","Evolve"],"picked":"Clash","floor":18},{"not_picked":["Corruption","Pommel Strike"],"picked":"Flex","floor":21},{"not_picked":["Ghostly Armor","Shrug It Off"],"picked":"Armaments+1","floor":27}],"player_experience":135121,"relics_obtained":[{"floor":9,"key":"Lantern"},{"floor":26,"key":"Tiny Chest"}],"event_choices":[{"cards_removed":["Strike_R"],"damage_healed":0,"gold_gain":0,"player_choice":"Offered Basic","damage_taken":0,"max_hp_gain":0,"max_hp_loss":0,"event_name":"Bonfire Elementals","floor":3,"gold_loss":0},{"damage_healed":0,"gold_gain":175,"player_choice":"AGREE","damage_taken":0,"max_hp_gain":0,"max_hp_loss":0,"event_name":"Liars Game","floor":5,"gold_loss":0,"cards_obtained":["Doubt"]},{"damage_healed":0,"gold_gain":0,"player_choice":"Success","damage_taken":3,"relics_obtained":["Mummified Hand"],"max_hp_gain":0,"max_hp_loss":0,"event_name":"Scrap Ooze","floor":8,"gold_loss":0},{"damage_healed":0,"gold_gain":99,"player_choice":"Stole From Cult","damage_taken":0,"max_hp_gain":0,"max_hp_loss":0,"event_name":"Nest","floor":19,"gold_loss":0},{"damage_healed":0,"gold_gain":0,"player_choice":"Paid Fearfully","damage_taken":0,"max_hp_gain":0,"max_hp_loss":0,"event_name":"Masked Bandits","floor":22,"gold_loss":39}],"is_beta":false,"boss_relics":[{"not_picked":["Runic Cube","Fusion Hammer"],"picked":"Pandora\u0027s Box"}],"items_purged_floors":[2,14],"is_endless":false,"potions_floor_spawned":[6,7,18],"killed_by":"Book of Stabbing","ascension_level":0}