{"gold_per_floor":[117,127,127,127,127,127,158,158,205,205,240,253,285,302,302,379,379,396,313,329,175,175,207,207,207],"floor_reached":25,"playtime":826,"items_purged":["Strike_R"],"score":524,"play_id":"0cb933a4-0fbe-4778-b00b-54e4a131496c","local_time":"20190426214124","is_ascension_mode":true,"campfire_choices":[{"data":"Bash","floor":6.0,"key":"SMITH"},{"data":"Whirlwind","floor":8.0,"key":"SMITH"},{"data":"Shockwave","floor":15.0,"key":"SMITH"},{"data":"True Grit","floor":24.0,"key":"SMITH"}],"neow_cost":"NONE","seed_source_timestamp":0,"circlet_count":0,"master_deck":["AscendersBane","Strike_R","Strike_R","Strike_R+1","Strike_R","Defend_R","Defend_R","Defend_R","Defend_R+1","Bash+1","Carnage","Havoc+1","Whirlwind+1","Shockwave+1","Battle Trance","Metallicize","True Grit+1","Offering","Uppercut","Flame Barrier","Feel No Pain","Spot Weakness"],"special_seed":0,"relics":["Burning Blood","NeowsBlessing","Matryoshka","Pear","Pantograph","Dream Catcher","Boot","Ornamental Fan","Philosopher\u0027s Stone","FaceOfCleric","Pen Nib"],"potions_floor_usage":[25],"damage_taken":[{"damage":0.0,"enemies":"2 Louse","floor":1.0,"turns":1.0},{"damage":0.0,"enemies":"Small Slimes","floor":2.0,"turns":1.0},{"damage":0.0,"enemies":"3 Sentries","floor":7.0,"turns":2.0},{"damage":31.0,"enemies":"Gremlin Nob","floor":11.0,"turns":4.0},{"damage":9.0,"enemies":"Jaw Worm","floor":12.0,"turns":5.0},{"damage":12.0,"enemies":"Lagavulin","floor":13.0,"turns":6.0},{"damage":11.0,"enemies":"Exordium Thugs","floor":14.0,"turns":4.0},{"damage":20.0,"enemies":"Hexaghost","floor":16.0,"turns":8.0},{"damage":13.0,"enemies":"Shell Parasite","floor":18.0,"turns":3.0},{"damage":17.0,"enemies":"2 Thieves","floor":20.0,"turns":3.0},{"damage":22.0,"enemies":"Gremlin Leader","floor":23.0,"turns":5.0},{"damage":47,"enemies":"Slavers","floor":25,"turns":3}],"seed_played":"383862542370980170","potions_obtained":[{"floor":7.0,"key":"Regen Potion"},{"floor":11.0,"key":"Energy Potion"},{"floor":14.0,"key":"EntropicBrew"},{"floor":18.0,"key":"Strength Potion"}],"is_trial":false,"path_per_floor":["M","M","?","?","?","R","E","R","T","?","E","M","E","M","R","B",null,"M","$","M","$","?","E","R","E"],"character_chosen":"IRONCLAD","items_purchased":["Flame Barrier","Spot Weakness"],"campfire_rested":0,"item_purchase_floors":[19,21],"current_hp_per_floor":[74,75,75,70,70,70,85,85,85,59,34,45,39,34,34,45,75,68,68,57,57,57,42,42,0],"gold":207,"neow_bonus":"THREE_ENEMY_KILL","is_prod":false,"is_daily":false,"chose_seed":false,"campfire_upgraded":4,"win_rate":0,"timestamp":1556289684,"path_taken":["M","M","?","?","?","R","E","R","T","?","E","M","E","M","R","BOSS","M","$","M","$","?","E","R","E"],"build_version":"2019-01-23","purchased_purges":1,"victory":false,"max_hp_per_floor":[75,75,75,75,75,75,85,85,85,85,85,85,85,85,85,85,85,85,85,85,85,85,86,86,86],"card_choices":[{"not_picked":["Twin Strike","Entrench"],"picked":"Carnage","floor":1.0},{"not_picked":["Sword Boomerang","Sever Soul"],"picked":"Havoc","floor":2.0},{"not_picked":["Sword Boomerang","True Grit"],"picked":"Whirlwind","floor":7.0},{"not_picked":["Twin Strike","Whirlwind"],"picked":"Shockwave","floor":11.0},{"not_picked":["Dual Wield","Metallicize"],"picked":"Battle Trance","floor":12.0},{"not_picked":["Bloodletting","Iron Wave"],"picked":"Metallicize","floor":13.0},{"not_picked":["Sword Boomerang","Flex"],"picked":"True Grit","floor":14.0},{"not_picked":["Dark Embrace","Juggernaut"],"picked":"Offering","floor":16.0},{"not_picked":["Infernal Blade","Heavy Blade"],"picked":"Uppercut","floor":18.0},{"not_picked":["Infernal Blade","Clash+1"],"picked":"Feel No Pain","floor":20.0},{"not_picked":["Clothesline","Dual Wield","Armaments"],"picked":"SKIP","floor":23.0}],"player_experience":441939,"relics_obtained":[{"floor":7.0,"key":"Pear"},{"floor":9.0,"key":"Pantograph"},{"floor":9.0,"key":"Dream Catcher"},{"floor":11.0,"key":"Boot"},{"floor":13.0,"key":"Ornamental Fan"},{"floor":23.0,"key":"Pen Nib"}],"event_choices":[{"damage_healed":0.0,"max_hp_gain":0.0,"max_hp_loss":0.0,"gold_gain":0.0,"event_name":"Living Wall","player_choice":"Grow","floor":3.0,"gold_loss":0.0,"damage_taken":0.0,"cards_upgraded":["Havoc"]},{"damage_healed":0.0,"max_hp_gain":0.0,"max_hp_loss":0.0,"gold_gain":0.0,"event_name":"Scrap Ooze","player_choice":"Success","floor":4.0,"gold_loss":0.0,"damage_taken":5.0,"relics_obtained":["Matryoshka"]},{"damage_healed":0.0,"max_hp_gain":0.0,"max_hp_loss":0.0,"gold_gain":0.0,"event_name":"Liars Game","player_choice":"Ignored","floor":5.0,"gold_loss":0.0,"damage_taken":0.0},{"damage_healed":0.0,"max_hp_gain":0.0,"max_hp_loss":0.0,"gold_gain":0.0,"event_name":"Shining Light","player_choice":"Entered Light","floor":10.0,"gold_loss":0.0,"damage_taken":26.0,"cards_upgraded":["Strike_R","Defend_R"]},{"damage_healed":0.0,"max_hp_gain":0.0,"max_hp_loss":0.0,"gold_gain":0.0,"event_name":"FaceTrader","player_choice":"Trade","floor":22.0,"gold_loss":0.0,"damage_taken":0.0,"relics_obtained":["FaceOfCleric"]}],"is_beta":false,"boss_relics":[{"not_picked":["Black Star","Black Blood"],"picked":"Philosopher\u0027s Stone"}],"items_purged_floors":[21],"is_endless":false,"potions_floor_spawned":[7,11,14,18],"killed_by":"Slavers","ascension_level":20}