{"gold_per_floor":[109,125,125,144,50,84,84,114,139,70,70,70,87,152,152,251,251,267,287,303,8,21,52,52,52,125,159,183,198,212,226,226,226],"floor_reached":33,"playtime":2564,"items_purged":[],"score":482,"play_id":"66da80db-34d7-4f89-9a82-7b91910e75cd","local_time":"20190323024717","is_ascension_mode":true,"campfire_choices":[{"data":"Hyperbeam","floor":7,"key":"SMITH"},{"data":"Genetic Algorithm","floor":11,"key":"SMITH"},{"data":"Skim","floor":15,"key":"SMITH"},{"data":"Hyperbeam","floor":24,"key":"SMITH"},{"floor":32,"key":"REST"}],"neow_cost":"NONE","seed_source_timestamp":9306401690845,"circlet_count":0,"master_deck":["Strike_B","Strike_B","Strike_B","Strike_B","Defend_B","Defend_B","Defend_B","Defend_B","Dualcast","Hyperbeam+1","Conserve Battery","Genetic Algorithm+1","Rebound","Conserve Battery","Reprogram","Self Repair+1","Rebound+1","Skim+1","Hyperbeam+1","FTL","Hologram","Go for the Eyes+1","Hologram+1","White Noise+1","Beam Cell+1"],"relics":["Cracked Core","Ancient Tea Set","Lantern","Potion Belt","Tiny Chest","Philosopher\u0027s Stone","Bottled Flame","Mummified Hand","Molten Egg 2","Question Card","Whetstone","DataDisk"],"potions_floor_usage":[6,16,16,22,27,31,33],"damage_taken":[{"damage":7,"enemies":"Jaw Worm","floor":1,"turns":3},{"damage":0,"enemies":"Cultist","floor":2,"turns":3},{"damage":3,"enemies":"Small Slimes","floor":4,"turns":2},{"damage":0,"enemies":"Gremlin Nob","floor":6,"turns":2},{"damage":0,"enemies":"3 Sentries","floor":8,"turns":2},{"damage":0,"enemies":"Blue Slaver","floor":13,"turns":2},{"damage":16,"enemies":"Lagavulin","floor":14,"turns":6},{"damage":31,"enemies":"Hexaghost","floor":16,"turns":7},{"damage":5,"enemies":"Shell Parasite","floor":18,"turns":4},{"damage":7,"enemies":"Chosen","floor":19,"turns":2},{"damage":0,"enemies":"Centurion and Healer","floor":20,"turns":2},{"damage":10,"enemies":"Shelled Parasite and Fungi","floor":22,"turns":4},{"damage":21,"enemies":"Gremlin Leader","floor":23,"turns":4},{"damage":39,"enemies":"Book of Stabbing","floor":27,"turns":5},{"damage":0,"enemies":"Sentry and Sphere","floor":29,"turns":2},{"damage":0,"enemies":"3 Cultists","floor":30,"turns":2},{"damage":11,"enemies":"Snecko","floor":31,"turns":4},{"damage":41,"enemies":"Champ","floor":33,"turns":7}],"seed_played":"-4835144757400248755","potions_obtained":[{"floor":1,"key":"FearPotion"},{"floor":2,"key":"PowerPotion"},{"floor":6,"key":"LiquidBronze"},{"floor":18,"key":"Ancient Potion"},{"floor":20,"key":"Explosive Potion"},{"floor":27,"key":"PowerPotion"},{"floor":29,"key":"Weak Potion"},{"floor":30,"key":"Explosive Potion"}],"is_trial":false,"path_per_floor":["M","M","?","M","$","E","R","E","T","$","R","?","M","E","R","B",null,"M","M","M","$","M","E","R","T","T","E","T","M","M","M","R","B"],"character_chosen":"DEFECT","items_purchased":["Genetic Algorithm","Rebound","Self Repair","Bottled Flame","SkillPotion"],"campfire_rested":1,"item_purchase_floors":[5,5,10,21,21],"current_hp_per_floor":[61,61,54,51,51,51,51,51,51,51,51,51,51,45,45,24,62,67,60,60,60,60,49,49,49,49,20,20,20,20,19,41,0],"gold":226,"neow_bonus":"ONE_RANDOM_RARE_CARD","is_prod":false,"is_daily":false,"chose_seed":false,"campfire_upgraded":4,"win_rate":0,"timestamp":1553323637,"path_taken":["M","M","?","M","$","E","R","E","T","$","R","?","M","E","R","BOSS","M","?","M","$","M","E","R","?","T","E","?","M","?","M","R","BOSS"],"build_version":"2019-01-23","purchased_purges":0,"victory":false,"max_hp_per_floor":[75,75,75,75,75,75,75,75,75,75,75,75,75,75,75,75,75,75,75,75,75,75,75,75,75,75,75,75,75,75,75,75,75],"card_choices":[{"not_picked":["Rip and Tear","Compile Driver","Turbo"],"picked":"SKIP","floor":1},{"not_picked":["Aggregate","Lockon","Barrage"],"picked":"SKIP","floor":2},{"not_picked":["Loop","Compile Driver"],"picked":"Conserve Battery","floor":4},{"not_picked":["Multi-Cast","Reprogram"],"picked":"Conserve Battery","floor":6},{"not_picked":["Double Energy","Leap"],"picked":"Reprogram","floor":8},{"not_picked":["Defragment","Steam"],"picked":"Rebound","floor":13},{"not_picked":["Conserve Battery","Cold Snap"],"picked":"Skim","floor":14},{"not_picked":["Electrodynamics","Creative AI"],"picked":"Hyperbeam","floor":16},{"not_picked":["Leap+1","Melter"],"picked":"FTL","floor":18},{"not_picked":["Coolheaded+1","Aggregate"],"picked":"Hologram","floor":19},{"not_picked":["Turbo","Leap","Rebound+1"],"picked":"SKIP","floor":20},{"not_picked":["Steam+1","Conserve Battery"],"picked":"Go for the Eyes","floor":22},{"not_picked":["Fusion","Compile Driver"],"picked":"Hologram+1","floor":23},{"not_picked":["Meteor Strike+1","Ball Lightning+1","Conserve Battery","Streamline+1"],"picked":"SKIP","floor":27},{"not_picked":["Compile Driver+1","Barrage+1","Leap","Rebound+1"],"picked":"SKIP","floor":29},{"not_picked":["Lockon+1","Capacitor","Chill"],"picked":"White Noise+1","floor":30},{"not_picked":["Sunder+1","Aggregate","Loop+1"],"picked":"Beam Cell+1","floor":31}],"player_experience":244558,"relics_obtained":[{"floor":6,"key":"Ancient Tea Set"},{"floor":8,"key":"Lantern"},{"floor":9,"key":"Potion Belt"},{"floor":14,"key":"Tiny Chest"},{"floor":23,"key":"Mummified Hand"},{"floor":25,"key":"Molten Egg 2"},{"floor":26,"key":"Question Card"},{"floor":27,"key":"Whetstone"},{"floor":28,"key":"DataDisk"}],"event_choices":[{"cards_removed":["Zap"],"damage_healed":0,"gold_gain":0,"player_choice":"Card Removal","damage_taken":7,"max_hp_gain":0,"max_hp_loss":0,"event_name":"Golden Wing","floor":3,"gold_loss":0},{"damage_healed":0,"gold_gain":0,"player_choice":"Upgraded","damage_taken":0,"max_hp_gain":0,"max_hp_loss":0,"event_name":"Upgrade Shrine","floor":12,"gold_loss":0,"cards_upgraded":["Self Repair"]}],"is_beta":false,"boss_relics":[{"not_picked":["Cursed Key","Black Star"],"picked":"Philosopher\u0027s Stone"}],"items_purged_floors":[],"is_endless":false,"potions_floor_spawned":[1,2,6,18,20,27,29,30],"killed_by":"Champ","ascension_level":7}