{"gold_per_floor":[113,113,113,132,61,92,92,107,180,194,219,219,12,22,22,124,124,141,153,153],"floor_reached":20,"playtime":978,"items_purged":["Strike_R"],"score":261,"play_id":"c03e2c55-c52d-405a-9b39-ed0ebd486a52","local_time":"20190530133618","is_ascension_mode":true,"campfire_choices":[{"data":"Flame Barrier","floor":7.0,"key":"SMITH"},{"data":"Entrench","floor":12.0,"key":"SMITH"},{"floor":15.0,"key":"REST"}],"neow_cost":"NONE","seed_source_timestamp":104122265794900,"circlet_count":0,"master_deck":["Strike_R","Strike_R","Strike_R","Strike_R","Defend_R","Defend_R","Defend_R","Bash","Battle Trance","Flame Barrier+1","Heavy Blade","Entrench+1","Headbutt","Body Slam","Metallicize"],"special_seed":0,"relics":["Black Blood","NeowsBlessing","Smiling Mask","Bag of Marbles","Letter Opener","Unceasing Top","Potion Belt"],"potions_floor_usage":[20,20,20],"damage_taken":[{"damage":0.0,"enemies":"Cultist","floor":1.0,"turns":1.0},{"damage":0.0,"enemies":"2 Louse","floor":4.0,"turns":1.0},{"damage":0.0,"enemies":"3 Sentries","floor":6.0,"turns":1.0},{"damage":0.0,"enemies":"Jaw Worm","floor":8.0,"turns":4.0},{"damage":6.0,"enemies":"Exordium Thugs","floor":10.0,"turns":5.0},{"damage":53.0,"enemies":"Lagavulin","floor":11.0,"turns":11.0},{"damage":1.0,"enemies":"2 Fungi Beasts","floor":14.0,"turns":2.0},{"damage":32.0,"enemies":"The Guardian","floor":16.0,"turns":15.0},{"damage":32.0,"enemies":"Spheric Guardian","floor":18.0,"turns":9.0},{"damage":17.0,"enemies":"Chosen","floor":19.0,"turns":8.0},{"damage":47,"enemies":"Sentry and Sphere","floor":20,"turns":7}],"seed_played":"9185413221911209024","potions_obtained":[{"floor":1.0,"key":"LiquidBronze"},{"floor":4.0,"key":"Ancient Potion"},{"floor":10.0,"key":"EntropicBrew"},{"floor":11.0,"key":"Explosive Potion"},{"floor":14.0,"key":"Weak Potion"},{"floor":18.0,"key":"AttackPotion"},{"floor":19.0,"key":"Ancient Potion"}],"is_trial":false,"path_per_floor":["M","?","?","M","$","E","R","M","T","M","E","R","$","M","R","B",null,"M","M","M"],"character_chosen":"IRONCLAD","items_purchased":["Flame Barrier","Potion Belt"],"campfire_rested":1,"item_purchase_floors":[5,13],"current_hp_per_floor":[80,73,66,72,72,78,78,80,80,80,33,33,33,38,62,36,69,47,40,0],"gold":153,"neow_bonus":"THREE_ENEMY_KILL","is_prod":false,"is_daily":false,"chose_seed":false,"campfire_upgraded":2,"win_rate":0,"timestamp":1559248578,"path_taken":["M","?","?","M","$","E","R","M","T","?","E","R","$","M","R","BOSS","M","M","M"],"build_version":"2019-01-23","purchased_purges":1,"victory":false,"max_hp_per_floor":[80,80,80,80,80,80,80,80,80,80,80,80,80,80,80,80,80,80,80,80],"card_choices":[{"not_picked":["Perfected Strike","Disarm","True Grit"],"picked":"SKIP","floor":1.0},{"not_picked":["Warcry","Armaments"],"picked":"Battle Trance","floor":4.0},{"not_picked":["Whirlwind","True Grit","Uppercut"],"picked":"SKIP","floor":6.0},{"not_picked":["True Grit","Whirlwind"],"picked":"Heavy Blade","floor":8.0},{"not_picked":["Seeing Red","Spot Weakness"],"picked":"Entrench","floor":10.0},{"not_picked":["Offering","Thunderclap","Fire Breathing"],"picked":"SKIP","floor":11.0},{"not_picked":["Reckless Charge","Wild Strike"],"picked":"Headbutt","floor":14.0},{"not_picked":["Combust","Sentinel"],"picked":"Body Slam","floor":18.0},{"not_picked":["Cleave","Spot Weakness+1"],"picked":"Metallicize","floor":19.0}],"player_experience":142880,"relics_obtained":[{"floor":6.0,"key":"Bag of Marbles"},{"floor":9.0,"key":"Letter Opener"},{"floor":11.0,"key":"Unceasing Top"}],"event_choices":[{"damage_healed":0.0,"max_hp_gain":0.0,"max_hp_loss":0.0,"gold_gain":0.0,"event_name":"Scrap Ooze","player_choice":"Success","floor":2.0,"gold_loss":0.0,"damage_taken":7.0,"relics_obtained":["Smiling Mask"]},{"cards_removed":["Defend_R"],"damage_healed":0.0,"max_hp_gain":0.0,"max_hp_loss":0.0,"gold_gain":0.0,"event_name":"Golden Wing","player_choice":"Card Removal","floor":3.0,"gold_loss":0.0,"damage_taken":7.0}],"is_beta":false,"boss_relics":[{"not_picked":["Mark of Pain","Cursed Key"],"picked":"Black Blood"}],"items_purged_floors":[13],"is_endless":false,"potions_floor_spawned":[1,4,10,11,14,18,19],"killed_by":"Sentry and Sphere","ascension_level":5}