{"gold_per_floor":[11,11,26,43,63,63,79,79,160,160,172,190,209,209,209,287,287,301,301,216,216,315,315],"floor_reached":23,"playtime":1168,"items_purged":[],"score":302,"play_id":"462f4ea6-cb40-4b87-9888-c13dba72d969","local_time":"20190516193641","is_ascension_mode":true,"campfire_choices":[{"data":"Zap","floor":6,"key":"SMITH"},{"data":"Streamline","floor":8,"key":"SMITH"},{"floor":15,"key":"REST"}],"neow_cost":"NO_GOLD","seed_source_timestamp":636870937176920,"circlet_count":0,"master_deck":["AscendersBane","Defend_B","Defend_B","Defend_B","Defend_B","Zap+1","Dualcast","Reinforced Body","Recycle","Streamline+1","Conserve Battery","FTL","Capacitor","Reboot","Recycle","Decay"],"relics":["Cracked Core","Symbiotic Virus","Philosopher\u0027s Stone","Emotion Chip"],"potions_floor_usage":[16,18,21],"damage_taken":[{"damage":0,"enemies":"2 Louse","floor":1,"turns":4},{"damage":1,"enemies":"Cultist","floor":3,"turns":5},{"damage":0,"enemies":"Small Slimes","floor":4,"turns":4},{"damage":2,"enemies":"2 Fungi Beasts","floor":5,"turns":4},{"damage":0,"enemies":"3 Louse","floor":7,"turns":4},{"damage":3,"enemies":"Exordium Thugs","floor":11,"turns":4},{"damage":9,"enemies":"Blue Slaver","floor":12,"turns":4},{"damage":1,"enemies":"Large Slime","floor":13,"turns":5},{"damage":1,"enemies":"Slime Boss","floor":16,"turns":6},{"damage":15,"enemies":"2 Thieves","floor":18,"turns":4},{"damage":56,"enemies":"Colosseum Slavers","floor":21,"turns":5},{"damage":12,"enemies":"Gremlin Leader","floor":23,"turns":1}],"seed_played":"-7467443719629539605","potions_obtained":[{"floor":1,"key":"SneckoOil"},{"floor":3,"key":"SteroidPotion"},{"floor":12,"key":"FocusPotion"},{"floor":16,"key":"Regen Potion"}],"is_trial":false,"path_per_floor":["M","?","M","M","M","R","M","R","T","?","M","M","M","?","R","B",null,"M","?","?","?","?","E"],"character_chosen":"DEFECT","items_purchased":[],"campfire_rested":1,"item_purchase_floors":[],"current_hp_per_floor":[68,68,67,67,65,65,65,65,65,65,62,53,52,45,67,66,73,67,67,67,11,11,0],"gold":315,"neow_bonus":"REMOVE_TWO","is_prod":false,"is_daily":false,"chose_seed":false,"campfire_upgraded":2,"win_rate":0,"timestamp":1558060601,"path_taken":["M","?","M","?","M","R","M","R","T","?","M","M","M","?","R","BOSS","M","?","?","?","?","E"],"build_version":"2019-01-23","purchased_purges":0,"victory":false,"max_hp_per_floor":[75,75,75,75,75,75,75,75,75,75,75,75,75,75,75,75,75,75,75,75,75,75,75],"card_choices":[{"not_picked":["Go for the Eyes","Gash"],"picked":"Reinforced Body","floor":1},{"not_picked":["Rip and Tear","Coolheaded"],"picked":"Recycle","floor":3},{"not_picked":["Consume","Lockon"],"picked":"Streamline","floor":4},{"not_picked":["Barrage","Beam Cell"],"picked":"Conserve Battery","floor":5},{"not_picked":["Steam","Auto Shields","Coolheaded"],"picked":"SKIP","floor":7},{"not_picked":["Stack","Meteor Strike"],"picked":"FTL","floor":11},{"not_picked":["Consume","Ball Lightning","Sweeping Beam"],"picked":"SKIP","floor":12},{"not_picked":["Leap","Fusion"],"picked":"Capacitor","floor":13},{"not_picked":["Creative AI","Electrodynamics"],"picked":"Reboot","floor":16},{"not_picked":["Compile Driver","Gash"],"picked":"Recycle","floor":18}],"player_experience":598518,"relics_obtained":[{"floor":9,"key":"Symbiotic Virus"}],"event_choices":[{"cards_removed":["Strike_B"],"damage_healed":0,"gold_gain":0,"player_choice":"Offered Basic","damage_taken":0,"max_hp_gain":0,"max_hp_loss":0,"event_name":"Bonfire Elementals","floor":2,"gold_loss":0},{"damage_healed":0,"gold_gain":0,"player_choice":"Ignored","damage_taken":0,"max_hp_gain":0,"max_hp_loss":0,"event_name":"Liars Game","floor":10,"gold_loss":0},{"cards_removed":["Strike_B"],"damage_healed":0,"gold_gain":0,"player_choice":"Card Removal","damage_taken":7,"max_hp_gain":0,"max_hp_loss":0,"event_name":"Golden Wing","floor":14,"gold_loss":0},{"damage_healed":0,"gold_gain":0,"player_choice":"Smashed Altar","damage_taken":0,"max_hp_gain":0,"max_hp_loss":0,"event_name":"Forgotten Altar","floor":19,"gold_loss":0,"cards_obtained":["Decay"]},{"damage_healed":0,"gold_gain":0,"player_choice":"Obtained Relic","damage_taken":0,"relics_obtained":["Emotion Chip"],"max_hp_gain":0,"max_hp_loss":0,"event_name":"Addict","floor":20,"gold_loss":85},{"damage_healed":0,"gold_gain":0,"player_choice":"Fight","damage_taken":0,"max_hp_gain":0,"max_hp_loss":0,"event_name":"Colosseum","floor":21,"gold_loss":0},{"damage_healed":0,"gold_gain":0,"player_choice":"Fled From Nobs","damage_taken":0,"max_hp_gain":0,"max_hp_loss":0,"event_name":"Colosseum","floor":21,"gold_loss":0},{"damage_healed":0,"gold_gain":99,"player_choice":"Stole From Cult","damage_taken":0,"max_hp_gain":0,"max_hp_loss":0,"event_name":"Nest","floor":22,"gold_loss":0}],"is_beta":false,"boss_relics":[{"not_picked":["Black Star","Empty Cage"],"picked":"Philosopher\u0027s Stone"}],"items_purged_floors":[],"is_endless":false,"potions_floor_spawned":[1,3,12,16,21],"killed_by":"Gremlin Leader","ascension_level":13}