{"gold_per_floor":[115,115,65,85,35,35,70,85,85,85,85,102,117,137,137,137],"floor_reached":16,"playtime":1131,"items_purged":[],"score":107,"play_id":"127bdc74-fee5-47cb-b8df-e1d071773332","local_time":"20190123034240","is_ascension_mode":true,"campfire_choices":[{"data":"Bash","floor":6,"key":"SMITH"},{"floor":10,"key":"REST"},{"data":"Brutality","floor":15,"key":"SMITH"}],"neow_cost":"NONE","seed_source_timestamp":1088246579159336,"circlet_count":0,"master_deck":["Strike_R","Strike_R","Strike_R","Defend_R","Defend_R","Defend_R","Defend_R","Bash+1","Flex","Infernal Blade","Thunderclap","True Grit","True Grit","Evolve","Brutality+1","Sever Soul","Shockwave","Cleave"],"relics":["Burning Blood","Magic Flower","Charon\u0027s Ashes","Shuriken"],"potions_floor_usage":[16],"damage_taken":[{"damage":1,"enemies":"Cultist","floor":1,"turns":3},{"damage":0,"enemies":"2 Louse","floor":4,"turns":1},{"damage":54,"enemies":"Gremlin Nob","floor":7,"turns":5},{"damage":8,"enemies":"Jaw Worm","floor":8,"turns":4},{"damage":7,"enemies":"Lots of Slimes","floor":12,"turns":3},{"damage":6,"enemies":"Large Slime","floor":13,"turns":6},{"damage":10,"enemies":"Red Slaver","floor":14,"turns":3},{"damage":65,"enemies":"The Guardian","floor":16,"turns":10}],"seed_played":"-5437704685582390657","potions_obtained":[{"floor":1,"key":"Weak Potion"},{"floor":4,"key":"Swift Potion"},{"floor":8,"key":"SpeedPotion"}],"is_trial":false,"path_per_floor":["M","?","$","M","?","R","E","M","T","R","T","M","M","M","R","B"],"character_chosen":"IRONCLAD","items_purchased":["True Grit"],"campfire_rested":1,"item_purchase_floors":[3],"current_hp_per_floor":[80,80,80,80,80,80,32,33,33,57,57,59,62,61,61,0],"gold":137,"neow_bonus":"TRANSFORM_CARD","is_prod":false,"is_daily":false,"chose_seed":false,"campfire_upgraded":2,"win_rate":0,"timestamp":1548232960,"path_taken":["M","?","?","M","?","R","E","M","T","R","?","M","?","M","R","BOSS"],"build_version":"2019-01-17v2","purchased_purges":0,"victory":false,"max_hp_per_floor":[80,80,80,80,80,80,80,80,80,80,80,80,80,80,80,80],"card_choices":[{"not_picked":["Clothesline","Headbutt"],"picked":"Infernal Blade","floor":1},{"not_picked":["Rage","Anger"],"picked":"True Grit","floor":4},{"not_picked":["Reckless Charge","Corruption"],"picked":"Evolve","floor":7},{"not_picked":["Blood for Blood","Searing Blow"],"picked":"Brutality","floor":8},{"not_picked":["Rage","Wild Strike"],"picked":"Sever Soul","floor":12},{"not_picked":["Power Through","Twin Strike"],"picked":"Shockwave","floor":13},{"not_picked":["Clash","Perfected Strike"],"picked":"Cleave","floor":14}],"player_experience":85724,"relics_obtained":[{"floor":7,"key":"Magic Flower"},{"floor":9,"key":"Charon\u0027s Ashes"},{"floor":11,"key":"Shuriken"}],"event_choices":[{"damage_healed":0,"gold_gain":0,"player_choice":"1 cards matched","damage_taken":0,"max_hp_gain":0,"max_hp_loss":0,"event_name":"Match and Keep!","floor":2,"gold_loss":0,"cards_obtained":["Thunderclap"]},{"damage_healed":0,"gold_gain":0,"player_choice":"1 cards matched","damage_taken":0,"max_hp_gain":0,"max_hp_loss":0,"event_name":"Match and Keep!","floor":2,"gold_loss":0,"cards_obtained":["Thunderclap"]},{"cards_removed":["Strike_R"],"damage_healed":0,"gold_gain":0,"player_choice":"Card Removal","damage_taken":0,"max_hp_gain":0,"max_hp_loss":0,"event_name":"The Cleric","floor":5,"gold_loss":50}],"is_beta":false,"boss_relics":[],"items_purged_floors":[],"is_endless":false,"potions_floor_spawned":[1,4,8,13],"killed_by":"The Guardian","ascension_level":1}