{"gold_per_floor":[16,16,16,35,48,48,83,83,83,30,43,43,73,73,73,73],"floor_reached":16,"playtime":1119,"items_purged":[],"score":167,"play_id":"a9b9c9b2-37a7-44e3-b426-bb5ecd36bc39","local_time":"20190519101317","is_ascension_mode":true,"campfire_choices":[{"data":"Go for the Eyes","floor":6,"key":"SMITH"},{"floor":8,"key":"REST"},{"floor":12,"key":"REST"},{"data":"Turbo","floor":15,"key":"SMITH"}],"neow_cost":"NO_GOLD","seed_source_timestamp":37284147443025,"circlet_count":0,"master_deck":["AscendersBane","Strike_B","Strike_B","Strike_B","Defend_B","Defend_B","Defend_B","Defend_B","Zap","Dualcast","Seek","Conserve Battery","Go for the Eyes+1","Conserve Battery","Turbo+1"],"relics":["Cracked Core","Dead Branch","Ginger","Pantograph"],"potions_floor_usage":[16],"damage_taken":[{"damage":0,"enemies":"2 Louse","floor":1,"turns":2},{"damage":1,"enemies":"Cultist","floor":4,"turns":4},{"damage":4,"enemies":"Small Slimes","floor":5,"turns":4},{"damage":31,"enemies":"3 Sentries","floor":7,"turns":9},{"damage":1,"enemies":"Looter","floor":11,"turns":3},{"damage":80,"enemies":"Hexaghost","floor":16,"turns":17}],"seed_played":"-6352227528874761968","potions_obtained":[{"floor":4,"key":"Regen Potion"}],"is_trial":false,"path_per_floor":["M","$","?","M","M","R","E","R","T","$","M","R","?","?","R","B"],"character_chosen":"DEFECT","items_purchased":["Conserve Battery"],"campfire_rested":2,"item_purchase_floors":[10],"current_hp_per_floor":[64,64,64,63,59,59,28,49,49,49,48,69,69,57,57,0],"gold":73,"neow_bonus":"THREE_RARE_CARDS","is_prod":false,"is_daily":false,"chose_seed":false,"campfire_upgraded":2,"win_rate":0,"timestamp":1558285997,"path_taken":["M","$","?","?","M","R","E","R","T","$","M","R","?","?","R","BOSS"],"build_version":"2019-01-23","purchased_purges":0,"victory":false,"max_hp_per_floor":[71,71,71,71,71,71,71,71,71,71,71,71,71,71,71,71],"card_choices":[{"not_picked":["Thunder Strike","Core Surge"],"picked":"Seek","floor":0},{"not_picked":["Sweeping Beam","Streamline"],"picked":"Conserve Battery","floor":1},{"not_picked":["Beam Cell","Steam"],"picked":"Go for the Eyes","floor":4},{"not_picked":["Barrage","Streamline","Thunder Strike"],"picked":"SKIP","floor":5},{"not_picked":["Lockon","Barrage","Compile Driver"],"picked":"SKIP","floor":7},{"not_picked":["Redo","Stack"],"picked":"Turbo","floor":11}],"player_experience":640532,"relics_obtained":[{"floor":7,"key":"Dead Branch"},{"floor":9,"key":"Ginger"}],"event_choices":[{"cards_removed":["Strike_B"],"damage_healed":0,"gold_gain":0,"player_choice":"Purged","damage_taken":0,"max_hp_gain":0,"max_hp_loss":0,"event_name":"Purifier","floor":3,"gold_loss":0},{"damage_healed":0,"gold_gain":30,"player_choice":"Searched \u00271\u0027 times","damage_taken":0,"max_hp_gain":0,"max_hp_loss":0,"event_name":"Dead Adventurer","floor":13,"gold_loss":0},{"damage_healed":0,"gold_gain":0,"player_choice":"Success","damage_taken":12,"relics_obtained":["Pantograph"],"max_hp_gain":0,"max_hp_loss":0,"event_name":"Scrap Ooze","floor":14,"gold_loss":0}],"is_beta":false,"boss_relics":[],"items_purged_floors":[],"is_endless":false,"potions_floor_spawned":[4],"killed_by":"Hexaghost","ascension_level":14}