{"gold_per_floor":[117,128,144,158,208,208,223,223,223,237,266,48,73,93,93,167,167,187,112,137,137,156,156,170,170,218,218,39,56,90,104,104,181,181,191,245,245,245,264,290,290,320,343,375,387,402,223,223,223,223,223,223,223,142,176,176],"floor_reached":57,"playtime":2893,"items_purged":["Strike_B","Strike_B","Strike_B+1"],"score":3444,"play_id":"5c4dc336-8f76-4175-a5b9-043c065f98b3","local_time":"20190605131142","is_ascension_mode":true,"campfire_choices":[{"data":"Defragment","floor":6.0,"key":"SMITH"},{"data":"Consume","floor":8.0,"key":"SMITH"},{"data":"Coolheaded","floor":15.0,"key":"SMITH"},{"data":"Barrage","floor":23.0,"key":"SMITH"},{"data":"Genetic Algorithm","floor":25.0,"key":"SMITH"},{"data":"Coolheaded","floor":27.0,"key":"SMITH"},{"data":"Coolheaded","floor":32.0,"key":"SMITH"},{"data":"Discovery","floor":41.0,"key":"SMITH"},{"floor":49,"key":"RECALL"},{"data":"Echo Form","floor":53,"key":"SMITH"}],"neow_cost":"NONE","seed_source_timestamp":0,"circlet_count":0,"master_deck":["AscendersBane","Defend_B","Defend_B","Defend_B","Defend_B","Zap","Dualcast","Defragment+1","Cold Snap+1","Chill","Recycle","Consume+1","Genetic Algorithm+1","Reinforced Body","Coolheaded+1","Multi-Cast","Sunder+1","Coolheaded+1","Barrage+1","White Noise","Self Repair","Coolheaded+1","Echo Form+1","Discovery+1","Master of Strategy","Apotheosis","Defragment","Coolheaded","Hello World","Barrage"],"special_seed":0,"relics":["Cracked Core","DataDisk","Runic Capacitor","Mummified Hand","Runic Pyramid","Red Mask","Anchor","Bag of Marbles","Lizard Tail","Torii","Blood Vial","Lantern","Whetstone","Bag of Preparation","Dodecahedron"],"potions_floor_usage":[56],"damage_taken":[{"damage":0.0,"enemies":"Small Slimes","floor":1.0,"turns":3.0},{"damage":0.0,"enemies":"Cultist","floor":2.0,"turns":4.0},{"damage":0.0,"enemies":"2 Louse","floor":3.0,"turns":2.0},{"damage":19.0,"enemies":"Gremlin Gang","floor":4.0,"turns":6.0},{"damage":0.0,"enemies":"2 Fungi Beasts","floor":7.0,"turns":4.0},{"damage":0.0,"enemies":"Large Slime","floor":10.0,"turns":5.0},{"damage":10.0,"enemies":"Lagavulin","floor":11.0,"turns":6.0},{"damage":0.0,"enemies":"3 Sentries","floor":13.0,"turns":6.0},{"damage":0.0,"enemies":"3 Louse","floor":14.0,"turns":3.0},{"damage":0.0,"enemies":"The Guardian","floor":16.0,"turns":10.0},{"damage":0.0,"enemies":"Spheric Guardian","floor":18.0,"turns":5.0},{"damage":4.0,"enemies":"Masked Bandits","floor":20.0,"turns":3.0},{"damage":8.0,"enemies":"Shell Parasite","floor":22.0,"turns":4.0},{"damage":0.0,"enemies":"Chosen and Byrds","floor":24.0,"turns":1.0},{"damage":0.0,"enemies":"Cultist and Chosen","floor":29.0,"turns":3.0},{"damage":0.0,"enemies":"Gremlin Leader","floor":30.0,"turns":4.0},{"damage":0.0,"enemies":"Snecko","floor":31.0,"turns":2.0},{"damage":0.0,"enemies":"Collector","floor":33.0,"turns":2.0},{"damage":0.0,"enemies":"3 Darklings","floor":35.0,"turns":3.0},{"damage":0.0,"enemies":"2 Orb Walkers","floor":36.0,"turns":2.0},{"damage":0.0,"enemies":"Orb Walker","floor":39.0,"turns":2.0},{"damage":0.0,"enemies":"Reptomancer","floor":40.0,"turns":3.0},{"damage":0,"enemies":"Giant Head","floor":42,"turns":4},{"damage":0,"enemies":"Nemesis","floor":44,"turns":1},{"damage":0,"enemies":"4 Shapes","floor":45,"turns":2},{"damage":0,"enemies":"3 Darklings","floor":46,"turns":1},{"damage":0,"enemies":"Awakened One","floor":50,"turns":3},{"damage":0,"enemies":"Donu and Deca","floor":51,"turns":1},{"damage":0,"enemies":"Shield and Spear","floor":55,"turns":4},{"damage":47,"enemies":"The Heart","floor":56,"turns":11}],"seed_played":"-4076186327189975460","potions_obtained":[{"floor":3.0,"key":"Strength Potion"},{"floor":4.0,"key":"Explosive Potion"},{"floor":11.0,"key":"GamblersBrew"},{"floor":13.0,"key":"Poison Potion"},{"floor":16.0,"key":"FearPotion"},{"floor":20.0,"key":"Fire Potion"},{"floor":24.0,"key":"SkillPotion"},{"floor":29.0,"key":"Fire Potion"},{"floor":35.0,"key":"Ancient Potion"}],"is_trial":false,"path_per_floor":["M","M","M","M","?","R","M","R","T","M","E","$","E","M","R","B",null,"M","$","?","?","M","R","M","R","T","R","$","M","E","M","R","B",null,"M","?","?","?","M","E","R","E","T","E","M","M","$","?","R","B","B",null,"R","$","E","B",null],"character_chosen":"DEFECT","items_purchased":["Runic Capacitor","Self Repair","Coolheaded","Hello World"],"campfire_rested":0,"item_purchase_floors":[12,28,47,54],"current_hp_per_floor":[64,64,64,45,38,38,38,38,38,38,28,28,28,28,28,28,60,60,60,56,56,48,48,48,48,48,48,48,55,62,69,69,71,71,71,71,67,57,67,67,67,67,67,67,67,67,67,67,67,67,67,67,67,67,67,30],"gold":176,"neow_bonus":"TRANSFORM_CARD","is_prod":false,"is_daily":false,"chose_seed":false,"campfire_upgraded":9,"win_rate":0,"timestamp":1559707902,"path_taken":["M","M","M","M","?","R","M","R","T","M","E","$","E","M","R","BOSS","M","$","?","?","?","R","?","R","T","R","$","M","E","M","R","BOSS","M","?","?","?","M","E","R","E","T","E","M","M","$","?","R","BOSS","BOSS","R","$","E","BOSS"],"build_version":"2019-01-23","purchased_purges":3,"victory":true,"max_hp_per_floor":[71,71,71,71,71,71,71,71,71,71,71,71,71,71,71,71,71,71,71,71,71,71,71,71,71,71,71,71,71,71,71,71,71,71,71,71,67,67,67,67,67,67,67,67,67,67,67,67,67,67,67,67,67,67,67,67],"card_choices":[{"not_picked":["Gash","Conserve Battery"],"picked":"Cold Snap","floor":1.0},{"not_picked":["Reinforced Body","Conserve Battery"],"picked":"Chill","floor":2.0},{"not_picked":["Auto Shields","Go for the Eyes"],"picked":"Recycle","floor":3.0},{"not_picked":["Gash","All For One"],"picked":"Consume","floor":4.0},{"not_picked":["Go for the Eyes","Redo","Steam"],"picked":"SKIP","floor":7.0},{"not_picked":["Undo","Stack"],"picked":"Genetic Algorithm","floor":10.0},{"not_picked":["Genetic Algorithm","Hyperbeam","Redo"],"picked":"SKIP","floor":11.0},{"not_picked":["Streamline","Heatsinks"],"picked":"Reinforced Body","floor":13.0},{"not_picked":["Aggregate","Chill"],"picked":"Coolheaded","floor":14.0},{"not_picked":["Fission","Thunder Strike"],"picked":"Multi-Cast","floor":16.0},{"not_picked":["Stack+1","Rebound"],"picked":"Sunder","floor":18.0},{"not_picked":["Leap","Undo"],"picked":"Coolheaded","floor":20.0},{"not_picked":["Double Energy+1","Beam Cell"],"picked":"Barrage","floor":22.0},{"not_picked":["Redo","Stack"],"picked":"White Noise","floor":24.0},{"not_picked":["Rainbow","Go for the Eyes"],"picked":"Coolheaded","floor":29.0},{"not_picked":["Leap","Gash","Go for the Eyes"],"picked":"SKIP","floor":30.0},{"not_picked":["Stack","Heatsinks","Aggregate"],"picked":"SKIP","floor":31.0},{"not_picked":["Reboot","Hyperbeam"],"picked":"Echo Form","floor":33.0},{"not_picked":["Compile Driver","Stack","Static Discharge"],"picked":"SKIP","floor":35.0},{"not_picked":["Panacea","Mayhem"],"picked":"Discovery","floor":38.0},{"not_picked":["Finesse","Thinking Ahead"],"picked":"Master of Strategy","floor":38.0},{"not_picked":["Secret Weapon","Chrysalis"],"picked":"Apotheosis","floor":38.0},{"not_picked":["FTL","Force Field","Turbo"],"picked":"SKIP","floor":39.0},{"not_picked":["Stack","Cold Snap"],"picked":"Machine Learning","floor":40.0},{"not_picked":["Genetic Algorithm","Stack","Steam"],"picked":"SKIP","floor":42},{"not_picked":["Capacitor+1","Storm"],"picked":"Defragment","floor":44},{"not_picked":["Rebound","Cold Snap","Gash"],"picked":"SKIP","floor":45},{"not_picked":["Streamline","Auto Shields","Cold Snap+1"],"picked":"SKIP","floor":46},{"not_picked":["Doom and Gloom","Reprogram"],"picked":"Barrage","floor":55}],"player_experience":614359,"relics_obtained":[{"floor":11.0,"key":"DataDisk"},{"floor":13.0,"key":"Mummified Hand"},{"floor":20.0,"key":"Red Mask"},{"floor":26.0,"key":"Anchor"},{"floor":30.0,"key":"Bag of Marbles"},{"floor":36.0,"key":"Torii"},{"floor":40.0,"key":"Blood Vial"},{"floor":42,"key":"Lantern"},{"floor":43,"key":"Whetstone"},{"floor":44,"key":"Bag of Preparation"},{"floor":55,"key":"Dodecahedron"}],"event_choices":[{"damage_healed":0.0,"max_hp_gain":0.0,"max_hp_loss":0.0,"gold_gain":50.0,"event_name":"FaceTrader","player_choice":"Touch","floor":5.0,"gold_loss":0.0,"damage_taken":7.0},{"damage_healed":0.0,"max_hp_gain":0.0,"max_hp_loss":0.0,"gold_gain":0.0,"event_name":"Masked Bandits","player_choice":"Fought Bandits","floor":20.0,"gold_loss":0.0,"damage_taken":0.0},{"damage_healed":0.0,"max_hp_gain":0.0,"max_hp_loss":0.0,"gold_gain":0.0,"event_name":"Accursed Blacksmith","player_choice":"Forge","floor":21.0,"gold_loss":0.0,"damage_taken":0.0,"cards_upgraded":["Sunder"]},{"damage_healed":0.0,"max_hp_gain":0.0,"max_hp_loss":0.0,"gold_gain":0.0,"event_name":"Mysterious Sphere","player_choice":"Fight","floor":36.0,"gold_loss":0.0,"damage_taken":0.0},{"damage_healed":0.0,"max_hp_gain":0.0,"max_hp_loss":4.0,"gold_gain":0.0,"event_name":"Winding Halls","player_choice":"Max HP","floor":37.0,"gold_loss":0.0,"damage_taken":0.0},{"damage_healed":0.0,"max_hp_gain":0.0,"max_hp_loss":0.0,"gold_gain":0.0,"event_name":"SensoryStone","player_choice":"Memory 3","floor":38.0,"gold_loss":0.0,"damage_taken":10.0},{"cards_removed":["Machine Learning"],"damage_healed":0,"gold_gain":0,"player_choice":"Removed Power","damage_taken":0,"max_hp_gain":0,"max_hp_loss":0,"event_name":"Falling","floor":48,"gold_loss":0}],"is_beta":false,"boss_relics":[{"not_picked":["Cursed Key","Coffee Dripper"],"picked":"Runic Pyramid"},{"not_picked":["Runic Dome","Busted Crown"],"picked":"Lizard Tail"}],"items_purged_floors":[19,28,47],"is_endless":false,"potions_floor_spawned":[3,4,10,11,13,16,20,22,24,29,35,36,39,44,55],"ascension_level":20}