{"gold_per_floor":[115,115,128,143,68,68,17,47,117,137,167,167,193,209,209,283,283,298,298,18,30,46,46,46,46],"floor_reached":25,"playtime":1670,"items_purged":[],"score":372,"play_id":"d3660228-fbea-45dd-b866-20f51b67a037","local_time":"20190524113146","is_ascension_mode":true,"campfire_choices":[{"data":"Zap","floor":6,"key":"SMITH"},{"floor":12,"key":"REST"},{"data":"Reinforced Body","floor":15,"key":"SMITH"},{"data":"Fusion","floor":23,"key":"SMITH"}],"neow_cost":"NONE","seed_source_timestamp":121545047021848,"circlet_count":0,"master_deck":["AscendersBane","Strike_B","Strike_B","Strike_B","Defend_B","Defend_B","Defend_B","Defend_B","Zap+1","Dualcast","Conserve Battery","Reboot","BootSequence","Ball Lightning","Fusion+1","Self Repair","Double Energy","Reinforced Body+1","Machine Learning","Hologram","Compile Driver","Coolheaded+1","Darkness+1"],"relics":["Cracked Core","NeowsBlessing","Art of War","Pantograph","Odd Mushroom","Eternal Feather","Lee\u0027s Waffle"],"potions_floor_usage":[13,16,16,25],"damage_taken":[{"damage":0,"enemies":"Small Slimes","floor":1,"turns":1},{"damage":0,"enemies":"Cultist","floor":3,"turns":1},{"damage":0,"enemies":"Jaw Worm","floor":4,"turns":1},{"damage":35,"enemies":"3 Sentries","floor":8,"turns":7},{"damage":9,"enemies":"Blue Slaver","floor":10,"turns":4},{"damage":15,"enemies":"The Mushroom Lair","floor":13,"turns":5},{"damage":6,"enemies":"Looter","floor":14,"turns":3},{"damage":56,"enemies":"Hexaghost","floor":16,"turns":13},{"damage":32,"enemies":"Chosen","floor":18,"turns":7},{"damage":33,"enemies":"3 Byrds","floor":21,"turns":5},{"damage":29,"enemies":"Sentry and Sphere","floor":22,"turns":8},{"damage":38,"enemies":"Cultist and Chosen","floor":25,"turns":6}],"seed_played":"-495689896655137314","potions_obtained":[{"floor":3,"key":"GamblersBrew"},{"floor":8,"key":"EssenceOfSteel"},{"floor":14,"key":"Poison Potion"},{"floor":19,"key":"SmokeBomb"},{"floor":19,"key":"Dexterity Potion"},{"floor":22,"key":"Energy Potion"}],"is_trial":false,"path_per_floor":["M","?","M","M","?","R","$","E","T","M","?","R","?","M","R","B",null,"M","?","$","M","M","R","$","M"],"character_chosen":"DEFECT","items_purchased":["Ball Lightning","Lee\u0027s Waffle","Compile Driver"],"campfire_rested":1,"item_purchase_floors":[7,20,20],"current_hp_per_floor":[64,64,64,64,64,64,64,29,29,20,20,41,33,34,34,10,56,31,31,78,45,23,35,35,0],"gold":46,"neow_bonus":"THREE_ENEMY_KILL","is_prod":false,"is_daily":false,"chose_seed":false,"campfire_upgraded":3,"win_rate":0,"timestamp":1558722706,"path_taken":["M","?","M","?","?","R","$","E","T","M","?","R","?","M","R","BOSS","M","?","$","M","?","R","?","M"],"build_version":"2019-01-23","purchased_purges":0,"victory":false,"max_hp_per_floor":[71,71,71,71,71,71,71,71,71,71,71,71,71,71,71,71,71,71,71,78,78,78,78,78,78],"card_choices":[{"not_picked":["Barrage","Stack"],"picked":"Conserve Battery","floor":1},{"not_picked":["Rebound","Aggregate","Rip and Tear"],"picked":"SKIP","floor":3},{"not_picked":["FTL","Compile Driver"],"picked":"BootSequence","floor":4},{"not_picked":["Ball Lightning","Gash"],"picked":"Fusion","floor":8},{"not_picked":["Rebound","Heatsinks"],"picked":"Self Repair","floor":10},{"not_picked":["Streamline","White Noise"],"picked":"Double Energy","floor":13},{"not_picked":["Aggregate","Redo"],"picked":"Reinforced Body","floor":14},{"not_picked":["All For One","Creative AI"],"picked":"Machine Learning","floor":16},{"not_picked":["Turbo","Rebound"],"picked":"Hologram","floor":18},{"not_picked":["Gash","Melter"],"picked":"Coolheaded+1","floor":21},{"not_picked":["All For One","Double Energy"],"picked":"Darkness+1","floor":22}],"player_experience":719322,"relics_obtained":[{"floor":8,"key":"Art of War"},{"floor":9,"key":"Pantograph"},{"floor":13,"key":"Odd Mushroom"}],"event_choices":[{"damage_healed":0,"gold_gain":0,"player_choice":"1 cards matched","damage_taken":0,"max_hp_gain":0,"max_hp_loss":0,"event_name":"Match and Keep!","floor":2,"gold_loss":0,"cards_obtained":["Reboot"]},{"cards_removed":["Strike_B"],"damage_healed":0,"gold_gain":0,"player_choice":"Card Removal","damage_taken":0,"max_hp_gain":0,"max_hp_loss":0,"event_name":"The Cleric","floor":5,"gold_loss":75},{"damage_healed":0,"gold_gain":30,"player_choice":"Searched \u00271\u0027 times","damage_taken":0,"max_hp_gain":0,"max_hp_loss":0,"event_name":"Dead Adventurer","floor":11,"gold_loss":0},{"damage_healed":0,"gold_gain":0,"player_choice":"Fought Mushrooms","damage_taken":0,"max_hp_gain":0,"max_hp_loss":0,"event_name":"Mushrooms","floor":13,"gold_loss":0},{"damage_healed":0,"gold_gain":0,"player_choice":"Got Potions","damage_taken":0,"max_hp_gain":0,"max_hp_loss":0,"event_name":"Lab","floor":19,"gold_loss":0}],"is_beta":false,"boss_relics":[{"not_picked":["Calling Bell","Busted Crown"],"picked":"Eternal Feather"}],"items_purged_floors":[],"is_endless":false,"potions_floor_spawned":[3,8,10,14,21,22],"killed_by":"Cultist and Chosen","ascension_level":17}