{"path_per_floor":["M","?","?","?","M","R","E","$","T","M","M","R","E","?","R","B",null,"M","?","M","$","?","E","M","E","T","$","E","M","M","M","R","B",null,"M","$","M","?","B"],"character_chosen":"IRONCLAD","items_purchased":["Ghostly Armor","Girya","Finesse","Enlightenment"],"gold_per_floor":[114,114,114,114,128,128,156,81,152,164,180,180,209,209,209,311,311,323,323,340,46,46,79,96,131,131,30,56,70,86,97,97,201,201,216,8,19,19,19],"floor_reached":40,"campfire_rested":0,"playtime":2365,"current_hp_per_floor":[72,65,65,65,67,67,46,46,46,55,70,70,56,56,56,56,78,52,36,44,44,44,53,48,52,52,52,57,51,56,60,60,57,81,80,80,81,81,48],"items_purged":[],"gold":19,"score":934,"play_id":"c1ed6c90-00ac-49dd-884f-6f3d1175566f","local_time":"20180425143220","is_prod":false,"is_daily":false,"chose_seed":true,"is_ascension_mode":true,"campfire_upgraded":3,"timestamp":1524634340,"path_taken":["M","?","?","?","?","R","E","$","T","M","M","R","E","?","R","BOSS","M","?","?","?","?","E","M","E","T","$","E","?","M","?","R","BOSS","M","$","M","?","BOSS"],"build_version":"2018-04-19","seed_source_timestamp":653983271263493,"purchased_purges":0,"victory":true,"master_deck":["Strike_R","Strike_R","Strike_R","Strike_R","Strike_R","Defend_R","Defend_R","Defend_R","Defend_R","Bash+1","Corruption+1","Pummel+1","Flame Barrier","Ghostly Armor","Battle Trance","Havoc","Feel No Pain+1","Regret","Impervious","Perfected Strike+1","Second Wind","Burning Pact","Limit Break","Finesse","Flame Barrier","Shrug It Off","True Grit","Flame Barrier+1","Reaper","Carnage+1","Enlightenment","Shockwave+1"],"max_hp_per_floor":[72,72,72,72,72,72,72,72,72,72,75,75,75,75,75,78,78,78,78,78,78,78,78,78,81,81,81,81,81,81,81,81,81,81,81,81,81,81,81],"relics":["Burning Blood","Dead Branch","Meat on the Bone","Mercury Hourglass","Gremlin Horn","Shuriken","Ornamental Fan","Sozu","Nilry\u0027s Codex","Girya","Dodecahedron","Smiling Mask","Du-Vu Doll","Bag of Preparation","Philosopher\u0027s Stone"],"card_choices":[{"not_picked":["Inflame","Feel No Pain"],"picked":"Corruption","floor":1.0},{"not_picked":["Clash","Power Through"],"picked":"Pummel","floor":5.0},{"not_picked":["Battle Trance","Whirlwind"],"picked":"Flame Barrier","floor":7.0},{"not_picked":["Corruption","Carnage"],"picked":"Battle Trance","floor":10.0},{"not_picked":["Anger","Iron Wave"],"picked":"Havoc","floor":11.0},{"not_picked":["Pummel","Cleave"],"picked":"Feel No Pain","floor":13.0},{"not_picked":["Demon Form","Double Tap"],"picked":"Impervious","floor":16.0},{"not_picked":["Sever Soul","Second Wind"],"picked":"Perfected Strike","floor":18.0},{"not_picked":["Whirlwind","Uppercut"],"picked":"Second Wind","floor":23},{"not_picked":["Twin Strike","Sever Soul"],"picked":"Burning Pact","floor":24},{"not_picked":["True Grit","Armaments"],"picked":"Limit Break","floor":25},{"not_picked":["Headbutt","Havoc"],"picked":"Flame Barrier","floor":28},{"not_picked":["Armaments","Cleave"],"picked":"Shrug It Off","floor":29},{"not_picked":["Rupture","Second Wind"],"picked":"True Grit","floor":30},{"not_picked":["Power Through","True Grit"],"picked":"Flame Barrier","floor":31},{"not_picked":["Double Tap","Brutality"],"picked":"Reaper","floor":33},{"not_picked":["Heavy Blade","Cleave"],"picked":"Carnage","floor":35},{"not_picked":["True Grit","Warcry"],"picked":"Shockwave","floor":37}],"player_experience":136024,"potions_floor_usage":[25,39,39],"damage_taken":[{"damage":0.0,"enemies":"Small Slimes","floor":1.0,"turns":3.0},{"damage":4.0,"enemies":"2 Louse","floor":5.0,"turns":2.0},{"damage":39.0,"enemies":"Lagavulin","floor":7.0,"turns":6.0},{"damage":1.0,"enemies":"Cultist","floor":10.0,"turns":3.0},{"damage":0.0,"enemies":"Exordium Thugs","floor":11.0,"turns":4.0},{"damage":20.0,"enemies":"Gremlin Nob","floor":13.0,"turns":4.0},{"damage":21.0,"enemies":"Slime Boss","floor":16.0,"turns":7.0},{"damage":32.0,"enemies":"Shell Parasite","floor":18.0,"turns":6.0},{"damage":10,"enemies":"Spheric Guardian","floor":20,"turns":3},{"damage":9,"enemies":"Slavers","floor":23,"turns":3},{"damage":23,"enemies":"Chosen and Byrds","floor":24,"turns":3},{"damage":11,"enemies":"Book of Stabbing","floor":25,"turns":3},{"damage":1,"enemies":"Gremlin Leader","floor":28,"turns":4},{"damage":12,"enemies":"Snake Plant","floor":29,"turns":4},{"damage":13,"enemies":"Centurion and Healer","floor":30,"turns":5},{"damage":2,"enemies":"Snecko","floor":31,"turns":3},{"damage":9,"enemies":"Automaton","floor":33,"turns":6},{"damage":7,"enemies":"Orb Walker","floor":35,"turns":4},{"damage":6,"enemies":"3 Shapes","floor":37,"turns":3},{"damage":48,"enemies":"Donu and Deca","floor":39,"turns":6}],"event_choices":[{"event_name":"Scrap Ooze","player_choice":"success","floor":2.0,"damage_taken":7.0},{"event_name":"The Woman in Blue","player_choice":"Bought 0 Potions","floor":3.0,"damage_taken":0.0},{"event_name":"Living Wall","player_choice":"Grow","floor":4.0,"damage_taken":0.0},{"event_name":"Big Fish","player_choice":"Box","floor":14.0,"damage_taken":0.0},{"event_name":"Cursed Tome","player_choice":"Obtained Book","floor":19,"damage_taken":0},{"event_name":"Vampires","player_choice":"Ignored","floor":22,"damage_taken":0},{"event_name":"SecretPortal","player_choice":"Took Portal.","floor":38,"damage_taken":0}],"boss_relics":[{"not_picked":["Runic Dome","Black Star"],"picked":"Philosopher\u0027s Stone"}],"potions_floor_spawned":[1,5,16,18,24,28,30,35],"seed_played":"2336108208662541810","ascension_level":2,"is_trial":false}