{"gold_per_floor":[18,18,18,43,64,105,105,120,120,199,199,274,199,222,222,346,346,361,361,379,398,413,413,432,455,455,380,403,441,248,268,268,394,394,417,440,464,464,259,259,275,275,275,290,12,53,73,89,89,89],"floor_reached":50,"playtime":1948,"items_purged":["Zap","Strike_B","Streamline"],"score":500,"play_id":"2f9e342c-221d-437e-a725-1644447e434e","local_time":"20181126203855","is_ascension_mode":false,"campfire_choices":[{"data":"Hyperbeam","floor":7,"key":"SMITH"},{"data":"Auto Shields","floor":11,"key":"SMITH"},{"floor":15,"key":"REST"},{"data":"Hyperbeam","floor":23,"key":"SMITH"},{"floor":32,"key":"REST"},{"data":"White Noise","floor":40,"key":"SMITH"},{"floor":42,"key":"REST"},{"floor":49,"key":"REST"}],"neow_cost":"NO_GOLD","seed_source_timestamp":19752220537804,"circlet_count":0,"master_deck":["Defend_B","Defend_B","Defend_B","Hyperbeam+1","Auto Shields+1","Meteor Strike","Conserve Battery","Sweeping Beam","Fusion","Capacitor+1","Machine Learning+1","Capacitor+1","Metallicize","Hyperbeam+1","Barrage+1","Leap","Capacitor+1","Go for the Eyes","Trip","Steam+1","Reboot","FTL+1","Thunder Strike+1","Double Energy+1","Steam","White Noise+1","Leap+1","Force Field","Barrage","Hologram+1","Beam Cell+1","Reinforced Body+1"],"relics":["Cracked Core","Golden Idol","Frozen Egg 2","Mummified Hand","Meat on the Bone","Sozu","Anchor","Astrolabe","Gremlin Horn","Bag of Marbles","Bottled Flame"],"potions_floor_usage":[16,20,46],"damage_taken":[{"damage":0,"enemies":"2 Louse","floor":1,"turns":1},{"damage":0,"enemies":"Cultist","floor":4,"turns":3},{"damage":3,"enemies":"Small Slimes","floor":5,"turns":2},{"damage":21,"enemies":"Gremlin Nob","floor":6,"turns":5},{"damage":7,"enemies":"Gremlin Gang","floor":8,"turns":2},{"damage":0,"enemies":"3 Sentries","floor":10,"turns":3},{"damage":0,"enemies":"Looter","floor":14,"turns":3},{"damage":8,"enemies":"Hexaghost","floor":16,"turns":8},{"damage":9,"enemies":"Spheric Guardian","floor":18,"turns":4},{"damage":10,"enemies":"3 Byrds","floor":20,"turns":5},{"damage":18,"enemies":"Shelled Parasite and Fungi","floor":21,"turns":4},{"damage":0,"enemies":"Snecko","floor":22,"turns":4},{"damage":11,"enemies":"Centurion and Healer","floor":24,"turns":4},{"damage":6,"enemies":"3 Cultists","floor":25,"turns":3},{"damage":11,"enemies":"Snake Plant","floor":28,"turns":4},{"damage":25,"enemies":"Slavers","floor":29,"turns":21},{"damage":0,"enemies":"Snecko","floor":31,"turns":2},{"damage":30,"enemies":"Champ","floor":33,"turns":10},{"damage":0,"enemies":"Orb Walker","floor":35,"turns":3},{"damage":2,"enemies":"3 Shapes","floor":36,"turns":1},{"damage":49,"enemies":"Sphere and 2 Shapes","floor":37,"turns":8},{"damage":18,"enemies":"Maw","floor":41,"turns":7},{"damage":0,"enemies":"3 Darklings","floor":44,"turns":4},{"damage":20,"enemies":"Giant Head","floor":46,"turns":7},{"damage":0,"enemies":"4 Shapes","floor":47,"turns":1},{"damage":0,"enemies":"Jaw Worm Horde","floor":48,"turns":1},{"damage":63,"enemies":"Time Eater","floor":50,"turns":6}],"seed_played":"7204461346819917198","potions_obtained":[{"floor":5,"key":"EssenceOfSteel"},{"floor":8,"key":"Dexterity Potion"},{"floor":16,"key":"Regen Potion"}],"is_trial":false,"path_per_floor":["M","?","?","M","M","E","R","M","T","?","R","?","$","M","R","B",null,"M","?","M","M","M","R","M","M","T","?","M","E","$","M","R","B",null,"M","M","M","?","$","R","M","R","T","M","$","E","M","M","R","B"],"character_chosen":"DEFECT","items_purchased":["Trip","White Noise","Bag of Marbles","Force Field","Barrage"],"campfire_rested":4,"item_purchase_floors":[30,39,45,45,45],"current_hp_per_floor":[75,69,69,69,66,45,45,38,38,38,38,27,27,39,59,51,69,60,60,64,46,46,46,35,41,41,41,42,29,29,41,61,43,69,69,67,30,30,30,30,24,44,44,44,44,36,36,36,56,0],"gold":89,"neow_bonus":"THREE_RARE_CARDS","is_prod":false,"is_daily":false,"chose_seed":false,"campfire_upgraded":4,"win_rate":0,"timestamp":1543261135,"path_taken":["M","?","?","?","M","E","R","M","T","?","R","?","$","M","R","BOSS","M","?","?","M","M","R","M","M","T","?","M","E","$","M","R","BOSS","M","M","M","?","$","R","M","R","T","M","$","E","M","?","R","BOSS"],"build_version":"2018-11-15","purchased_purges":3,"victory":false,"max_hp_per_floor":[75,69,69,69,69,69,69,69,69,69,69,69,69,69,69,69,69,69,69,69,69,69,69,69,69,69,69,69,69,69,69,69,69,69,69,69,69,69,69,69,69,69,69,69,69,69,69,69,69,69],"card_choices":[{"not_picked":["Multi-Cast","Buffer"],"picked":"Hyperbeam","floor":0},{"not_picked":["Turbo","Lockon"],"picked":"Auto Shields","floor":1},{"not_picked":["Reprogram","Coolheaded"],"picked":"Conserve Battery","floor":4},{"not_picked":["Ball Lightning","Barrage"],"picked":"Sweeping Beam","floor":5},{"not_picked":["White Noise","Skim"],"picked":"Fusion","floor":6},{"not_picked":["Compile Driver","Reinforced Body"],"picked":"Capacitor+1","floor":8},{"not_picked":["Rebound","Beam Cell"],"picked":"Machine Learning+1","floor":14},{"not_picked":["Thunder Strike","Reboot"],"picked":"Machine Learning+1","floor":16},{"not_picked":["Redo","Rebound"],"picked":"Capacitor+1","floor":18},{"not_picked":["Lockon","Steam","Compile Driver"],"picked":"SKIP","floor":20},{"not_picked":["Rebound","Ball Lightning"],"picked":"Hyperbeam","floor":21},{"not_picked":["Storm+1","Streamline+1"],"picked":"Barrage+1","floor":22},{"not_picked":["Gash","Auto Shields"],"picked":"Leap","floor":24},{"not_picked":["Go for the Eyes","Reprogram"],"picked":"Capacitor+1","floor":25},{"not_picked":["Hologram","Aggregate+1"],"picked":"Go for the Eyes","floor":28},{"not_picked":["Auto Shields","Streamline","Electrodynamics+1"],"picked":"SKIP","floor":29},{"not_picked":["Ball Lightning","Undo"],"picked":"Steam+1","floor":31},{"not_picked":["Multi-Cast","Electrodynamics+1"],"picked":"Reboot","floor":33},{"not_picked":["Reprogram","Hello World+1","Streamline"],"picked":"SKIP","floor":35},{"not_picked":["Rebound","Gash"],"picked":"Double Energy+1","floor":36},{"not_picked":["Rip and Tear+1","Gash+1"],"picked":"Steam","floor":37},{"not_picked":["Stack+1","Darkness+1"],"picked":"Leap+1","floor":41},{"not_picked":["Turbo","Streamline","Redo"],"picked":"SKIP","floor":44},{"not_picked":["Beam Cell","Compile Driver+1"],"picked":"Hologram+1","floor":46},{"not_picked":["Stack+1","FTL"],"picked":"Beam Cell+1","floor":47},{"not_picked":["Go for the Eyes+1","Redo"],"picked":"Reinforced Body+1","floor":48}],"player_experience":148093,"relics_obtained":[{"floor":6,"key":"Frozen Egg 2"},{"floor":9,"key":"Mummified Hand"},{"floor":10,"key":"Meat on the Bone"},{"floor":29,"key":"Anchor"},{"floor":43,"key":"Gremlin Horn"},{"floor":46,"key":"Bottled Flame"}],"event_choices":[{"damage_healed":0,"gold_gain":0,"player_choice":"Lose Max HP","damage_taken":0,"relics_obtained":["Golden Idol"],"max_hp_gain":0,"max_hp_loss":6,"event_name":"Golden Idol","floor":2,"gold_loss":0},{"damage_healed":0,"gold_gain":0,"cards_transformed":["Dualcast"],"player_choice":"Transformed","damage_taken":0,"max_hp_gain":0,"max_hp_loss":0,"event_name":"Transmorgrifier","floor":3,"gold_loss":0,"cards_obtained":["Meteor Strike"]},{"damage_healed":0,"gold_gain":0,"player_choice":"Searched \u00271\u0027 times","damage_taken":0,"max_hp_gain":0,"max_hp_loss":0,"event_name":"Dead Adventurer","floor":10,"gold_loss":0},{"damage_healed":0,"gold_gain":75,"player_choice":"Gather Gold","damage_taken":11,"max_hp_gain":0,"max_hp_loss":0,"event_name":"World of Goop","floor":12,"gold_loss":0},{"cards_removed":["Machine Learning"],"damage_healed":0,"gold_gain":0,"player_choice":"Took Card","damage_taken":0,"max_hp_gain":0,"max_hp_loss":0,"event_name":"NoteForYourself","floor":19,"gold_loss":0,"cards_obtained":["Metallicize"]},{"cards_removed":["Strike_B"],"damage_healed":0,"gold_gain":0,"player_choice":"Gave Gold","damage_taken":0,"max_hp_gain":0,"max_hp_loss":0,"event_name":"Beggar","floor":27,"gold_loss":75},{"damage_healed":0,"gold_gain":0,"cards_transformed":["Double Energy"],"player_choice":"Transformed","damage_taken":0,"max_hp_gain":0,"max_hp_loss":0,"event_name":"Transmorgrifier","floor":38,"gold_loss":0,"cards_obtained":["Streamline"]}],"is_beta":false,"boss_relics":[{"not_picked":["Runic Dome","Pandora\u0027s Box"],"picked":"Sozu"},{"not_picked":["White Beast Statue","Philosopher\u0027s Stone"],"picked":"Astrolabe"}],"items_purged_floors":[13,30,39],"is_endless":false,"potions_floor_spawned":[5,8,16,18,21,28,31,36,41,46,47,48],"killed_by":"Time Eater","ascension_level":0}