{"gold_per_floor":[10,10,26,26,26,58,58,74,74,89,89,89,89,110,110,241,241,256,272,286,43,0,0,18,18,87,87],"floor_reached":27,"playtime":844,"items_purged":[],"score":213,"play_id":"e2da2f86-8c60-4d35-a715-45c6bf24fb4a","local_time":"20190602232248","is_ascension_mode":false,"campfire_choices":[{"floor":11.0,"key":"REST"},{"data":"1","floor":13.0,"key":"LIFT"},{"data":"2","floor":15.0,"key":"LIFT"},{"data":"3","floor":15.0,"key":"LIFT"},{"floor":23,"key":"REST"},{"data":"Blade Dance","floor":25,"key":"SMITH"}],"neow_cost":"NO_GOLD","seed_source_timestamp":0,"circlet_count":0,"master_deck":["Defend_G","Defend_G","Defend_G","Defend_G","Defend_G","Strike_G","Strike_G","Strike_G","Strike_G","Survivor","Neutralize","Infinite Blades","Prepared","Slice","Injury","Blade Dance+1","Flying Knee","Storm of Steel","Caltrops+1","Blade Dance+1"],"special_seed":0,"relics":["Ring of the Snake","Turnip","Kunai","Golden Idol","Bag of Preparation","Girya","Busted Crown","Pantograph","Meat on the Bone"],"potions_floor_usage":[27],"damage_taken":[{"damage":0.0,"enemies":"2 Louse","floor":1.0,"turns":3.0},{"damage":0.0,"enemies":"Cultist","floor":3.0,"turns":4.0},{"damage":44.0,"enemies":"Gremlin Nob","floor":6.0,"turns":6.0},{"damage":0.0,"enemies":"Jaw Worm","floor":8.0,"turns":3.0},{"damage":11.0,"enemies":"Exordium Wildlife","floor":10.0,"turns":7.0},{"damage":2.0,"enemies":"Red Slaver","floor":14.0,"turns":3.0},{"damage":22.0,"enemies":"Slime Boss","floor":16.0,"turns":10.0},{"damage":17.0,"enemies":"3 Byrds","floor":18.0,"turns":4.0},{"damage":10.0,"enemies":"Chosen","floor":19.0,"turns":4.0},{"damage":17.0,"enemies":"Snake Plant","floor":20.0,"turns":4.0},{"damage":15,"enemies":"Centurion and Healer","floor":24,"turns":4},{"damage":36,"enemies":"Book of Stabbing","floor":27,"turns":4}],"seed_played":"-4960442426214548130","potions_obtained":[{"floor":1.0,"key":"SkillPotion"},{"floor":8.0,"key":"GhostInAJar"},{"floor":14.0,"key":"Regen Potion"},{"floor":24,"key":"Dexterity Potion"}],"is_trial":false,"path_per_floor":["M","?","M","$","?","E","?","M","T","M","R","T","R","M","R","B",null,"M","M","M","$","?","R","M","R","T","E"],"character_chosen":"THE_SILENT","items_purchased":["Pantograph"],"campfire_rested":2,"item_purchase_floors":[21],"current_hp_per_floor":[70,70,70,70,70,26,26,26,26,15,36,36,36,34,34,27,70,53,43,26,26,26,47,32,32,32,0],"gold":87,"neow_bonus":"ONE_RARE_RELIC","is_prod":false,"is_daily":false,"chose_seed":false,"campfire_upgraded":1,"win_rate":0,"timestamp":1559510568,"path_taken":["M","?","M","$","?","E","?","M","T","?","R","?","R","M","R","BOSS","M","M","M","$","?","R","M","R","T","E"],"build_version":"2019-01-23","purchased_purges":0,"victory":false,"max_hp_per_floor":[70,70,70,70,70,70,70,70,70,70,70,70,70,70,70,70,70,70,70,70,70,70,70,70,70,70,70],"card_choices":[{"not_picked":["Accuracy","Concentrate"],"picked":"Infinite Blades","floor":1.0},{"not_picked":["Quick Slash","PiercingWail"],"picked":"Prepared","floor":3.0},{"not_picked":["Die Die Die","Crippling Poison"],"picked":"Slice","floor":6.0},{"not_picked":["Riddle With Holes","Acrobatics"],"picked":"Blade Dance","floor":8.0},{"not_picked":["Finisher","Backflip"],"picked":"Flying Knee","floor":10.0},{"not_picked":["Acrobatics","Finisher","All Out Attack"],"picked":"SKIP","floor":14.0},{"not_picked":["Burst","Tools of the Trade"],"picked":"Storm of Steel","floor":16.0},{"not_picked":[],"picked":"Caltrops+1","floor":18.0},{"not_picked":[],"picked":"Blade Dance+1","floor":19.0},{"not_picked":["Acrobatics"],"picked":"SKIP","floor":20.0},{"not_picked":["Predator"],"picked":"SKIP","floor":24}],"player_experience":280781,"relics_obtained":[{"floor":6.0,"key":"Kunai"},{"floor":9.0,"key":"Bag of Preparation"},{"floor":12.0,"key":"Girya"},{"floor":26,"key":"Meat on the Bone"}],"event_choices":[{"cards_removed":["Strike_G"],"damage_healed":0.0,"max_hp_gain":0.0,"max_hp_loss":0.0,"gold_gain":0.0,"event_name":"Wheel of Change","player_choice":"Card Removal","floor":2.0,"gold_loss":0.0,"damage_taken":0.0},{"damage_healed":0.0,"max_hp_gain":0.0,"max_hp_loss":0.0,"gold_gain":0.0,"event_name":"The Cleric","player_choice":"Leave","floor":5.0,"gold_loss":0.0,"damage_taken":0.0},{"damage_healed":0.0,"max_hp_gain":0.0,"max_hp_loss":0.0,"gold_gain":0.0,"event_name":"Golden Idol","player_choice":"Take Wound","floor":7.0,"gold_loss":0.0,"damage_taken":0.0,"relics_obtained":["Golden Idol"],"cards_obtained":["Injury"]},{"damage_healed":0.0,"max_hp_gain":0.0,"max_hp_loss":0.0,"gold_gain":0.0,"event_name":"Masked Bandits","player_choice":"Paid Fearfully","floor":22.0,"gold_loss":43.0,"damage_taken":0.0}],"is_beta":false,"boss_relics":[{"not_picked":["White Beast Statue","Calling Bell"],"picked":"Busted Crown"}],"items_purged_floors":[],"is_endless":false,"potions_floor_spawned":[1,8,14,24],"killed_by":"Book of Stabbing","ascension_level":0}