{"gold_per_floor":[118,3,3,20,34,34,54,54,54,70,82,98,98,110,110,210,210,193,208,223,13,13,13,113,113,113,130,77,90,90,90,90,191,191,206,206,27,127,127,153,153,178,178,194,220,220,248,248,248,248,248,248,74,103,103],"floor_reached":56,"playtime":2312,"items_purged":["Strike_B","Defend_B"],"score":1380,"play_id":"c7360c9a-0fd5-4a06-98bc-05be7b094a02","local_time":"20190509192417","is_ascension_mode":false,"campfire_choices":[{"data":"Defragment","floor":6.0,"key":"SMITH"},{"data":"White Noise","floor":8.0,"key":"SMITH"},{"data":"Glacier","floor":13.0,"key":"SMITH"},{"data":"Dualcast","floor":15.0,"key":"SMITH"},{"data":"Biased Cognition","floor":23.0,"key":"SMITH"},{"data":"Consume","floor":25.0,"key":"SMITH"},{"data":"Zap","floor":32,"key":"SMITH"},{"data":"Purity","floor":41,"key":"SMITH"},{"floor":49,"key":"RECALL"},{"data":"Blizzard","floor":52,"key":"SMITH"}],"neow_cost":"NONE","seed_source_timestamp":276252511559888,"circlet_count":0,"master_deck":["Strike_B","Strike_B","Strike_B","Defend_B","Defend_B","Defend_B","Zap+1","Dualcast+1","Defragment+1","Self Repair","Gash","White Noise+1","Gash","Glacier+1","Chill","Gash","Hologram+1","BootSequence","Consume+1","Defragment+1","Gash","All For One","Gash","Blizzard+1","Deep Breath","Purity+1","Beam Cell+1","Hologram+1","Scrape","Discovery"],"special_seed":0,"relics":["FrozenCore","NeowsBlessing","Pantograph","Orichalcum","Runic Dome","Runic Capacitor","Juzu Bracelet","Unceasing Top","Letter Opener","StoneCalendar","MutagenicStrength","FaceOfCleric","WingedGreaves","Centennial Puzzle","Anchor","Bottled Tornado","Kunai","PreservedInsect","Bag of Preparation"],"potions_floor_usage":[40,50,55,55,55],"damage_taken":[{"damage":0.0,"enemies":"2 Louse","floor":1.0,"turns":1.0},{"damage":0.0,"enemies":"Cultist","floor":4.0,"turns":1.0},{"damage":0.0,"enemies":"Small Slimes","floor":5.0,"turns":1.0},{"damage":0.0,"enemies":"3 Louse","floor":7.0,"turns":4.0},{"damage":8.0,"enemies":"2 Fungi Beasts","floor":10.0,"turns":3.0},{"damage":9.0,"enemies":"Blue Slaver","floor":11.0,"turns":3.0},{"damage":0.0,"enemies":"Exordium Thugs","floor":12.0,"turns":5.0},{"damage":0.0,"enemies":"Exordium Wildlife","floor":14.0,"turns":5.0},{"damage":33.0,"enemies":"Slime Boss","floor":16.0,"turns":12.0},{"damage":6.0,"enemies":"2 Thieves","floor":18.0,"turns":4.0},{"damage":1.0,"enemies":"Spheric Guardian","floor":19.0,"turns":4.0},{"damage":3.0,"enemies":"Snake Plant","floor":20.0,"turns":6.0},{"damage":1.0,"enemies":"Colosseum Slavers","floor":24.0,"turns":7.0},{"damage":29.0,"enemies":"Colosseum Nobs","floor":24.0,"turns":4.0},{"damage":0,"enemies":"Centurion and Healer","floor":27,"turns":7},{"damage":0,"enemies":"Shelled Parasite and Fungi","floor":29,"turns":6},{"damage":0,"enemies":"Automaton","floor":33,"turns":10},{"damage":0,"enemies":"Orb Walker","floor":35,"turns":2},{"damage":12,"enemies":"Mind Bloom Boss Battle","floor":38,"turns":7},{"damage":0,"enemies":"Giant Head","floor":40,"turns":8},{"damage":0,"enemies":"Reptomancer","floor":42,"turns":5},{"damage":17,"enemies":"3 Darklings","floor":44,"turns":6},{"damage":0,"enemies":"Giant Head","floor":45,"turns":5},{"damage":1,"enemies":"Reptomancer","floor":47,"turns":4},{"damage":7,"enemies":"Time Eater","floor":50,"turns":9},{"damage":26,"enemies":"Shield and Spear","floor":54,"turns":5},{"damage":55,"enemies":"The Heart","floor":55,"turns":9}],"seed_played":"687046809203995617","potions_obtained":[{"floor":1.0,"key":"Dexterity Potion"},{"floor":10.0,"key":"Ancient Potion"},{"floor":11.0,"key":"SteroidPotion"},{"floor":16.0,"key":"EssenceOfSteel"},{"floor":19.0,"key":"AttackPotion"},{"floor":20.0,"key":"SteroidPotion"},{"floor":29,"key":"SpeedPotion"},{"floor":38,"key":"SkillPotion"},{"floor":42,"key":"LiquidBronze"},{"floor":45,"key":"Dexterity Potion"}],"is_trial":false,"path_per_floor":["M","$","?","M","M","R","M","R","T","M","M","M","R","M","R","B",null,"M","M","M","$","?","R","?","R","T","M","$","M","?","?","R","B",null,"M","?","$","?","?","E","R","E","T","M","E","T","E","?","R","B",null,"R","$","E","B",null],"character_chosen":"DEFECT","items_purchased":["Self Repair","Runic Capacitor","Gash","Blizzard","Scrape","Discovery","PowerPotion"],"campfire_rested":0,"item_purchase_floors":[2,21,28,37,53,53,53],"current_hp_per_floor":[75,75,75,75,75,75,75,75,75,74,72,75,75,75,75,49,75,75,75,75,75,75,75,53,53,53,60,60,67,67,67,67,75,75,75,75,75,71,61,69,69,77,77,68,76,76,81,81,81,82,82,82,82,64,36],"gold":103,"neow_bonus":"THREE_ENEMY_KILL","is_prod":false,"is_daily":false,"chose_seed":false,"campfire_upgraded":9,"win_rate":0,"timestamp":1557397457,"path_taken":["M","$","?","M","?","R","M","R","T","M","M","M","R","M","R","BOSS","M","M","M","$","?","R","?","R","T","M","$","M","?","?","R","BOSS","M","?","?","?","?","E","R","E","T","M","E","?","E","?","R","BOSS","R","$","E","BOSS"],"build_version":"2019-01-23","purchased_purges":2,"victory":true,"max_hp_per_floor":[75,75,75,75,75,75,75,75,75,75,75,75,75,75,75,75,75,75,75,75,75,75,75,75,75,75,75,75,75,75,75,75,75,75,75,75,75,76,76,77,77,78,78,79,80,80,81,81,81,82,82,82,82,83,84],"card_choices":[{"not_picked":["Stack","Hello World"],"picked":"Defragment","floor":1.0},{"not_picked":["Compile Driver","Steam","Stack"],"picked":"SKIP","floor":4.0},{"not_picked":["Compile Driver","White Noise"],"picked":"Gash","floor":5.0},{"not_picked":["Double Energy","Force Field"],"picked":"White Noise","floor":7.0},{"not_picked":["Hologram","Chill"],"picked":"Gash","floor":10.0},{"not_picked":["Redo","Ball Lightning"],"picked":"Glacier","floor":11.0},{"not_picked":["Blizzard","Chaos"],"picked":"Chill","floor":12.0},{"not_picked":["Hologram","Steam"],"picked":"Gash","floor":14.0},{"not_picked":["Buffer","Amplify"],"picked":"Biased Cognition","floor":16.0},{"not_picked":["Sweeping Beam","Barrage+1"],"picked":"Hologram+1","floor":18.0},{"not_picked":["Chaos","Streamline"],"picked":"BootSequence","floor":19.0},{"not_picked":["Streamline","Conserve Battery","Barrage"],"picked":"SKIP","floor":20.0},{"not_picked":["Chill","Conserve Battery"],"picked":"Consume","floor":24.0},{"not_picked":["Cold Snap","Force Field"],"picked":"Defragment+1","floor":27},{"not_picked":["Hologram","Steam","Compile Driver+1"],"picked":"SKIP","floor":29},{"not_picked":["Meteor Strike","Amplify"],"picked":"All For One","floor":33},{"not_picked":["Go for the Eyes+1","Storm"],"picked":"Gash","floor":35},{"not_picked":["Mind Blast","Chrysalis"],"picked":"Deep Breath","floor":39},{"not_picked":["Good Instincts","Apotheosis"],"picked":"Purity","floor":39},{"not_picked":["Undo","Leap+1","Consume+1"],"picked":"SKIP","floor":40},{"not_picked":["Undo","Leap+1","Consume+1"],"picked":"SKIP","floor":40},{"not_picked":["Force Field+1","Rebound+1"],"picked":"Beam Cell+1","floor":42},{"not_picked":["Hello World+1","Beam Cell","Stack+1"],"picked":"SKIP","floor":44},{"not_picked":["Ball Lightning+1","Streamline"],"picked":"Hologram+1","floor":45},{"not_picked":["Heatsinks+1","Sweeping Beam","Rainbow"],"picked":"SKIP","floor":47},{"not_picked":["Leap","Steam Power","Hologram"],"picked":"SKIP","floor":54}],"player_experience":403622,"relics_obtained":[{"floor":9.0,"key":"Orichalcum"},{"floor":24.0,"key":"Unceasing Top"},{"floor":24.0,"key":"Letter Opener"},{"floor":26.0,"key":"StoneCalendar"},{"floor":38,"key":"WingedGreaves"},{"floor":40,"key":"Centennial Puzzle"},{"floor":42,"key":"Anchor"},{"floor":45,"key":"Bottled Tornado"},{"floor":46,"key":"Kunai"},{"floor":47,"key":"PreservedInsect"},{"floor":54,"key":"Bag of Preparation"}],"event_choices":[{"damage_healed":0.0,"max_hp_gain":0.0,"max_hp_loss":0.0,"gold_gain":0.0,"event_name":"WeMeetAgain","player_choice":"Gave Potion","floor":3.0,"gold_loss":0.0,"damage_taken":0.0,"relics_obtained":["Pantograph"]},{"damage_healed":0.0,"max_hp_gain":0.0,"max_hp_loss":0.0,"gold_gain":0.0,"event_name":"The Mausoleum","player_choice":"Opened","floor":22.0,"gold_loss":0.0,"damage_taken":0.0,"relics_obtained":["Juzu Bracelet"]},{"damage_healed":0.0,"max_hp_gain":0.0,"max_hp_loss":0.0,"gold_gain":0.0,"event_name":"Colosseum","player_choice":"Fight","floor":24.0,"gold_loss":0.0,"damage_taken":0.0},{"damage_healed":0.0,"max_hp_gain":0.0,"max_hp_loss":0.0,"gold_gain":0.0,"event_name":"Colosseum","player_choice":"Fought Nobs","floor":24.0,"gold_loss":0.0,"damage_taken":0.0},{"damage_healed":0,"gold_gain":0,"player_choice":"Ignored","damage_taken":0,"max_hp_gain":0,"max_hp_loss":0,"event_name":"Ghosts","floor":30,"gold_loss":0},{"damage_healed":0,"gold_gain":0,"player_choice":"Inject Mutagens","damage_taken":0,"relics_obtained":["MutagenicStrength"],"max_hp_gain":0,"max_hp_loss":0,"event_name":"Drug Dealer","floor":31,"gold_loss":0},{"damage_healed":0,"gold_gain":0,"player_choice":"Trade","damage_taken":0,"relics_obtained":["FaceOfCleric"],"max_hp_gain":0,"max_hp_loss":0,"event_name":"FaceTrader","floor":36,"gold_loss":0},{"damage_healed":0,"gold_gain":0,"player_choice":"Fight","damage_taken":0,"max_hp_gain":0,"max_hp_loss":0,"event_name":"MindBloom","floor":38,"gold_loss":0},{"damage_healed":0,"gold_gain":0,"player_choice":"Memory 3","damage_taken":10,"max_hp_gain":0,"max_hp_loss":0,"event_name":"SensoryStone","floor":39,"gold_loss":0},{"cards_removed":["Biased Cognition"],"damage_healed":0,"gold_gain":0,"player_choice":"Removed Power","damage_taken":0,"max_hp_gain":0,"max_hp_loss":0,"event_name":"Falling","floor":48,"gold_loss":0}],"is_beta":false,"boss_relics":[{"not_picked":["Lizard Tail","Velvet Choker"],"picked":"Runic Dome"},{"not_picked":["Inserter","Astrolabe"],"picked":"FrozenCore"}],"items_purged_floors":[2,37],"is_endless":false,"potions_floor_spawned":[1,10,11,16,19,20,29,38,42,45,47],"ascension_level":0}