{"gold_per_floor":[115,115,129,179,192,192,218,218,218,249,267,267],"floor_reached":12,"playtime":722,"items_purged":[],"score":163,"play_id":"caa0f64d-b428-449a-8196-a1467764778d","local_time":"20190523181334","is_ascension_mode":true,"campfire_choices":[{"floor":6,"key":"REST"},{"floor":8,"key":"REST"}],"neow_cost":"PERCENT_DAMAGE","seed_source_timestamp":120712444689969,"circlet_count":0,"master_deck":["AscendersBane","Strike_B","Strike_B","Strike_B","Defend_B","Defend_B","Defend_B","Defend_B","Zap","Dualcast","Hologram","Reinforced Body","Sweeping Beam","Ball Lightning","Echo Form","Auto Shields"],"relics":["Cracked Core","Dead Branch","Ornamental Fan","Darkstone Periapt","Smiling Mask"],"potions_floor_usage":[7,10,12],"damage_taken":[{"damage":3,"enemies":"2 Louse","floor":1,"turns":3},{"damage":1,"enemies":"Cultist","floor":3,"turns":3},{"damage":8,"enemies":"Small Slimes","floor":5,"turns":5},{"damage":48,"enemies":"Gremlin Nob","floor":7,"turns":6},{"damage":20,"enemies":"Lagavulin","floor":10,"turns":5},{"damage":6,"enemies":"3 Louse","floor":11,"turns":4},{"damage":9,"enemies":"Gremlin Nob","floor":12,"turns":2}],"seed_played":"-4185536093123764728","potions_obtained":[{"floor":1,"key":"Regen Potion"},{"floor":5,"key":"Energy Potion"},{"floor":10,"key":"Ancient Potion"}],"is_trial":false,"path_per_floor":["M","?","M","?","M","R","E","R","T","E","M","E"],"character_chosen":"DEFECT","items_purchased":[],"campfire_rested":2,"item_purchase_floors":[],"current_hp_per_floor":[43,36,35,35,27,48,14,35,35,15,9,0],"gold":267,"neow_bonus":"ONE_RARE_RELIC","is_prod":false,"is_daily":false,"chose_seed":false,"campfire_upgraded":0,"win_rate":0,"timestamp":1558660414,"path_taken":["M","?","M","?","M","R","E","R","T","E","?","E"],"build_version":"2019-01-23","purchased_purges":0,"victory":false,"max_hp_per_floor":[71,71,71,71,71,71,71,71,71,71,71,71],"card_choices":[{"not_picked":["Force Field","Rebound"],"picked":"Hologram","floor":1},{"not_picked":["Storm","Stack"],"picked":"Reinforced Body","floor":3},{"not_picked":["Conserve Battery","Stack"],"picked":"Sweeping Beam","floor":5},{"not_picked":["Skim","Hologram"],"picked":"Ball Lightning","floor":7},{"not_picked":["Go for the Eyes","Beam Cell"],"picked":"Echo Form","floor":10},{"not_picked":["Barrage","Compile Driver"],"picked":"Auto Shields","floor":11}],"player_experience":718600,"relics_obtained":[{"floor":7,"key":"Ornamental Fan"},{"floor":9,"key":"Darkstone Periapt"},{"floor":10,"key":"Smiling Mask"}],"event_choices":[{"cards_removed":["Strike_B"],"damage_healed":0,"gold_gain":0,"player_choice":"Card Removal","damage_taken":7,"max_hp_gain":0,"max_hp_loss":0,"event_name":"Golden Wing","floor":2,"gold_loss":0},{"damage_healed":0,"gold_gain":50,"player_choice":"Pray","damage_taken":0,"max_hp_gain":0,"max_hp_loss":0,"event_name":"Golden Shrine","floor":4,"gold_loss":0}],"is_beta":false,"boss_relics":[],"items_purged_floors":[],"is_endless":false,"potions_floor_spawned":[1,5,10],"killed_by":"Gremlin Nob","ascension_level":17}