{"gold_per_floor":[116,136,146,159,16,16,16,16,66,66,80,80,80,30,30,125,125,145,145,163,180,180,180,203,203,277,277,288,304,323,338,338,442,442,454,454,470,522,462,462,487,502,527,541,541,64,64,82,82,82],"floor_reached":50,"playtime":3182,"items_purged":[],"score":587,"play_id":"dc0563f0-241c-4510-8c7a-bc7e521e6314","local_time":"20190502153213","is_ascension_mode":true,"campfire_choices":[{"data":"Streamline","floor":6,"key":"SMITH"},{"data":"Streamline","floor":8,"key":"SMITH"},{"data":"Jack Of All Trades","floor":13,"key":"SMITH"},{"data":"Force Field","floor":15,"key":"SMITH"},{"floor":23,"key":"REST"},{"floor":27,"key":"RECALL"},{"floor":32,"key":"REST"},{"floor":40,"key":"REST"},{"floor":45,"key":"REST"},{"floor":47,"key":"DIG"},{"floor":49,"key":"DIG"}],"neow_cost":"NONE","seed_source_timestamp":199054782160064,"circlet_count":0,"master_deck":["Strike_B","Strike_B","Defend_B","Defend_B","Defend_B","Zap","Dualcast","Streamline+1","Force Field+1","FTL","Streamline+1","Jack Of All Trades+1","Meteor Strike+1","Hello World","Self Repair","Streamline","Sunder+1","All For One","Undo+1","Defragment","Deep Breath","Heatsinks","Reboot","Machine Learning","Mind Blast","Sunder"],"relics":["Snecko Eye","Regal Pillow","Anchor","Fusion Hammer","Enchiridion","Happy Flower","Blue Candle","Lizard Tail","Shovel","Boot","Bronze Scales","Lantern","TheAbacus","Dream Catcher","Nunchaku"],"potions_floor_usage":[11,30,30,33,33,38,44,44,48,50],"damage_taken":[{"damage":6,"enemies":"Jaw Worm","floor":1,"turns":6},{"damage":1,"enemies":"Cultist","floor":2,"turns":3},{"damage":7,"enemies":"Small Slimes","floor":3,"turns":3},{"damage":4,"enemies":"2 Fungi Beasts","floor":4,"turns":3},{"damage":0,"enemies":"Looter","floor":11,"turns":2},{"damage":15,"enemies":"The Guardian","floor":16,"turns":9},{"damage":7,"enemies":"Shell Parasite","floor":18,"turns":3},{"damage":0,"enemies":"Spheric Guardian","floor":20,"turns":2},{"damage":5,"enemies":"Shelled Parasite and Fungi","floor":21,"turns":3},{"damage":0,"enemies":"Cultist and Chosen","floor":28,"turns":4},{"damage":0,"enemies":"Snake Plant","floor":29,"turns":3},{"damage":7,"enemies":"Centurion and Healer","floor":30,"turns":3},{"damage":0,"enemies":"Chosen and Byrds","floor":31,"turns":4},{"damage":55,"enemies":"Champ","floor":33,"turns":7},{"damage":0,"enemies":"3 Darklings","floor":35,"turns":2},{"damage":0,"enemies":"3 Shapes","floor":37,"turns":2},{"damage":33,"enemies":"2 Orb Walkers","floor":38,"turns":4},{"damage":0,"enemies":"Reptomancer","floor":41,"turns":4},{"damage":0,"enemies":"Maw","floor":42,"turns":4},{"damage":82,"enemies":"Transient","floor":44,"turns":5},{"damage":14,"enemies":"Jaw Worm Horde","floor":48,"turns":3},{"damage":80,"enemies":"Awakened One","floor":50,"turns":8}],"seed_played":"1046468009099092873","potions_obtained":[{"floor":2,"key":"SteroidPotion"},{"floor":3,"key":"Energy Potion"},{"floor":4,"key":"GamblersBrew"},{"floor":16,"key":"FearPotion"},{"floor":18,"key":"SneckoOil"},{"floor":21,"key":"EssenceOfSteel"},{"floor":30,"key":"Swift Potion"},{"floor":31,"key":"SpeedPotion"},{"floor":35,"key":"Weak Potion"},{"floor":38,"key":"Block Potion"},{"floor":41,"key":"Energy Potion"}],"is_trial":false,"path_per_floor":["M","M","M","M","$","R","?","R","T","$","M","?","R","?","R","B",null,"M","?","M","M","?","R","T","?","T","R","M","M","M","M","R","B",null,"M","?","M","?","?","R","E","M","T","M","R","$","R","M","R","B"],"character_chosen":"DEFECT","items_purchased":["Regal Pillow","Lantern","Mind Blast","TheAbacus","Fire Potion"],"campfire_rested":4,"item_purchase_floors":[5,46,46,46,46],"current_hp_per_floor":[69,68,61,57,57,57,57,57,57,57,57,57,57,57,57,42,75,68,52,52,47,33,72,72,72,72,72,79,79,79,80,80,25,80,80,80,80,54,54,80,80,80,80,40,79,79,79,72,72,0],"gold":82,"neow_bonus":"BOSS_RELIC","is_prod":false,"is_daily":false,"chose_seed":false,"campfire_upgraded":4,"win_rate":0,"timestamp":1556836333,"path_taken":["M","M","M","M","$","R","?","R","T","?","?","?","R","?","R","BOSS","M","?","M","M","?","R","?","?","T","R","M","M","M","M","R","BOSS","M","?","?","?","?","R","E","?","T","M","R","$","R","M","R","BOSS"],"build_version":"2019-01-23","purchased_purges":0,"victory":false,"max_hp_per_floor":[75,75,75,75,75,75,75,75,75,75,75,75,75,75,75,75,75,75,75,75,75,80,80,80,80,80,80,80,80,80,80,80,80,80,80,80,80,80,80,80,80,80,80,80,80,80,80,80,80,80],"card_choices":[{"not_picked":["Turbo","Compile Driver"],"picked":"Streamline","floor":1},{"not_picked":["Storm","Leap"],"picked":"Force Field","floor":2},{"not_picked":["Ball Lightning","Melter"],"picked":"FTL","floor":3},{"not_picked":["White Noise","Gash"],"picked":"Streamline","floor":4},{"not_picked":["Thunder Strike","Rip and Tear","Genetic Algorithm"],"picked":"SKIP","floor":11},{"not_picked":["Amplify","Thunder Strike"],"picked":"Meteor Strike","floor":16},{"not_picked":["Defragment","Leap+1"],"picked":"Hello World","floor":18},{"not_picked":["Barrage","Static Discharge","Heatsinks"],"picked":"SKIP","floor":20},{"not_picked":["Lockon","Storm"],"picked":"Self Repair","floor":21},{"not_picked":["Sweeping Beam+1","Coolheaded"],"picked":"Streamline","floor":28},{"not_picked":["Hologram","Steam","Chaos"],"picked":"SKIP","floor":29},{"not_picked":["Chill","Compile Driver+1"],"picked":"Sunder+1","floor":30},{"not_picked":["Coolheaded","Barrage","Leap"],"picked":"SKIP","floor":31},{"not_picked":["Biased Cognition","Rainbow"],"picked":"All For One","floor":33},{"not_picked":["Chill+1","Leap+1"],"picked":"Undo+1","floor":35},{"not_picked":["Hello World","Lockon+1","Cold Snap"],"picked":"SKIP","floor":37},{"not_picked":["Hologram","Stack+1","Turbo"],"picked":"SKIP","floor":41},{"not_picked":["Beam Cell","Ball Lightning","Compile Driver"],"picked":"SKIP","floor":42},{"not_picked":["Fusion+1","Chill+1"],"picked":"Machine Learning","floor":44},{"not_picked":["Reprogram+1","Gash+1"],"picked":"Sunder","floor":48}],"player_experience":236944,"relics_obtained":[{"floor":9,"key":"Anchor"},{"floor":19,"key":"Enchiridion"},{"floor":24,"key":"Happy Flower"},{"floor":26,"key":"Blue Candle"},{"floor":38,"key":"Shovel"},{"floor":41,"key":"Boot"},{"floor":43,"key":"Bronze Scales"},{"floor":47,"key":"Dream Catcher"},{"floor":49,"key":"Nunchaku"}],"event_choices":[{"damage_healed":0,"gold_gain":0,"player_choice":"1 cards matched","damage_taken":0,"max_hp_gain":0,"max_hp_loss":0,"event_name":"Match and Keep!","floor":7,"gold_loss":0,"cards_obtained":["Jack Of All Trades"]},{"damage_healed":0,"gold_gain":0,"player_choice":"Ignored","damage_taken":0,"max_hp_gain":0,"max_hp_loss":0,"event_name":"Golden Idol","floor":12,"gold_loss":0},{"cards_removed":["Defend_B"],"damage_healed":0,"gold_gain":0,"player_choice":"Card Removal","damage_taken":0,"max_hp_gain":0,"max_hp_loss":0,"event_name":"The Cleric","floor":14,"gold_loss":50},{"damage_healed":0,"gold_gain":0,"player_choice":"Obtained Book","damage_taken":16,"max_hp_gain":0,"max_hp_loss":0,"event_name":"Cursed Tome","floor":19,"gold_loss":0},{"damage_healed":0,"gold_gain":0,"player_choice":"Shed Blood","damage_taken":19,"max_hp_gain":5,"max_hp_loss":0,"event_name":"Forgotten Altar","floor":22,"gold_loss":0},{"damage_healed":0,"gold_gain":0,"player_choice":"Forge","damage_taken":0,"max_hp_gain":0,"max_hp_loss":0,"event_name":"Accursed Blacksmith","floor":25,"gold_loss":0,"cards_upgraded":["Meteor Strike"]},{"damage_healed":0,"gold_gain":0,"player_choice":"2 cards matched","damage_taken":0,"max_hp_gain":0,"max_hp_loss":0,"event_name":"Match and Keep!","floor":36,"gold_loss":0,"cards_obtained":["Defragment","Deep Breath"]},{"damage_healed":0,"gold_gain":0,"player_choice":"Fight","damage_taken":0,"max_hp_gain":0,"max_hp_loss":0,"event_name":"Mysterious Sphere","floor":38,"gold_loss":0},{"damage_healed":0,"gold_gain":0,"cards_transformed":["Strike_B","Strike_B"],"player_choice":"Transformed Cards","damage_taken":0,"max_hp_gain":0,"max_hp_loss":0,"event_name":"Designer","floor":39,"gold_loss":60,"cards_obtained":["Heatsinks","Reboot"]}],"is_beta":false,"boss_relics":[{"not_picked":["Tiny House","Coffee Dripper"],"picked":"Fusion Hammer"},{"not_picked":["White Beast Statue","Eternal Feather"],"picked":"Lizard Tail"}],"items_purged_floors":[],"is_endless":false,"potions_floor_spawned":[2,3,4,16,18,21,30,31,35,38,41],"killed_by":"Awakened One","ascension_level":4}