{"gold_per_floor":[110,127,47,63,79,79,111,131,214,214,37,37,69,69,69,173,173,186,198,216,244,244,244,277,277,326,326,358,358,375,375,375,474,474,491,113,465,489,501,530,321,352,352,366,366,401,401,401,401,496,496,510,530,530,120,158,158,194,210,235,235],"floor_reached":61,"playtime":3182,"items_purged":[],"score":1045,"play_id":"39ce0630-7f68-424a-8bda-49a64857aa82","local_time":"20180717141741","daily_mods":["Draft","Heirloom","Specialized","Elite Swarm"],"is_ascension_mode":false,"campfire_choices":[{"data":"Sunder","floor":6,"key":"SMITH"},{"data":"White Noise","floor":10,"key":"SMITH"},{"data":"White Noise","floor":12,"key":"SMITH"},{"data":"Seek","floor":15,"key":"SMITH"},{"data":"Consume","floor":23,"key":"SMITH"},{"data":"Capacitor","floor":25,"key":"SMITH"},{"data":"Capacitor","floor":27,"key":"SMITH"},{"data":"Redo","floor":29,"key":"SMITH"},{"data":"Core Surge","floor":32,"key":"SMITH"},{"data":"Enlightenment","floor":45,"key":"SMITH"},{"data":"Meteor Strike","floor":47,"key":"SMITH"},{"data":"Coolheaded","floor":49,"key":"SMITH"},{"data":"Glacier","floor":57,"key":"SMITH"}],"neow_cost":"","seed_source_timestamp":0,"circlet_count":0,"master_deck":["Cold Snap","Capacitor+1","Self Repair","Sunder+1","Conserve Battery","Chill","Redo+1","Chill","Ball Lightning","White Noise+1","Ball Lightning","White Noise+1","Consume+1","Cold Snap","Leap+1","Leap+1","Coolheaded+1","Capacitor+1","BootSequence","Amplify","Hologram+1","Panache","Seek+1","Core Surge+1","Streamline+1","Meteor Strike+1","Electrodynamics","Beam Cell","Enlightenment+1","Barrage+1","Blizzard+1","Reboot+1","Seek+1","Core Surge","Thunder Strike","Defragment","Stack+1","Glacier+1","Undo+1","Consume+1","FTL","Glacier+1","Go for the Eyes","Core Surge","Coolheaded"],"relics":["Cracked Core","Calipers","Orichalcum","Tiny Chest","Incense Burner","Nuclear Battery","Red Mask","Pen Nib","Art of War","Gremlin Horn","Coffee Dripper","ClockworkSouvenir","Old Coin","Juzu Bracelet","Mercury Hourglass","DollysMirror","Dream Catcher","Ancient Tea Set","War Paint","Orrery","Golden Idol","Oddly Smooth Stone","Lee\u0027s Waffle","Odd Mushroom","Potion Belt"],"potions_floor_usage":[16,24,24,24,40,46,50],"damage_taken":[{"damage":0,"enemies":"Cultist","floor":1,"turns":3},{"damage":0,"enemies":"2 Louse","floor":2,"turns":2},{"damage":0,"enemies":"Small Slimes","floor":4,"turns":2},{"damage":7,"enemies":"Gremlin Gang","floor":5,"turns":5},{"damage":14,"enemies":"Gremlin Nob","floor":7,"turns":5},{"damage":0,"enemies":"Exordium Wildlife","floor":8,"turns":2},{"damage":2,"enemies":"Lagavulin","floor":13,"turns":6},{"damage":0,"enemies":"The Guardian","floor":16,"turns":11},{"damage":0,"enemies":"2 Thieves","floor":18,"turns":4},{"damage":0,"enemies":"Chosen","floor":19,"turns":4},{"damage":28,"enemies":"3 Cultists","floor":20,"turns":8},{"damage":3,"floor":21,"turns":5},{"damage":0,"enemies":"Gremlin Leader","floor":24,"turns":7},{"damage":8,"enemies":"Slavers","floor":28,"turns":3},{"damage":8,"enemies":"Centurion and Healer","floor":30,"turns":4},{"damage":7,"enemies":"Collector","floor":33,"turns":8},{"damage":0,"enemies":"Flame Bruiser 1 Orb","floor":35,"turns":5},{"damage":2,"floor":37,"turns":3},{"damage":41,"enemies":"3 Darklings","floor":39,"turns":4},{"damage":17,"enemies":"Giant Head","floor":40,"turns":8},{"damage":1,"enemies":"Nemesis","floor":42,"turns":5},{"damage":0,"enemies":"Sphere and 2 Shapes","floor":44,"turns":3},{"damage":0,"enemies":"Giant Head","floor":46,"turns":5},{"damage":12,"enemies":"Awakened One","floor":50,"turns":10},{"damage":0,"enemies":"Cultist","floor":52,"turns":3},{"damage":0,"enemies":"Small Slimes","floor":53,"turns":2},{"damage":2,"floor":56,"turns":4},{"damage":0,"enemies":"Lagavulin","floor":58,"turns":4},{"damage":0,"enemies":"2 Louse","floor":59,"turns":1},{"damage":5,"enemies":"3 Sentries","floor":61,"turns":1}],"seed_played":"-2998046744453883414","potions_obtained":[{"floor":2,"key":"Fire Potion"},{"floor":7,"key":"Poison Potion"},{"floor":20,"key":"SkillPotion"},{"floor":21,"key":"PowerPotion"},{"floor":33,"key":"FocusPotion"},{"floor":40,"key":"GamblersBrew"},{"floor":44,"key":"Block Potion"},{"floor":46,"key":"SmokeBomb"},{"floor":53,"key":"FearPotion"}],"is_trial":true,"path_per_floor":["M","M","$","M","M","R","E","M","T","R","$","R","E","?","R","B",null,"M","M","M","?","?","R","E","R","T","R","E","R","M","$","R","B",null,"M","$","?","T","M","E","$","E","T","M","R","E","R","?","R","B",null,"M","M","?","$","?","R","E","M","T"],"character_chosen":"DEFECT","items_purchased":["Capacitor","Panache","ClockworkSouvenir","Enlightenment","DollysMirror","Glacier","Oddly Smooth Stone","Lee\u0027s Waffle"],"campfire_rested":0,"item_purchase_floors":[3,11,36,36,41,55,55,55],"current_hp_per_floor":[75,75,75,75,75,75,61,61,61,61,61,61,59,44,44,51,75,75,75,54,51,51,51,58,58,58,58,50,50,49,49,49,49,75,75,75,75,75,48,38,38,44,44,44,44,51,51,51,51,46,75,75,75,57,82,82,82,82,82,82,77],"gold":235,"neow_bonus":"","is_prod":false,"is_daily":false,"chose_seed":false,"campfire_upgraded":13,"win_rate":0,"timestamp":1531804661,"path_taken":["M","M","?","?","M","R","E","M","T","R","?","R","E","?","R","BOSS","M","?","M","?","?","R","E","R","T","R","E","R","?","?","R","BOSS","M","$","?","?","M","E","?","E","T","M","R","E","R","?","R","BOSS","M","M","?","$","?","R","E","M","T","E"],"build_version":"2018-07-12","purchased_purges":0,"victory":false,"max_hp_per_floor":[75,75,75,75,75,75,75,75,75,75,75,75,75,75,75,75,75,75,75,75,75,75,75,75,75,75,75,75,75,75,75,75,75,75,75,75,75,75,75,75,75,75,75,75,75,75,75,75,75,75,75,75,75,75,82,82,82,82,82,82,82],"card_choices":[{"not_picked":["Gash","Conserve Battery"],"picked":"Cold Snap","floor":0},{"not_picked":["Gash","Cold Snap"],"picked":"Capacitor","floor":0},{"not_picked":["Leap","Coolheaded"],"picked":"Self Repair","floor":0},{"not_picked":["Aggregate","Lockon"],"picked":"Sunder","floor":0},{"not_picked":["Turbo","Darkness"],"picked":"Conserve Battery","floor":0},{"not_picked":["Coolheaded","Beam Cell"],"picked":"Chill","floor":0},{"not_picked":["Compile Driver","Fusion"],"picked":"Redo","floor":0},{"not_picked":["Streamline","Capacitor"],"picked":"Chill","floor":0},{"not_picked":["Coolheaded","Barrage"],"picked":"Ball Lightning","floor":0},{"not_picked":["Rebound","Cold Snap"],"picked":"White Noise","floor":0},{"not_picked":["Gash","Doom and Gloom"],"picked":"Ball Lightning","floor":0},{"not_picked":["Rip and Tear","Streamline"],"picked":"White Noise","floor":0},{"not_picked":["Conserve Battery","Hologram"],"picked":"Consume","floor":0},{"not_picked":["Rebound","Hello World"],"picked":"Cold Snap","floor":0},{"not_picked":["Barrage","Gash"],"picked":"Leap","floor":0},{"not_picked":["Ball Lightning","Recycle"],"picked":"Leap","floor":1},{"not_picked":["Cold Snap","Go for the Eyes"],"picked":"Coolheaded","floor":2},{"not_picked":["Sweeping Beam","Cold Snap"],"picked":"BootSequence","floor":4},{"not_picked":["Auto Shields","Rebound","Chaos"],"picked":"SKIP","floor":5},{"not_picked":["Creative AI","Biased Cognition"],"picked":"Amplify","floor":7},{"not_picked":["Auto Shields","Stack"],"picked":"Hologram","floor":8},{"not_picked":["Core Surge","Creative AI"],"picked":"Seek","floor":13},{"not_picked":["Rainbow","Electrodynamics"],"picked":"Core Surge","floor":16},{"not_picked":["Ball Lightning","Sweeping Beam","Barrage"],"picked":"SKIP","floor":18},{"not_picked":["Coolheaded+1","Ball Lightning"],"picked":"Streamline+1","floor":19},{"not_picked":["Cold Snap","Rebound","Streamline"],"picked":"SKIP","floor":20},{"not_picked":["Fission","Creative AI"],"picked":"Electrodynamics","floor":24},{"not_picked":["Hyperbeam","Multi-Cast","Electrodynamics"],"picked":"SKIP","floor":28},{"not_picked":["Rebound","Reprogram"],"picked":"Beam Cell","floor":30},{"not_picked":["Gash","Hello World","Heatsinks+1"],"picked":"SKIP","floor":35},{"not_picked":["BootSequence+1","Steam+1"],"picked":"Barrage+1","floor":37},{"not_picked":["Barrage","Rebound+1"],"picked":"Blizzard+1","floor":39},{"not_picked":["Seek","Creative AI"],"picked":"Reboot","floor":40},{"not_picked":["Machine Learning","Hyperbeam","Creative AI"],"picked":"SKIP","floor":42},{"not_picked":["Conserve Battery","Compile Driver","Steam+1"],"picked":"SKIP","floor":44},{"not_picked":["Creative AI","Meteor Strike"],"picked":"Core Surge","floor":46},{"not_picked":["Core Surge","All For One"],"picked":"Thunder Strike","floor":50},{"not_picked":["Fusion+1","Turbo"],"picked":"Defragment","floor":51},{"not_picked":["Hello World","Hologram"],"picked":"Stack+1","floor":51},{"not_picked":["Rebound","Turbo"],"picked":"Glacier+1","floor":51},{"not_picked":["Hologram","Leap"],"picked":"Undo+1","floor":51},{"not_picked":["Turbo","Beam Cell"],"picked":"Consume+1","floor":51},{"not_picked":["Streamline","Sweeping Beam"],"picked":"FTL","floor":52},{"not_picked":["Hologram","Undo","Sweeping Beam"],"picked":"SKIP","floor":53},{"not_picked":["Steam","Loop"],"picked":"Go for the Eyes","floor":56},{"not_picked":["Buffer","Creative AI"],"picked":"Core Surge","floor":58},{"not_picked":["Steam","Reprogram"],"picked":"Coolheaded","floor":59}],"player_experience":194556,"relics_obtained":[{"floor":7,"key":"Orichalcum"},{"floor":9,"key":"Tiny Chest"},{"floor":13,"key":"Incense Burner"},{"floor":21,"key":"Red Mask"},{"floor":24,"key":"Pen Nib"},{"floor":26,"key":"Art of War"},{"floor":28,"key":"Gremlin Horn"},{"floor":37,"key":"Old Coin"},{"floor":38,"key":"Juzu Bracelet"},{"floor":40,"key":"Mercury Hourglass"},{"floor":42,"key":"Dream Catcher"},{"floor":43,"key":"Ancient Tea Set"},{"floor":46,"key":"War Paint"},{"floor":56,"key":"Odd Mushroom"},{"floor":60,"key":"Potion Belt"}],"event_choices":[{"event_name":"Shining Light","player_choice":"Entered Light","floor":14,"damage_taken":0},{"event_name":"Masked Bandits","player_choice":"Fought over 216 gold","floor":21,"damage_taken":0},{"event_name":"The Library","player_choice":"Read","floor":22,"damage_taken":0},{"event_name":"Mysterious Sphere","player_choice":"Fight","floor":37,"damage_taken":0},{"event_name":"The Woman in Blue","player_choice":"Bought 0 Potions","floor":48,"damage_taken":0},{"event_name":"Golden Idol","player_choice":"Take Damage","floor":54,"damage_taken":0},{"event_name":"Mushrooms","player_choice":"Fought Mushrooms","floor":56,"damage_taken":0}],"boss_relics":[{"not_picked":["Lizard Tail","Busted Crown"],"picked":"Nuclear Battery"},{"not_picked":["Pandora\u0027s Box","Philosopher\u0027s Stone"],"picked":"Coffee Dripper"},{"not_picked":["Fusion Hammer","Runic Dome"],"picked":"Orrery"}],"items_purged_floors":[],"is_endless":true,"potions_floor_spawned":[2,7,20,21,33,40,44,46,53],"killed_by":"3 Sentries","ascension_level":0}