{"gold_per_floor":[119,134,84,84,84,119,4,4,4,38,56,56,118,132,132,228,228,213,228,228,243,254,254,9,9,35,53,53,19,35,134,134,231,231,245,245,262,9,9,9,9,9,9,26,46,64,64,64,64,64],"floor_reached":50,"playtime":2947,"items_purged":["Defend_R"],"score":475,"play_id":"ce63ee93-7c49-4172-bc12-d24f5bef96f3","local_time":"20180624100303","is_ascension_mode":false,"campfire_choices":[{"floor":15,"key":"REST"},{"data":"Armaments","floor":25,"key":"SMITH"},{"floor":28,"key":"REST"},{"data":"Juggernaut","floor":32,"key":"SMITH"},{"data":"Combust","floor":41,"key":"SMITH"},{"data":"Metallicize","floor":47,"key":"SMITH"},{"floor":49,"key":"REST"}],"neow_cost":"NONE","seed_source_timestamp":160551946480552,"circlet_count":0,"master_deck":["Strike_R","Strike_R","Strike_R","Defend_R+1","Defend_R+1","Defend_R","Bash","Rampage","Pommel Strike","Twin Strike","Spot Weakness","Shrug It Off","Metallicize+1","Juggernaut+1","Writhe","Armaments+1","Shrug It Off+1","Fire Breathing","Combust+1","Reaper","Panache","Magnetism","Bandage Up","Rampage+1","Madness","Madness","Clumsy","Iron Wave+1","Rampage+1"],"relics":["Burning Blood","Boot","Bottled Flame","Juzu Bracelet","Mummified Hand","Sundial","Anchor","Runic Cube","Thread and Needle","Happy Flower","Paper Frog","Potion Belt","Cursed Key","Mercury Hourglass","Gremlin Horn","Oddly Smooth Stone"],"potions_floor_usage":[6,10,10,13,16,27,27,33,44,50,50,50],"damage_taken":[{"damage":1,"enemies":"Cultist","floor":1,"turns":3},{"damage":0,"enemies":"2 Louse","floor":2,"turns":2},{"damage":28,"enemies":"Gremlin Nob","floor":6,"turns":4},{"damage":7,"enemies":"Lagavulin","floor":10,"turns":5},{"damage":0,"enemies":"Small Slimes","floor":11,"turns":2},{"damage":6,"enemies":"Gremlin Nob","floor":13,"turns":3},{"damage":8,"enemies":"2 Fungi Beasts","floor":14,"turns":3},{"damage":27,"enemies":"The Guardian","floor":16,"turns":9},{"damage":22,"enemies":"2 Thieves","floor":18,"turns":4},{"damage":22,"enemies":"3 Byrds","floor":19,"turns":5},{"damage":17,"enemies":"Sentry and Sphere","floor":21,"turns":6},{"damage":0,"enemies":"Snecko","floor":22,"turns":5},{"damage":0,"enemies":"Snake Plant","floor":27,"turns":5},{"damage":0,"enemies":"Sentry and Sphere","floor":30,"turns":7},{"damage":60,"enemies":"Automaton","floor":33,"turns":11},{"damage":7,"enemies":"Orb Walker","floor":35,"turns":4},{"damage":14,"enemies":"3 Darklings","floor":37,"turns":5},{"damage":15,"enemies":"Sphere and 2 Shapes","floor":44,"turns":4},{"damage":14,"enemies":"4 Shapes","floor":45,"turns":4},{"damage":18,"enemies":"Maw","floor":46,"turns":7},{"damage":108,"enemies":"Awakened One","floor":50,"turns":10}],"seed_played":"2069152105947553934","potions_obtained":[{"floor":1,"key":"EssenceOfSteel"},{"floor":2,"key":"SneckoOil"},{"floor":5,"key":"Strength Potion"},{"floor":5,"key":"Fruit Juice"},{"floor":6,"key":"Block Potion"},{"floor":14,"key":"AttackPotion"},{"floor":21,"key":"AttackPotion"},{"floor":22,"key":"Fire Potion"},{"floor":27,"key":"Weak Potion"},{"floor":33,"key":"Poison Potion"},{"floor":44,"key":"Ancient Potion"},{"floor":45,"key":"Strength Potion"},{"floor":46,"key":"Energy Potion"}],"is_trial":false,"path_per_floor":["M","M","?","T","?","E","$","?","T","E","M","?","?","M","R","B",null,"M","M","?","M","M","?","$","R","T","M","R","$","M","?","R","B",null,"M","?","M","$","?","?","R","?","T","M","M","M","R","?","R"],"character_chosen":"IRONCLAD","items_purchased":["Spot Weakness","Paper Frog","Fire Breathing","Mercury Hourglass"],"campfire_rested":3,"item_purchase_floors":[7,24,29,38],"current_hp_per_floor":[80,80,80,80,80,63,63,63,63,62,68,51,51,49,74,53,85,69,53,53,42,48,48,48,48,48,54,79,79,85,85,85,31,85,85,75,85,85,74,74,74,74,74,69,82,76,76,76,85,0],"gold":64,"neow_bonus":"RANDOM_COMMON_RELIC","is_prod":false,"is_daily":false,"chose_seed":false,"campfire_upgraded":4,"win_rate":0,"timestamp":1529827383,"path_taken":["M","?","?","?","?","E","$","?","T","E","M","?","?","M","R","BOSS","M","M","?","M","M","?","?","R","T","M","R","$","M","?","R","BOSS","M","?","M","$","?","?","R","?","T","M","M","M","R","?","R","BOSS"],"build_version":"2018-06-21v2","purchased_purges":1,"victory":false,"max_hp_per_floor":[80,80,80,80,80,85,85,85,85,85,85,85,85,85,85,85,85,85,85,85,85,85,85,85,85,85,85,85,85,85,85,85,85,85,85,85,85,85,85,85,85,85,85,85,85,85,85,85,85,85],"card_choices":[{"not_picked":["Burning Pact","Shockwave"],"picked":"Rampage","floor":1},{"not_picked":["Hemokinesis","Body Slam"],"picked":"Pommel Strike","floor":2},{"not_picked":["Warcry","Dropkick"],"picked":"Twin Strike","floor":6},{"not_picked":["Warcry","Uppercut","Blood for Blood"],"picked":"SKIP","floor":10},{"not_picked":["Cleave","Warcry"],"picked":"Shrug It Off","floor":11},{"not_picked":["Offering","Clash"],"picked":"Metallicize","floor":13},{"not_picked":["Anger","Entrench","Warcry"],"picked":"SKIP","floor":14},{"not_picked":["Double Tap","Immolate"],"picked":"Juggernaut","floor":16},{"not_picked":["Clothesline","True Grit"],"picked":"Twin Strike","floor":18},{"not_picked":["Dropkick","Bloodletting","Blood for Blood"],"picked":"SKIP","floor":19},{"not_picked":["Fiend Fire","Cleave"],"picked":"Armaments","floor":21},{"not_picked":["Twin Strike","True Grit"],"picked":"Shrug It Off+1","floor":22},{"not_picked":["Wild Strike","Sever Soul","Reckless Charge"],"picked":"SKIP","floor":27},{"not_picked":["Rage","Heavy Blade"],"picked":"Combust","floor":30},{"not_picked":["Fiend Fire","Berserk"],"picked":"Reaper","floor":33},{"not_picked":["Sever Soul","Intimidate","Twin Strike"],"picked":"SKIP","floor":35},{"not_picked":["Enlightenment","Secret Weapon"],"picked":"Panache","floor":36},{"not_picked":["Flash of Steel","Trip"],"picked":"Magnetism","floor":36},{"not_picked":["Mind Blast","Flash of Steel"],"picked":"Bandage Up","floor":36},{"not_picked":["Anger","Bloodletting+1"],"picked":"Rampage+1","floor":37},{"not_picked":["Body Slam","Twin Strike"],"picked":"Iron Wave+1","floor":44},{"not_picked":["Wild Strike","Second Wind"],"picked":"Rampage+1","floor":45},{"not_picked":["Perfected Strike+1","Intimidate+1","True Grit"],"picked":"SKIP","floor":46}],"player_experience":33393,"relics_obtained":[{"floor":4,"key":"Bottled Flame"},{"floor":6,"key":"Juzu Bracelet"},{"floor":9,"key":"Mummified Hand"},{"floor":10,"key":"Sundial"},{"floor":13,"key":"Anchor"},{"floor":26,"key":"Potion Belt"},{"floor":43,"key":"Gremlin Horn"}],"event_choices":[{"event_name":"The Cleric","player_choice":"Card Removal","floor":3,"damage_taken":0},{"event_name":"The Lab","player_choice":"Got Potions","floor":5,"damage_taken":0},{"event_name":"Living Wall","player_choice":"Forget","floor":8,"damage_taken":0},{"event_name":"Shining Light","player_choice":"Entered Light","floor":12,"damage_taken":0},{"event_name":"Dead Adventurer","player_choice":"Searched \u00272\u0027 times","floor":13,"damage_taken":0},{"event_name":"The Mausoleum","player_choice":"Yes","floor":20,"damage_taken":0},{"event_name":"Accursed Blacksmith","player_choice":"Rummage","floor":23,"damage_taken":0},{"event_name":"Nest","player_choice":"Stole From Cult","floor":31,"damage_taken":0},{"event_name":"SensoryStone","player_choice":"Memory 3","floor":36,"damage_taken":0},{"event_name":"Winding Halls","player_choice":"Embrace Madness","floor":39,"damage_taken":0},{"event_name":"Falling","player_choice":"Removed Attack","floor":40,"damage_taken":0},{"event_name":"Mysterious Sphere","player_choice":"Ignore","floor":42,"damage_taken":0},{"event_name":"Wheel of Change","player_choice":"Relic","floor":48,"damage_taken":0}],"boss_relics":[{"not_picked":["Runic Dome","Busted Crown"],"picked":"Runic Cube"},{"not_picked":["Orrery","Fusion Hammer"],"picked":"Cursed Key"}],"items_purged_floors":[7],"is_endless":false,"potions_floor_spawned":[1,2,6,14,21,22,27,33,44,45,46],"killed_by":"Awakened One","ascension_level":0}