{"gold_per_floor":[110,60,60,28,28,53,53,81,81,21,21,35,45,71,71,174,174,191,191,55,55],"floor_reached":21,"playtime":766,"items_purged":["Strike_B","Decay"],"score":469,"play_id":"bdba6d1d-604f-4026-9384-7d7a46f48fef","local_time":"20190511233632","is_ascension_mode":true,"campfire_choices":[{"data":"White Noise","floor":7,"key":"SMITH"},{"floor":15,"key":"REST"}],"neow_cost":"NONE","seed_source_timestamp":516304514281800,"circlet_count":0,"master_deck":["AscendersBane","Zap","Dualcast","White Noise+1","Flash of Steel","Echo Form","Streamline","BootSequence","Core Surge","Stack","Self Repair","Sweeping Beam","Genetic Algorithm","Genetic Algorithm","Storm","Buffer"],"relics":["Cracked Core","NeowsBlessing","Pear","Bag of Marbles","The Courier","Bottled Lightning","Pandora\u0027s Box"],"potions_floor_usage":[14,16],"damage_taken":[{"damage":0,"enemies":"2 Louse","floor":1,"turns":1},{"damage":0,"enemies":"Gremlin Nob","floor":6,"turns":1},{"damage":0,"enemies":"3 Sentries","floor":8,"turns":1},{"damage":14,"enemies":"Jaw Worm","floor":12,"turns":3},{"damage":1,"enemies":"Cultist","floor":13,"turns":4},{"damage":15,"enemies":"Lagavulin","floor":14,"turns":5},{"damage":0,"enemies":"Slime Boss","floor":16,"turns":3},{"damage":73,"enemies":"3 Byrds","floor":18,"turns":5},{"damage":26,"enemies":"Colosseum Slavers","floor":21,"turns":2}],"seed_played":"5818201325018315382","potions_obtained":[{"floor":1,"key":"FairyPotion"},{"floor":6,"key":"FearPotion"},{"floor":14,"key":"AttackPotion"},{"floor":18,"key":"SpeedPotion"}],"is_trial":false,"path_per_floor":["M","?","?","?","$","E","R","E","T","$","?","M","M","E","R","B",null,"M","?","$","?"],"character_chosen":"DEFECT","items_purchased":["Buffer"],"campfire_rested":1,"item_purchase_floors":[20],"current_hp_per_floor":[68,68,68,68,68,78,78,78,78,78,78,64,63,48,73,73,82,9,9,9,0],"gold":55,"neow_bonus":"THREE_ENEMY_KILL","is_prod":false,"is_daily":false,"chose_seed":false,"campfire_upgraded":1,"win_rate":0,"timestamp":1557642992,"path_taken":["M","?","?","?","$","E","R","E","T","?","?","?","M","E","R","BOSS","M","?","$","?"],"build_version":"2019-01-23","purchased_purges":2,"victory":false,"max_hp_per_floor":[75,75,75,75,75,85,85,85,85,85,85,85,85,85,85,85,85,85,85,85,85],"card_choices":[{"not_picked":["Recycle","Skim","Sweeping Beam"],"picked":"SKIP","floor":1},{"not_picked":["Reprogram","Streamline"],"picked":"White Noise","floor":6},{"not_picked":["Coolheaded","Barrage","Auto Shields"],"picked":"SKIP","floor":8},{"not_picked":["Ball Lightning","Skim"],"picked":"Streamline","floor":12},{"not_picked":["Aggregate","Streamline","Cold Snap"],"picked":"SKIP","floor":13},{"not_picked":["Gash","Seek"],"picked":"BootSequence","floor":14},{"not_picked":["Echo Form","Multi-Cast"],"picked":"Core Surge","floor":16},{"not_picked":["Coolheaded","Go for the Eyes","Force Field"],"picked":"SKIP","floor":18}],"player_experience":483587,"relics_obtained":[{"floor":6,"key":"Pear"},{"floor":8,"key":"Bag of Marbles"},{"floor":9,"key":"The Courier"},{"floor":14,"key":"Bottled Lightning"}],"event_choices":[{"cards_removed":["Strike_B"],"damage_healed":0,"gold_gain":0,"player_choice":"Card Removal","damage_taken":0,"max_hp_gain":0,"max_hp_loss":0,"event_name":"The Cleric","floor":2,"gold_loss":50},{"damage_healed":0,"gold_gain":0,"player_choice":"Ignored","damage_taken":0,"max_hp_gain":0,"max_hp_loss":0,"event_name":"Shining Light","floor":3,"gold_loss":0},{"damage_healed":0,"gold_gain":0,"player_choice":"Left Gold","damage_taken":0,"max_hp_gain":0,"max_hp_loss":0,"event_name":"World of Goop","floor":4,"gold_loss":32},{"damage_healed":0,"gold_gain":0,"player_choice":"2 cards matched","damage_taken":0,"max_hp_gain":0,"max_hp_loss":0,"event_name":"Match and Keep!","floor":11,"gold_loss":0,"cards_obtained":["Flash of Steel","Echo Form"]},{"damage_healed":0,"gold_gain":0,"player_choice":"Smashed Altar","damage_taken":0,"max_hp_gain":0,"max_hp_loss":0,"event_name":"Forgotten Altar","floor":19,"gold_loss":0,"cards_obtained":["Decay"]},{"damage_healed":0,"gold_gain":0,"player_choice":"Fight","damage_taken":0,"max_hp_gain":0,"max_hp_loss":0,"event_name":"Colosseum","floor":21,"gold_loss":0}],"is_beta":false,"boss_relics":[{"not_picked":["Ectoplasm","Coffee Dripper"],"picked":"Pandora\u0027s Box"}],"items_purged_floors":[10,20],"is_endless":false,"potions_floor_spawned":[1,6,14,18],"killed_by":"Colosseum Slavers","ascension_level":12}