{"gold_per_floor":[112,62,78,78,253,282,293,293,293,293,293,306,334,345,345,446,446,460,472,490,509,509],"floor_reached":22,"playtime":751,"items_purged":[],"score":323,"play_id":"5f51e909-5ac5-4802-83fa-ffae1123e20c","local_time":"20190126105456","is_ascension_mode":false,"campfire_choices":[{"data":"Static Discharge","floor":8,"key":"SMITH"},{"data":"Hologram","floor":15,"key":"SMITH"}],"neow_cost":"NONE","seed_source_timestamp":84317075689246,"circlet_count":0,"master_deck":["Strike_B","Strike_B","Strike_B","Defend_B","Defend_B","Defend_B","Zap","Dualcast","Blizzard","BootSequence","Doubt","Capacitor","Static Discharge+1","Regret","Static Discharge","Hologram+1","Machine Learning","Parasite","Clumsy","Decay","Hello World","Darkness","Melter+1"],"relics":["Cracked Core","NeowsBlessing","Emotion Chip","Blue Candle","Gambling Chip","PreservedInsect","Happy Flower","Calling Bell","Bag of Marbles","Mercury Hourglass","Turnip"],"potions_floor_usage":[16,19,20,22,22],"damage_taken":[{"damage":0,"enemies":"Jaw Worm","floor":1,"turns":1},{"damage":0,"enemies":"2 Louse","floor":3,"turns":1},{"damage":0,"enemies":"Lagavulin","floor":6,"turns":2},{"damage":0,"enemies":"Small Slimes","floor":7,"turns":4},{"damage":1,"enemies":"2 Fungi Beasts","floor":12,"turns":3},{"damage":13,"enemies":"Gremlin Nob","floor":13,"turns":3},{"damage":5,"enemies":"Blue Slaver","floor":14,"turns":3},{"damage":32,"enemies":"Hexaghost","floor":16,"turns":5},{"damage":9,"enemies":"3 Byrds","floor":18,"turns":2},{"damage":24,"enemies":"Chosen","floor":19,"turns":5},{"damage":14,"enemies":"3 Cultists","floor":20,"turns":4},{"damage":25,"enemies":"Shelled Parasite and Fungi","floor":21,"turns":3},{"damage":10,"enemies":"Snecko","floor":22,"turns":3}],"seed_played":"-7463613770400962985","potions_obtained":[{"floor":3,"key":"Energy Potion"},{"floor":6,"key":"LiquidBronze"},{"floor":12,"key":"Energy Potion"},{"floor":18,"key":"SpeedPotion"},{"floor":19,"key":"SpeedPotion"}],"is_trial":false,"path_per_floor":["M","?","M","?","?","E","M","R","T","?","?","M","E","M","R","B",null,"M","M","M","M","M"],"character_chosen":"DEFECT","items_purchased":[],"campfire_rested":0,"item_purchase_floors":[],"current_hp_per_floor":[75,75,75,75,75,75,75,75,75,75,72,71,58,53,53,21,75,66,42,28,3,0],"gold":509,"neow_bonus":"THREE_ENEMY_KILL","is_prod":false,"is_daily":false,"chose_seed":false,"campfire_upgraded":2,"win_rate":0,"timestamp":1548496496,"path_taken":["M","?","M","?","?","E","M","R","T","?","?","M","E","M","R","BOSS","M","M","M","M","M"],"build_version":"2019-01-23","purchased_purges":0,"victory":false,"max_hp_per_floor":[75,75,75,75,75,75,75,75,75,75,75,75,75,75,75,75,75,75,75,75,75,75],"card_choices":[{"not_picked":["Turbo","Sunder"],"picked":"Blizzard","floor":1},{"not_picked":["Barrage","Auto Shields"],"picked":"BootSequence","floor":3},{"not_picked":["Blizzard","BootSequence"],"picked":"Capacitor","floor":6},{"not_picked":["Barrage","Melter"],"picked":"Static Discharge","floor":7},{"not_picked":["Barrage","Beam Cell"],"picked":"Static Discharge","floor":12},{"not_picked":["Rebound","Go for the Eyes"],"picked":"Hologram","floor":13},{"not_picked":["Go for the Eyes","Barrage","Hologram"],"picked":"SKIP","floor":14},{"not_picked":["Buffer","Fission"],"picked":"Machine Learning","floor":16},{"not_picked":["Steam+1","Steam Power"],"picked":"Hello World","floor":18},{"not_picked":["Recycle+1","Stack"],"picked":"Darkness","floor":19},{"not_picked":["Gash","Reprogram"],"picked":"Melter+1","floor":20},{"not_picked":["Compile Driver+1","Skim","Redo"],"picked":"SKIP","floor":21}],"player_experience":194250,"relics_obtained":[{"floor":6,"key":"Emotion Chip"},{"floor":9,"key":"Blue Candle"},{"floor":13,"key":"Happy Flower"},{"floor":17,"key":"Bag of Marbles"},{"floor":17,"key":"Mercury Hourglass"},{"floor":17,"key":"Turnip"}],"event_choices":[{"cards_removed":["Strike_B"],"damage_healed":0,"gold_gain":0,"player_choice":"Card Removal","damage_taken":0,"max_hp_gain":0,"max_hp_loss":0,"event_name":"The Cleric","floor":2,"gold_loss":50},{"cards_removed":["Defend_B"],"damage_healed":0,"gold_gain":0,"player_choice":"Forget","damage_taken":0,"max_hp_gain":0,"max_hp_loss":0,"event_name":"Living Wall","floor":4,"gold_loss":0},{"damage_healed":0,"gold_gain":175,"player_choice":"AGREE","damage_taken":0,"max_hp_gain":0,"max_hp_loss":0,"event_name":"Liars Game","floor":5,"gold_loss":0,"cards_obtained":["Doubt"]},{"damage_healed":0,"gold_gain":0,"player_choice":"Box","damage_taken":0,"relics_obtained":["Gambling Chip"],"max_hp_gain":0,"max_hp_loss":0,"event_name":"Big Fish","floor":10,"gold_loss":0,"cards_obtained":["Regret"]},{"damage_healed":0,"gold_gain":0,"player_choice":"Success","damage_taken":3,"relics_obtained":["PreservedInsect"],"max_hp_gain":0,"max_hp_loss":0,"event_name":"Scrap Ooze","floor":11,"gold_loss":0}],"is_beta":false,"boss_relics":[{"not_picked":["Runic Pyramid","Philosopher\u0027s Stone"],"picked":"Calling Bell"}],"items_purged_floors":[],"is_endless":false,"potions_floor_spawned":[3,6,12,18,19],"killed_by":"Snecko","ascension_level":0}