{"gold_per_floor":[113,128,140,158,178,207,225,225,225,245,257,286,286,296,296,392,392,408,419,430,447,27,59,74,74,74,89,99,99,115,140,140,237,237,247,266,266,284,296,296,309,309,335,31,31],"floor_reached":45,"playtime":1931,"items_purged":["Regret"],"score":579,"play_id":"358264fa-34a4-4ae2-b0df-08f9be5bd12c","local_time":"20190422160131","is_ascension_mode":false,"campfire_choices":[{"data":"Infinite Blades","floor":8.0,"key":"SMITH"},{"floor":13.0,"key":"REST"},{"data":"Skewer","floor":15.0,"key":"SMITH"},{"floor":25.0,"key":"REST"},{"floor":29.0,"key":"REST"},{"floor":32,"key":"REST"},{"floor":40,"key":"REST"},{"floor":42,"key":"REST"}],"neow_cost":"NONE","seed_source_timestamp":643904191251728,"circlet_count":0,"master_deck":["Defend_G","Defend_G","Defend_G","Defend_G","Strike_G","Strike_G","Strike_G","Strike_G","Survivor","Neutralize","Blade Dance","Dagger Throw","Dodge and Roll","Infinite Blades+1","Terror","Corpse Explosion","Blur","Cloak And Dagger","Skewer+1","Well Laid Plans","Envenom","Regret","Crippling Poison+1","Predator+1","Deflect+1","Sucker Punch+1","Noxious Fumes+1","Blade Dance","Panache","Footwork","Infinite Blades","Decay","Cold Snap","Steam","Storm of Steel+1","Ball Lightning+1","Armaments+1","Panacea+1","Panacea+1","Enlightenment+1","Body Slam+1","Auto Shields+1","Noxious Fumes"],"special_seed":0,"relics":["Cursed Key","Mercury Hourglass","Kunai","Thread and Needle","Astrolabe","PrismaticShard","Paper Crane","Letter Opener","Toxic Egg 2","Boot","Snake Skull"],"potions_floor_usage":[33,33,38,39],"damage_taken":[{"damage":0.0,"enemies":"Cultist","floor":1.0,"turns":4.0},{"damage":0.0,"enemies":"Small Slimes","floor":2.0,"turns":4.0},{"damage":1.0,"enemies":"Jaw Worm","floor":3.0,"turns":3.0},{"damage":4.0,"enemies":"3 Louse","floor":4.0,"turns":3.0},{"damage":7.0,"enemies":"Looter","floor":5.0,"turns":2.0},{"damage":9.0,"enemies":"Lagavulin","floor":6.0,"turns":7.0},{"damage":4.0,"enemies":"Red Slaver","floor":7.0,"turns":3.0},{"damage":0.0,"enemies":"Gremlin Gang","floor":10.0,"turns":1.0},{"damage":16.0,"enemies":"Exordium Thugs","floor":11.0,"turns":5.0},{"damage":0.0,"enemies":"3 Sentries","floor":12.0,"turns":2.0},{"damage":8.0,"enemies":"Blue Slaver","floor":14.0,"turns":3.0},{"damage":0.0,"enemies":"The Guardian","floor":16.0,"turns":8.0},{"damage":1.0,"enemies":"Spheric Guardian","floor":18.0,"turns":3.0},{"damage":12.0,"enemies":"3 Byrds","floor":19.0,"turns":3.0},{"damage":5.0,"enemies":"Cultist and Chosen","floor":20.0,"turns":4.0},{"damage":16.0,"enemies":"Centurion and Healer","floor":21.0,"turns":3.0},{"damage":15.0,"enemies":"Book of Stabbing","floor":23.0,"turns":6.0},{"damage":12.0,"enemies":"Snake Plant","floor":24.0,"turns":3.0},{"damage":12.0,"enemies":"Snecko","floor":27.0,"turns":4.0},{"damage":8.0,"enemies":"Centurion and Healer","floor":28.0,"turns":2.0},{"damage":0,"enemies":"Chosen and Byrds","floor":30,"turns":5},{"damage":37,"enemies":"Gremlin Leader","floor":31,"turns":6},{"damage":10,"enemies":"Automaton","floor":33,"turns":9},{"damage":14,"enemies":"3 Shapes","floor":35,"turns":2},{"damage":2,"enemies":"Orb Walker","floor":36,"turns":3},{"damage":27,"enemies":"Maw","floor":38,"turns":8},{"damage":0,"enemies":"Transient","floor":39,"turns":5},{"damage":33,"enemies":"Sphere and 2 Shapes","floor":41,"turns":4},{"damage":34,"enemies":"3 Darklings","floor":45,"turns":2}],"seed_played":"1249344449629656659","potions_obtained":[{"floor":3.0,"key":"Swift Potion"},{"floor":6.0,"key":"SkillPotion"},{"floor":10.0,"key":"Energy Potion"},{"floor":12.0,"key":"PowerPotion"},{"floor":16.0,"key":"EntropicBrew"},{"floor":19.0,"key":"Regen Potion"},{"floor":21.0,"key":"Fire Potion"},{"floor":23.0,"key":"SpeedPotion"},{"floor":24.0,"key":"Fire Potion"},{"floor":28.0,"key":"Dexterity Potion"},{"floor":36,"key":"SkillPotion"},{"floor":38,"key":"Block Potion"}],"is_trial":false,"path_per_floor":["M","M","M","M","M","E","M","R","T","M","M","E","R","M","R","B",null,"M","M","M","M","$","E","M","R","T","M","M","R","M","E","R","B",null,"M","M","?","M","M","R","M","R","T","$","M"],"character_chosen":"THE_SILENT","items_purchased":["Panache","Footwork","PrismaticShard","Snake Skull","Noxious Fumes"],"campfire_rested":6,"item_purchase_floors":[22,22,22,44,44],"current_hp_per_floor":[70,70,69,65,58,49,45,45,45,45,29,29,50,42,42,42,70,69,57,64,48,48,33,21,42,42,30,22,43,43,6,27,17,70,56,54,49,22,22,43,10,31,31,31,0],"gold":31,"neow_bonus":"BOSS_RELIC","is_prod":false,"is_daily":false,"chose_seed":false,"campfire_upgraded":2,"win_rate":0,"timestamp":1555941691,"path_taken":["M","M","M","M","M","E","M","R","T","M","M","E","R","M","R","BOSS","M","M","M","M","$","E","?","R","T","M","M","R","?","E","R","BOSS","M","M","?","M","M","R","M","R","T","$","M"],"build_version":"2019-01-23","purchased_purges":1,"victory":false,"max_hp_per_floor":[70,70,70,70,70,70,70,70,70,70,70,70,70,70,70,70,70,70,70,70,70,70,70,70,70,70,70,70,70,70,70,70,70,70,70,70,70,70,70,70,70,70,70,70,70],"card_choices":[{"not_picked":["Setup","Well Laid Plans"],"picked":"Blade Dance","floor":1.0},{"not_picked":["Crippling Poison","Backflip"],"picked":"Dagger Throw","floor":2.0},{"not_picked":["Poisoned Stab","PiercingWail"],"picked":"Dodge and Roll","floor":3.0},{"not_picked":["Dodge and Roll","Setup"],"picked":"Infinite Blades","floor":4.0},{"not_picked":["Bane","Flechettes"],"picked":"Terror","floor":5.0},{"not_picked":["Outmaneuver","Backflip","Acrobatics"],"picked":"SKIP","floor":6.0},{"not_picked":["PiercingWail","Calculated Gamble"],"picked":"Corpse Explosion","floor":7.0},{"not_picked":["Tactician","Flechettes"],"picked":"Blur","floor":10.0},{"not_picked":["All Out Attack","Outmaneuver"],"picked":"Cloak And Dagger","floor":11.0},{"not_picked":["Tactician","Backflip"],"picked":"Skewer","floor":12.0},{"not_picked":["Sucker Punch","Skewer"],"picked":"Well Laid Plans","floor":14.0},{"not_picked":["Unload","Doppelganger"],"picked":"Envenom","floor":16.0},{"not_picked":["Endless Agony","Well Laid Plans"],"picked":"Deflect+1","floor":18.0},{"not_picked":["All Out Attack+1","Blur"],"picked":"Sucker Punch+1","floor":19.0},{"not_picked":["Sucker Punch","Eviscerate"],"picked":"Noxious Fumes+1","floor":20.0},{"not_picked":["Predator+1","PiercingWail"],"picked":"Blade Dance","floor":21.0},{"not_picked":["Shockwave","Acrobatics"],"picked":"Infinite Blades","floor":23.0},{"not_picked":["Body Slam","Unload","Clash"],"picked":"SKIP","floor":24.0},{"not_picked":["Flying Knee+1","Gash"],"picked":"Cold Snap","floor":27.0},{"not_picked":["Bane","Whirlwind"],"picked":"Steam","floor":28.0},{"not_picked":["Havoc+1","Amplify","Well Laid Plans"],"picked":"SKIP","floor":30},{"not_picked":["Barrage","Tempest","Flex+1"],"picked":"SKIP","floor":31},{"not_picked":["Rainbow+1","Limit Break+1"],"picked":"Storm of Steel+1","floor":33},{"not_picked":["Headbutt+1","Clash+1"],"picked":"Ball Lightning+1","floor":35},{"not_picked":["Carnage+1","Havoc+1"],"picked":"Armaments+1","floor":36},{"not_picked":["Bandage Up+1","Blind+1"],"picked":"Panacea+1","floor":37},{"not_picked":["Master of Strategy+1","Good Instincts+1"],"picked":"Panacea+1","floor":37},{"not_picked":["Blade Dance+1","Predator+1"],"picked":"Enlightenment+1","floor":38},{"not_picked":["Predator","Sword Boomerang+1"],"picked":"Body Slam+1","floor":39},{"not_picked":["Blade Dance+1","Seeing Red+1"],"picked":"Auto Shields+1","floor":41}],"player_experience":262886,"relics_obtained":[{"floor":6.0,"key":"Mercury Hourglass"},{"floor":9.0,"key":"Kunai"},{"floor":12.0,"key":"Thread and Needle"},{"floor":23.0,"key":"Paper Crane"},{"floor":26.0,"key":"Letter Opener"},{"floor":31,"key":"Toxic Egg 2"},{"floor":43,"key":"Boot"}],"event_choices":[{"damage_healed":0,"gold_gain":0,"player_choice":"Memory 2","damage_taken":5,"max_hp_gain":0,"max_hp_loss":0,"event_name":"SensoryStone","floor":37,"gold_loss":0}],"is_beta":false,"boss_relics":[{"not_picked":["Philosopher\u0027s Stone","White Beast Statue"],"picked":"Astrolabe"},{"not_picked":["Velvet Choker","Pandora\u0027s Box","Fusion Hammer"]}],"items_purged_floors":[44],"is_endless":false,"potions_floor_spawned":[3,6,10,12,16,19,21,23,24,28,36,38],"killed_by":"3 Darklings","ascension_level":0}