{"gold_per_floor":[131,168,205,155,80,80,80,80,106,106,106,141,171,1,1,129,129,171,171,16,28,28,86,86,86,161,161,196,196,247,279,279,381,381,393,393,142,142,97,97,97,152,152,184,184,184],"floor_reached":46,"playtime":1441,"items_purged":["Strike_B","Strike_B"],"score":726,"play_id":"b2a9f35c-0f82-4eca-bbbb-03190dbb5a1e","local_time":"20190321032555","daily_mods":["Allstar","Heirloom","Flight","Elite Swarm"],"is_ascension_mode":false,"campfire_choices":[{"data":"HandOfGreed","floor":6.0,"key":"SMITH"},{"data":"Zap","floor":7.0,"key":"SMITH"},{"data":"Dualcast","floor":8.0,"key":"SMITH"},{"data":"The Bomb","floor":15,"key":"SMITH"},{"data":"1","floor":24,"key":"LIFT"},{"data":"2","floor":25,"key":"LIFT"},{"data":"3","floor":29,"key":"LIFT"},{"floor":32,"key":"REST"},{"data":"Magnetism","floor":40,"key":"SMITH"},{"data":"Seek","floor":41,"key":"SMITH"},{"data":"Chill","floor":45,"key":"SMITH"}],"neow_cost":"","seed_source_timestamp":619429815645518,"circlet_count":0,"master_deck":["Defend_B+1","Zap+1","Dualcast+1","Purity","The Bomb+1","Secret Technique","Secret Weapon","HandOfGreed+1","Coolheaded+1","FTL","Coolheaded","Chill+1","Core Surge","Capacitor+1","Seek","Gash","Seek+1","Reboot+1","Capacitor+1","Force Field+1","Compile Driver+1","Glacier+1","Magnetism+1","Coolheaded+1","Amplify+1","Echo Form"],"special_seed":0,"relics":["Cracked Core","Mango","War Paint","Ornamental Fan","Singing Bowl","Nuclear Battery","Omamori","Girya","Shuriken","Toxic Egg 2","Bottled Tornado","Centennial Puzzle","Astrolabe","The Courier","Regal Pillow","Molten Egg 2"],"potions_floor_usage":[33,33,33],"damage_taken":[{"damage":1.0,"enemies":"Cultist","floor":1.0,"turns":3.0},{"damage":0.0,"enemies":"Small Slimes","floor":2.0,"turns":2.0},{"damage":11.0,"enemies":"Jaw Worm","floor":3.0,"turns":3.0},{"damage":0.0,"enemies":"2 Fungi Beasts","floor":12.0,"turns":2.0},{"damage":3.0,"enemies":"3 Sentries","floor":13.0,"turns":3.0},{"damage":40,"enemies":"Hexaghost","floor":16,"turns":7},{"damage":24,"enemies":"Shell Parasite","floor":18,"turns":4},{"damage":0,"enemies":"Chosen","floor":21,"turns":4},{"damage":0,"enemies":"Gremlin Leader","floor":23,"turns":6},{"damage":14,"enemies":"Shelled Parasite and Fungi","floor":28,"turns":4},{"damage":20,"enemies":"Slavers","floor":30,"turns":3},{"damage":11,"enemies":"Book of Stabbing","floor":31,"turns":3},{"damage":31,"enemies":"Champ","floor":33,"turns":8},{"damage":13,"enemies":"3 Darklings","floor":35,"turns":3},{"damage":31,"enemies":"Reptomancer","floor":42,"turns":6},{"damage":11,"enemies":"Giant Head","floor":44,"turns":6},{"damage":64,"enemies":"Reptomancer","floor":46,"turns":2}],"seed_played":"-4619473724880190233","potions_obtained":[{"floor":2.0,"key":"Regen Potion"},{"floor":13.0,"key":"Regen Potion"},{"floor":16,"key":"Block Potion"},{"floor":23,"key":"SkillPotion"},{"floor":44,"key":"Fire Potion"}],"is_trial":true,"path_per_floor":["M","M","M","?","$","R","R","R","T","T","?","M","E","$","R","B",null,"M","?","$","M","?","E","R","R","T","T","M","R","E","E","R","B",null,"M","?","$","?","$","R","R","E","T","E","R","E"],"character_chosen":"DEFECT","items_purchased":["Capacitor","Omamori","Storm","Magnetism","Coolheaded+1"],"campfire_rested":1,"item_purchase_floors":[14,20,37,37,39],"current_hp_per_floor":[88,88,77,77,77,77,77,77,77,77,77,77,74,74,74,34,89,65,65,65,67,67,67,67,67,67,67,55,55,35,26,54,77,97,84,84,84,84,84,84,84,53,53,42,42,0],"gold":184,"neow_bonus":"","is_prod":false,"is_daily":false,"chose_seed":false,"campfire_upgraded":7,"win_rate":0,"timestamp":1553106355,"path_taken":["M","M","?","?","$","R","R","R","T","?","?","?","E","$","R","BOSS","M","?","?","?","?","E","R","R","T","?","?","R","E","E","R","BOSS","M","?","$","?","?","R","R","E","T","E","R","E"],"build_version":"2019-01-23","purchased_purges":2,"victory":false,"max_hp_per_floor":[89,89,89,89,89,89,89,89,89,89,89,89,89,89,89,89,89,89,89,89,91,91,91,91,91,91,91,93,93,93,95,95,97,97,97,97,97,97,97,97,97,97,97,97,97,97],"card_choices":[{"not_picked":["Chaos","Blizzard"],"picked":"Coolheaded","floor":1.0},{"not_picked":["Conserve Battery","Redo"],"picked":"FTL","floor":2.0},{"not_picked":["Stack","Turbo"],"picked":"Coolheaded","floor":3.0},{"not_picked":["Barrage","Leap"],"picked":"Chill","floor":12.0},{"not_picked":["Reboot","Fission"],"picked":"Core Surge","floor":13.0},{"not_picked":["Meteor Strike","Electrodynamics"],"picked":"Seek","floor":16},{"not_picked":["Hologram","Leap"],"picked":"Gash","floor":18},{"not_picked":["Rebound","Coolheaded","Turbo"],"picked":"Singing Bowl","floor":21},{"not_picked":["All For One","Hyperbeam"],"picked":"Seek","floor":23},{"not_picked":["Ball Lightning","Coolheaded+1","Go for the Eyes"],"picked":"Singing Bowl","floor":28},{"not_picked":["Core Surge","Machine Learning"],"picked":"Reboot+1","floor":30},{"not_picked":["Thunder Strike","All For One","Rainbow+1"],"picked":"Singing Bowl","floor":31},{"not_picked":["Meteor Strike","Buffer","Electrodynamics"],"picked":"Singing Bowl","floor":33},{"not_picked":["Compile Driver+1","Beam Cell"],"picked":"Glacier+1","floor":35},{"not_picked":["Core Surge","Meteor Strike"],"picked":"Amplify+1","floor":42},{"not_picked":["Seek+1","Thunder Strike"],"picked":"Echo Form","floor":44}],"player_experience":346248,"relics_obtained":[{"floor":9.0,"key":"War Paint"},{"floor":10.0,"key":"Ornamental Fan"},{"floor":13.0,"key":"Singing Bowl"},{"floor":23,"key":"Girya"},{"floor":26,"key":"Shuriken"},{"floor":27,"key":"Toxic Egg 2"},{"floor":30,"key":"Bottled Tornado"},{"floor":31,"key":"Centennial Puzzle"},{"floor":42,"key":"The Courier"},{"floor":43,"key":"Regal Pillow"},{"floor":44,"key":"Molten Egg 2"}],"event_choices":[{"cards_removed":["Defend_B"],"damage_healed":0.0,"max_hp_gain":0.0,"max_hp_loss":0.0,"gold_gain":0.0,"event_name":"The Cleric","player_choice":"Card Removal","floor":4.0,"gold_loss":50.0,"damage_taken":0.0},{"cards_removed":["Defend_B"],"damage_healed":0.0,"max_hp_gain":0.0,"max_hp_loss":0.0,"gold_gain":0.0,"event_name":"Purifier","player_choice":"Purged","floor":11.0,"gold_loss":0.0,"damage_taken":0.0},{"damage_healed":0,"gold_gain":0,"player_choice":"Upgraded","damage_taken":0,"max_hp_gain":0,"max_hp_loss":0,"event_name":"Upgrade Shrine","floor":19,"gold_loss":0,"cards_upgraded":["Capacitor"]},{"damage_healed":0,"gold_gain":0,"player_choice":"Ignored","damage_taken":0,"max_hp_gain":0,"max_hp_loss":0,"event_name":"Beggar","floor":22,"gold_loss":0},{"damage_healed":0,"gold_gain":0,"player_choice":"Ignored","damage_taken":0,"max_hp_gain":0,"max_hp_loss":0,"event_name":"Tomb of Lord Red Mask","floor":36,"gold_loss":0},{"cards_removed":["Storm"],"damage_healed":0,"gold_gain":0,"player_choice":"Removed Power","damage_taken":0,"max_hp_gain":0,"max_hp_loss":0,"event_name":"Falling","floor":38,"gold_loss":0}],"is_beta":false,"boss_relics":[{"not_picked":["Coffee Dripper","Cursed Key"],"picked":"Nuclear Battery"},{"not_picked":["Runic Dome","Lizard Tail"],"picked":"Astrolabe"}],"items_purged_floors":[5,14],"is_endless":true,"potions_floor_spawned":[2,13,16,21,23,30,44],"killed_by":"Reptomancer","ascension_level":0}