{"gold_per_floor":[14,26,46,60,70,70,70,70,120,139,139,139,169,180,180,282,282,296,306,306,321,331,331],"floor_reached":23,"playtime":824,"items_purged":[],"score":266,"play_id":"874cc15e-0bad-4a2f-b9d3-b5dc3c7b30c0","local_time":"20190604162152","is_ascension_mode":true,"campfire_choices":[{"data":"Inflame","floor":6.0,"key":"SMITH"},{"data":"Cleave","floor":11.0,"key":"SMITH"},{"floor":15.0,"key":"REST"}],"neow_cost":"NO_GOLD","seed_source_timestamp":40897460095400,"circlet_count":0,"master_deck":["Strike_R","Strike_R+1","Strike_R","Strike_R","Defend_R","Defend_R+1","Defend_R","Defend_R","Bash","Battle Trance","Thunderclap+1","Cleave+1","Inflame+1","Pommel Strike","Barricade","Limit Break","Clash+1","Iron Wave"],"special_seed":0,"relics":["Burning Blood","Champion Belt","Centennial Puzzle","Dodecahedron","Black Star"],"potions_floor_usage":[23],"damage_taken":[{"damage":4.0,"enemies":"Small Slimes","floor":1.0,"turns":4.0},{"damage":5.0,"enemies":"Jaw Worm","floor":2.0,"turns":4.0},{"damage":7.0,"enemies":"2 Louse","floor":3.0,"turns":3.0},{"damage":17.0,"enemies":"Gremlin Gang","floor":4.0,"turns":3.0},{"damage":11.0,"enemies":"Looter","floor":5.0,"turns":3.0},{"damage":0.0,"enemies":"Exordium Wildlife","floor":10.0,"turns":3.0},{"damage":24.0,"enemies":"Gremlin Nob","floor":13.0,"turns":4.0},{"damage":6.0,"enemies":"Exordium Thugs","floor":14.0,"turns":3.0},{"damage":34.0,"enemies":"Slime Boss","floor":16.0,"turns":9.0},{"damage":1.0,"enemies":"3 Byrds","floor":18.0,"turns":4.0},{"damage":28.0,"enemies":"Spheric Guardian","floor":19.0,"turns":4.0},{"damage":15.0,"enemies":"Snecko","floor":21.0,"turns":5.0},{"damage":22.0,"enemies":"Shelled Parasite and Fungi","floor":22.0,"turns":4.0},{"damage":26,"enemies":"Slavers","floor":23,"turns":1}],"seed_played":"-2135038634672948361","potions_obtained":[{"floor":1.0,"key":"LiquidBronze"},{"floor":3.0,"key":"Fire Potion"},{"floor":4.0,"key":"PowerPotion"},{"floor":14.0,"key":"EssenceOfSteel"},{"floor":18.0,"key":"Swift Potion"}],"is_trial":false,"path_per_floor":["M","M","M","M","M","R","?","?","T","M","R","?","E","M","R","B",null,"M","M","?","M","M","E"],"character_chosen":"IRONCLAD","items_purchased":[],"campfire_rested":1,"item_purchase_floors":[],"current_hp_per_floor":[74,75,74,63,58,58,42,42,42,48,48,48,30,30,54,26,67,72,50,50,41,25,0],"gold":331,"neow_bonus":"ONE_RARE_RELIC","is_prod":false,"is_daily":false,"chose_seed":false,"campfire_upgraded":2,"win_rate":0,"timestamp":1559690512,"path_taken":["M","M","M","M","M","R","?","?","T","M","R","?","E","M","R","BOSS","M","?","?","M","M","E"],"build_version":"2019-01-23","purchased_purges":0,"victory":false,"max_hp_per_floor":[80,80,80,80,80,80,80,80,80,80,80,80,80,80,80,80,80,80,80,80,80,80,80],"card_choices":[{"not_picked":["Rage","Sever Soul"],"picked":"Battle Trance","floor":1.0},{"not_picked":["Headbutt","Carnage","Pummel"],"picked":"SKIP","floor":2.0},{"not_picked":["Perfected Strike","Bloodletting"],"picked":"Thunderclap","floor":3.0},{"not_picked":["Evolve","Battle Trance"],"picked":"Cleave","floor":4.0},{"not_picked":["Thunderclap","Headbutt"],"picked":"Inflame","floor":5.0},{"not_picked":["Feel No Pain","Sentinel"],"picked":"Pommel Strike","floor":10.0},{"not_picked":["Combust","Body Slam"],"picked":"Barricade","floor":13.0},{"not_picked":["Havoc","Wild Strike","Perfected Strike"],"picked":"SKIP","floor":14.0},{"not_picked":["Immolate","Impervious"],"picked":"Limit Break","floor":16.0},{"not_picked":["Intimidate","Rupture+1","Perfected Strike"],"picked":"SKIP","floor":18.0},{"not_picked":["Wild Strike+1","Perfected Strike","True Grit"],"picked":"SKIP","floor":19.0},{"not_picked":["Body Slam","Rage"],"picked":"Clash+1","floor":21.0},{"not_picked":["Battle Trance","Rupture"],"picked":"Iron Wave","floor":22.0}],"player_experience":260429,"relics_obtained":[{"floor":9.0,"key":"Centennial Puzzle"},{"floor":13.0,"key":"Dodecahedron"}],"event_choices":[{"damage_healed":0.0,"max_hp_gain":0.0,"max_hp_loss":0.0,"gold_gain":0.0,"event_name":"Shining Light","player_choice":"Entered Light","floor":7.0,"gold_loss":0.0,"damage_taken":16.0,"cards_upgraded":["Strike_R","Defend_R"]},{"damage_healed":0.0,"max_hp_gain":0.0,"max_hp_loss":0.0,"gold_gain":0.0,"event_name":"Living Wall","player_choice":"Grow","floor":8.0,"gold_loss":0.0,"damage_taken":0.0,"cards_upgraded":["Thunderclap"]},{"cards_removed":["Strike_R"],"damage_healed":0.0,"max_hp_gain":0.0,"max_hp_loss":0.0,"gold_gain":0.0,"event_name":"Wheel of Change","player_choice":"Card Removal","floor":12.0,"gold_loss":0.0,"damage_taken":0.0},{"damage_healed":0.0,"max_hp_gain":0.0,"max_hp_loss":0.0,"gold_gain":0.0,"event_name":"Vampires","player_choice":"Ignored","floor":20.0,"gold_loss":0.0,"damage_taken":0.0}],"is_beta":false,"boss_relics":[{"not_picked":["Velvet Choker","Philosopher\u0027s Stone"],"picked":"Black Star"}],"items_purged_floors":[],"is_endless":false,"potions_floor_spawned":[1,3,4,14,18],"killed_by":"Slavers","ascension_level":7}