{"gold_per_floor":[117,117,42,54,129,139,7,7,53,53,63,63,92,108,108,207,207,191,91,104,104,118,118,135,155,232,232],"floor_reached":27,"playtime":907,"items_purged":["Defend_G","Strike_G"],"score":215,"play_id":"db0c52a5-2e36-4a33-a8e3-fe2028323965","local_time":"20190604215759","is_ascension_mode":false,"campfire_choices":[{"data":"Bouncing Flask","floor":8.0,"key":"SMITH"},{"data":"Survivor","floor":10.0,"key":"SMITH"},{"data":"Neutralize","floor":12.0,"key":"SMITH"},{"data":"Footwork","floor":15,"key":"SMITH"},{"floor":23,"key":"REST"}],"neow_cost":"NONE","seed_source_timestamp":53921814134711,"circlet_count":0,"master_deck":["Defend_G","Defend_G","Defend_G","Defend_G","Strike_G","Strike_G","Strike_G","Survivor+1","Neutralize+1","Bouncing Flask+1","Prepared","Dagger Spray","Crippling Poison","Deadly Poison","Footwork+1","Envenom","Blur+1","Noxious Fumes","PiercingWail+1","Noxious Fumes"],"special_seed":0,"relics":["Eternal Feather"],"potions_floor_usage":[18,18,27],"damage_taken":[{"damage":2.0,"enemies":"Small Slimes","floor":1.0,"turns":6.0},{"damage":3.0,"enemies":"Jaw Worm","floor":4.0,"turns":3.0},{"damage":0.0,"enemies":"Cultist","floor":6.0,"turns":3.0},{"damage":26.0,"enemies":"Gremlin Gang","floor":11.0,"turns":4.0},{"damage":5.0,"enemies":"Lagavulin","floor":13.0,"turns":6.0},{"damage":8,"enemies":"Lots of Slimes","floor":14,"turns":2},{"damage":39,"enemies":"Slime Boss","floor":16,"turns":11},{"damage":11,"enemies":"2 Thieves","floor":18,"turns":4},{"damage":16,"enemies":"Chosen","floor":20,"turns":6},{"damage":23,"enemies":"Shelled Parasite and Fungi","floor":22,"turns":8},{"damage":18,"enemies":"Snake Plant","floor":24,"turns":5},{"damage":9,"enemies":"Centurion and Healer","floor":25,"turns":7},{"damage":15,"enemies":"Shelled Parasite and Fungi","floor":27,"turns":4}],"seed_played":"-1370750657074494789","potions_obtained":[{"floor":1.0,"key":"Block Potion"},{"floor":11.0,"key":"PowerPotion"},{"floor":14,"key":"Strength Potion"},{"floor":18,"key":"SteroidPotion"},{"floor":24,"key":"Block Potion"}],"is_trial":false,"path_per_floor":["M","?","$","M","?","M","$","R","T","R","M","R","E","M","R","B",null,"M","$","M","?","M","R","M","M","T","M"],"character_chosen":"THE_SILENT","items_purchased":["Crippling Poison","Deadly Poison"],"campfire_rested":1,"item_purchase_floors":[7,7],"current_hp_per_floor":[68,61,61,58,47,47,47,56,56,65,39,48,43,35,44,5,70,59,59,43,30,7,38,20,11,11,0],"gold":232,"neow_bonus":"BOSS_RELIC","is_prod":false,"is_daily":false,"chose_seed":false,"campfire_upgraded":4,"win_rate":0,"timestamp":1559678279,"path_taken":["M","?","$","M","?","M","$","R","T","R","M","R","E","M","R","BOSS","M","$","M","?","M","R","M","M","T","M"],"build_version":"2019-01-23","purchased_purges":2,"victory":false,"max_hp_per_floor":[70,70,70,70,70,70,70,70,70,70,70,70,70,70,70,70,70,70,70,70,75,75,75,75,75,75,75],"card_choices":[{"not_picked":["Deflect","Terror"],"picked":"Bouncing Flask","floor":1.0},{"not_picked":["Calculated Gamble","Setup"],"picked":"Prepared","floor":4.0},{"not_picked":["Accuracy","Infinite Blades"],"picked":"Dagger Spray","floor":6.0},{"not_picked":["Skewer","Sucker Punch","Backflip"],"picked":"SKIP","floor":11.0},{"not_picked":["Underhanded Strike","Well Laid Plans","Outmaneuver"],"picked":"SKIP","floor":13},{"not_picked":["Prepared","Dagger Throw"],"picked":"Footwork","floor":14},{"not_picked":["Grand Finale","Malaise"],"picked":"Envenom","floor":16},{"not_picked":["Reflex+1","Dagger Spray+1"],"picked":"Blur+1","floor":18},{"not_picked":["Outmaneuver+1","All Out Attack"],"picked":"Noxious Fumes","floor":20},{"not_picked":["Distraction","Deflect"],"picked":"PiercingWail+1","floor":22},{"not_picked":["Deadly Poison","Leg Sweep"],"picked":"Noxious Fumes","floor":24},{"not_picked":["Setup","Heel Hook","Blade Dance+1"],"picked":"SKIP","floor":25}],"player_experience":308127,"relics_obtained":[],"event_choices":[{"cards_removed":["Strike_G"],"damage_healed":0.0,"max_hp_gain":0.0,"max_hp_loss":0.0,"gold_gain":0.0,"event_name":"Golden Wing","player_choice":"Card Removal","floor":2.0,"gold_loss":0.0,"damage_taken":7.0},{"damage_healed":0.0,"max_hp_gain":0.0,"max_hp_loss":0.0,"gold_gain":75.0,"event_name":"World of Goop","player_choice":"Gather Gold","floor":5.0,"gold_loss":0.0,"damage_taken":11.0},{"damage_healed":0,"gold_gain":0,"player_choice":"Shed Blood","damage_taken":18,"max_hp_gain":5,"max_hp_loss":0,"event_name":"Forgotten Altar","floor":21,"gold_loss":0}],"is_beta":false,"boss_relics":[{"not_picked":["Tiny House","White Beast Statue","Orrery"]}],"items_purged_floors":[3,19],"is_endless":false,"potions_floor_spawned":[1,11,14,18,24,25],"killed_by":"Shelled Parasite and Fungi","ascension_level":0}