{"gold_per_floor":[366,379,379,147,163,163,196,196,196,222,222,249,265,280,280,375,375,392,392,408,420,435,461,461,491,491,491,491,491,516,11,11,112,112,125,180,191,191,0,0,13,13,13,13,25,51,67,67,67,67],"floor_reached":51,"playtime":3169,"items_purged":["Strike_B","Writhe"],"score":971,"play_id":"93ea0737-5cd6-4a93-ac4e-3f8b32d030a7","local_time":"20190222010014","is_ascension_mode":true,"campfire_choices":[{"data":"Hyperbeam","floor":6.0,"key":"SMITH"},{"data":"Hologram","floor":8.0,"key":"SMITH"},{"data":"Steam Power","floor":15.0,"key":"SMITH"},{"data":"Hyperbeam","floor":27.0,"key":"SMITH"},{"data":"Skim","floor":29.0,"key":"SMITH"},{"data":"Echo Form","floor":32.0,"key":"SMITH"},{"data":"Hologram","floor":40,"key":"SMITH"},{"data":"Force Field","floor":42,"key":"SMITH"},{"data":"Sunder","floor":44,"key":"SMITH"},{"data":"Conserve Battery","floor":49,"key":"SMITH"}],"neow_cost":"TEN_PERCENT_HP_LOSS","seed_source_timestamp":0,"circlet_count":0,"master_deck":["Strike_B+1","Strike_B+1","Defend_B+1","Defend_B+1","Defend_B+1","Defend_B+1","Conserve Battery+1","Hyperbeam+1","Hologram+1","Echo Form+1","Conserve Battery","Fission","Steam Power+1","Self Repair","Hyperbeam+1","Rebound+1","Sunder+1","Skim+1","Hologram+1","Loop","Force Field+1","Leap+1","Injury","Sunder"],"special_seed":0,"relics":["Cracked Core","Oddly Smooth Stone","Meat on the Bone","Pantograph","Blood Vial","Mango","Strawberry","Snecko Eye","Ancient Tea Set","Unceasing Top","Potion Belt","FossilizedHelix","Bag of Marbles","Pocketwatch","Cursed Key","Du-Vu Doll","Red Mask","Omamori","Pen Nib"],"potions_floor_usage":[46,50,50],"damage_taken":[{"damage":2.0,"enemies":"Jaw Worm","floor":1.0,"turns":4.0},{"damage":2.0,"enemies":"2 Louse","floor":2.0,"turns":2.0},{"damage":0.0,"enemies":"Cultist","floor":5.0,"turns":3.0},{"damage":20.0,"enemies":"Gremlin Nob","floor":7.0,"turns":4.0},{"damage":10.0,"enemies":"3 Sentries","floor":10.0,"turns":2.0},{"damage":20.0,"enemies":"Lagavulin","floor":12.0,"turns":6.0},{"damage":0.0,"enemies":"2 Fungi Beasts","floor":13.0,"turns":1.0},{"damage":6.0,"enemies":"Exordium Wildlife","floor":14.0,"turns":2.0},{"damage":60.0,"enemies":"Hexaghost","floor":16.0,"turns":10.0},{"damage":0.0,"enemies":"Chosen","floor":18.0,"turns":4.0},{"damage":8.0,"enemies":"2 Thieves","floor":20.0,"turns":2.0},{"damage":27.0,"enemies":"Centurion and Healer","floor":21.0,"turns":3.0},{"damage":0.0,"enemies":"Snecko","floor":22.0,"turns":1.0},{"damage":22.0,"enemies":"Gremlin Leader","floor":23.0,"turns":4.0},{"damage":7.0,"enemies":"Slavers","floor":25.0,"turns":2.0},{"damage":19.0,"enemies":"Book of Stabbing","floor":30.0,"turns":3.0},{"damage":26.0,"enemies":"Collector","floor":33.0,"turns":4.0},{"damage":0.0,"enemies":"3 Shapes","floor":35.0,"turns":2.0},{"damage":0,"enemies":"2 Orb Walkers","floor":36,"turns":1},{"damage":0,"enemies":"Orb Walker","floor":37,"turns":2},{"damage":0,"enemies":"4 Shapes","floor":41,"turns":1},{"damage":18,"enemies":"3 Darklings","floor":45,"turns":3},{"damage":0,"enemies":"Giant Head","floor":46,"turns":4},{"damage":4,"enemies":"Sphere and 2 Shapes","floor":47,"turns":2},{"damage":10,"enemies":"Donu and Deca","floor":50,"turns":7}],"seed_played":"7977624104309941046","potions_obtained":[{"floor":2.0,"key":"LiquidBronze"},{"floor":5.0,"key":"PowerPotion"},{"floor":12.0,"key":"Dexterity Potion"},{"floor":13.0,"key":"Poison Potion"},{"floor":18.0,"key":"Explosive Potion"},{"floor":20.0,"key":"Fire Potion"},{"floor":21.0,"key":"Regen Potion"},{"floor":25.0,"key":"PowerPotion"},{"floor":37,"key":"SteroidPotion"},{"floor":41,"key":"PowerPotion"},{"floor":47,"key":"Swift Potion"}],"is_trial":false,"path_per_floor":["M","M","?","$","M","R","E","R","T","E","?","E","M","M","R","B",null,"M","?","M","M","M","E","?","E","T","R","?","R","E","$","R","B",null,"M","?","M","?","?","R","M","R","T","R","M","E","M","?","R","B",null],"character_chosen":"DEFECT","items_purchased":["Oddly Smooth Stone","Pocketwatch","Swift Potion","SpeedPotion"],"campfire_rested":0,"item_purchase_floors":[4,31,31,31],"current_hp_per_floor":[66,64,64,64,64,64,44,44,44,46,57,58,60,56,56,49,79,81,81,75,57,59,48,48,55,55,55,55,55,50,50,50,51,80,89,89,89,89,89,89,89,89,89,89,78,87,89,89,89,86],"gold":67,"neow_bonus":"TWO_FIFTY_GOLD","is_prod":false,"is_daily":false,"chose_seed":false,"campfire_upgraded":10,"win_rate":0,"timestamp":1550815214,"path_taken":["M","M","?","$","M","R","E","R","T","E","?","E","M","M","R","BOSS","M","?","M","M","M","E","?","E","T","R","?","R","E","$","R","BOSS","M","?","M","?","?","R","M","R","T","R","M","E","?","?","R","BOSS"],"build_version":"2019-01-23","purchased_purges":2,"victory":true,"max_hp_per_floor":[68,68,68,68,68,68,68,68,68,68,82,89,89,89,89,89,89,89,89,89,89,89,89,89,89,89,89,89,89,89,89,89,89,89,89,89,89,89,89,89,89,89,89,89,89,89,89,89,89,89],"card_choices":[{"not_picked":["Compile Driver","Barrage"],"picked":"Conserve Battery","floor":1.0},{"not_picked":["Blizzard","Fusion"],"picked":"Hyperbeam","floor":2.0},{"not_picked":["Stack","White Noise"],"picked":"Hologram","floor":5.0},{"not_picked":["Beam Cell","Rip and Tear"],"picked":"Echo Form","floor":7.0},{"not_picked":["Ball Lightning","Scrape"],"picked":"Conserve Battery","floor":10.0},{"not_picked":["Consume","Buffer"],"picked":"Fission","floor":12.0},{"not_picked":["Lockon","Conserve Battery"],"picked":"Steam Power","floor":13.0},{"not_picked":["Barrage","Steam Power"],"picked":"Self Repair","floor":14.0},{"not_picked":["Echo Form","Multi-Cast"],"picked":"Hyperbeam","floor":16.0},{"not_picked":["Hello World","Compile Driver","Rip and Tear"],"picked":"SKIP","floor":18.0},{"not_picked":["Recycle","Barrage"],"picked":"Rebound+1","floor":20.0},{"not_picked":["Glacier+1","Steam"],"picked":"Sunder","floor":21.0},{"not_picked":["Compile Driver+1","Gash+1"],"picked":"Skim","floor":22.0},{"not_picked":["Turbo","Coolheaded"],"picked":"Hologram","floor":23.0},{"not_picked":["Rip and Tear+1","FTL+1","Conserve Battery+1"],"picked":"SKIP","floor":25.0},{"not_picked":["Turbo","Barrage+1"],"picked":"Leap+1","floor":30.0},{"not_picked":["Steam","White Noise","Rebound+1"],"picked":"SKIP","floor":35.0},{"not_picked":["Doom and Gloom+1","Steam","Conserve Battery+1"],"picked":"SKIP","floor":37},{"not_picked":["Scrape+1","Compile Driver","Chill+1"],"picked":"SKIP","floor":41},{"not_picked":["Redo","Streamline+1","Gash"],"picked":"SKIP","floor":45},{"not_picked":["Stack+1","Doom and Gloom+1"],"picked":"Sunder","floor":46},{"not_picked":["Gash","Chill","Genetic Algorithm"],"picked":"SKIP","floor":47}],"player_experience":211563,"relics_obtained":[{"floor":7.0,"key":"Meat on the Bone"},{"floor":9.0,"key":"Pantograph"},{"floor":10.0,"key":"Blood Vial"},{"floor":12.0,"key":"Strawberry"},{"floor":23.0,"key":"Unceasing Top"},{"floor":25.0,"key":"Potion Belt"},{"floor":26.0,"key":"FossilizedHelix"},{"floor":30.0,"key":"Bag of Marbles"},{"floor":36,"key":"Du-Vu Doll"},{"floor":43,"key":"Omamori"},{"floor":46,"key":"Pen Nib"}],"event_choices":[{"damage_healed":0.0,"max_hp_gain":0.0,"max_hp_loss":0.0,"gold_gain":0.0,"event_name":"Liars Game","player_choice":"Ignored","floor":3.0,"gold_loss":0.0,"damage_taken":0.0},{"damage_healed":0.0,"max_hp_gain":0.0,"max_hp_loss":0.0,"gold_gain":0.0,"event_name":"Scrap Ooze","player_choice":"Success","floor":11.0,"gold_loss":0.0,"damage_taken":3.0,"relics_obtained":["Mango"]},{"damage_healed":0.0,"max_hp_gain":0.0,"max_hp_loss":0.0,"gold_gain":0.0,"event_name":"The Mausoleum","player_choice":"Opened","floor":19.0,"gold_loss":0.0,"damage_taken":0.0,"relics_obtained":["Ancient Tea Set"],"cards_obtained":["Writhe"]},{"damage_healed":0.0,"max_hp_gain":0.0,"max_hp_loss":0.0,"gold_gain":0.0,"cards_transformed":["Zap","Dualcast"],"event_name":"Drug Dealer","player_choice":"Became Test Subject","floor":24.0,"gold_loss":0.0,"damage_taken":0.0,"cards_obtained":["Loop","Force Field"]},{"damage_healed":0.0,"max_hp_gain":0.0,"max_hp_loss":0.0,"gold_gain":0.0,"event_name":"Back to Basics","player_choice":"Simplicity","floor":28.0,"gold_loss":0.0,"damage_taken":0.0,"cards_upgraded":["Strike_B","Strike_B","Strike_B","Defend_B","Defend_B","Defend_B","Defend_B"]},{"damage_healed":0,"gold_gain":0,"player_choice":"Fight","damage_taken":0,"max_hp_gain":0,"max_hp_loss":0,"event_name":"Mysterious Sphere","floor":36,"gold_loss":0},{"damage_healed":0,"gold_gain":0,"player_choice":"Memory 1","damage_taken":0,"max_hp_gain":0,"max_hp_loss":0,"event_name":"SensoryStone","floor":38,"gold_loss":0},{"damage_healed":0,"gold_gain":0,"player_choice":"Paid","damage_taken":0,"relics_obtained":["Red Mask"],"max_hp_gain":0,"max_hp_loss":0,"event_name":"Tomb of Lord Red Mask","floor":39,"gold_loss":191},{"cards_removed":["Strike_B"],"damage_healed":0,"gold_gain":0,"player_choice":"Removed Attack","damage_taken":0,"max_hp_gain":0,"max_hp_loss":0,"event_name":"Falling","floor":48,"gold_loss":0}],"is_beta":false,"boss_relics":[{"not_picked":["Eternal Feather","White Beast Statue"],"picked":"Snecko Eye"},{"not_picked":["Tiny House","Black Star"],"picked":"Cursed Key"}],"items_purged_floors":[4,31],"is_endless":false,"potions_floor_spawned":[2,5,12,13,14,18,20,21,25,37,41,47],"ascension_level":6}