{"gold_per_floor":[111,63,238,29,48,48,78,103,128,159,170,187,187,65,65,162,162,175,188,207,207],"floor_reached":21,"playtime":833,"items_purged":["Doubt"],"score":300,"play_id":"0b6f6a5a-459d-41f9-93de-58362731f46c","local_time":"20190602072225","is_ascension_mode":true,"campfire_choices":[{"data":"Cold Snap","floor":6.0,"key":"SMITH"},{"data":"Cold Snap","floor":13.0,"key":"SMITH"},{"data":"Darkness","floor":15.0,"key":"SMITH"}],"neow_cost":"NONE","seed_source_timestamp":2585465723700,"circlet_count":0,"master_deck":["Strike_B","Strike_B","Strike_B","Strike_B","Defend_B","Defend_B","Defend_B","Defend_B","Zap","Dualcast","Hello World","Coolheaded","Cold Snap+1","Cold Snap+1","Hologram","Coolheaded","Darkness+1","Conserve Battery","Creative AI","Steam","Turbo","Capacitor"],"special_seed":0,"relics":["Cracked Core","NeowsBlessing","Runic Capacitor","Pantograph","Omamori","Mercury Hourglass","Inserter"],"potions_floor_usage":[],"damage_taken":[{"damage":0.0,"enemies":"Small Slimes","floor":1.0,"turns":1.0},{"damage":0.0,"enemies":"Jaw Worm","floor":5.0,"turns":1.0},{"damage":0.0,"enemies":"Gremlin Nob","floor":8.0,"turns":1.0},{"damage":15.0,"enemies":"3 Sentries","floor":10.0,"turns":9.0},{"damage":0.0,"enemies":"Cultist","floor":11.0,"turns":3.0},{"damage":11.0,"enemies":"Looter","floor":12.0,"turns":3.0},{"damage":1.0,"enemies":"Slime Boss","floor":16.0,"turns":7.0},{"damage":26.0,"enemies":"3 Byrds","floor":18.0,"turns":6.0},{"damage":13.0,"enemies":"Chosen","floor":19.0,"turns":4.0},{"damage":18.0,"enemies":"Sentry and Sphere","floor":20.0,"turns":5.0},{"damage":22,"enemies":"Snake Plant","floor":21,"turns":3}],"seed_played":"1768580389119408156","potions_obtained":[{"floor":1.0,"key":"Poison Potion"},{"floor":5.0,"key":"AttackPotion"},{"floor":10.0,"key":"Poison Potion"},{"floor":18.0,"key":"Strength Potion"},{"floor":19.0,"key":"PowerPotion"}],"is_trial":false,"path_per_floor":["M","$","?","$","M","R","?","E","T","E","M","M","R","$","R","B",null,"M","M","M","M"],"character_chosen":"DEFECT","items_purchased":["Coolheaded","Runic Capacitor","Conserve Battery"],"campfire_rested":0,"item_purchase_floors":[2,4,14],"current_hp_per_floor":[68,68,68,68,68,68,68,68,68,53,53,42,42,42,42,66,73,47,34,16,0],"gold":207,"neow_bonus":"THREE_ENEMY_KILL","is_prod":false,"is_daily":false,"chose_seed":false,"campfire_upgraded":3,"win_rate":0,"timestamp":1559485345,"path_taken":["M","$","?","$","M","R","?","E","T","E","M","M","R","?","R","BOSS","M","M","?","M"],"build_version":"2019-01-23","purchased_purges":1,"victory":false,"max_hp_per_floor":[75,75,75,75,75,75,75,75,75,75,75,75,75,75,75,75,75,75,75,75,75],"card_choices":[{"not_picked":["Storm","Turbo"],"picked":"Hello World","floor":1.0},{"not_picked":["Steam","Redo"],"picked":"Cold Snap","floor":5.0},{"not_picked":["Sweeping Beam","Rebound"],"picked":"Cold Snap","floor":8.0},{"not_picked":["Coolheaded","Rebound"],"picked":"Hologram","floor":10.0},{"not_picked":["Force Field","Beam Cell"],"picked":"Coolheaded","floor":11.0},{"not_picked":["Compile Driver","Gash"],"picked":"Darkness","floor":12.0},{"not_picked":["Machine Learning","Thunder Strike"],"picked":"Creative AI","floor":16.0},{"not_picked":["Tempest+1","Storm"],"picked":"Steam","floor":18.0},{"not_picked":["Compile Driver","Gash"],"picked":"Turbo","floor":19.0},{"not_picked":["Turbo+1","Hologram"],"picked":"Capacitor","floor":20.0}],"player_experience":206033,"relics_obtained":[{"floor":8.0,"key":"Pantograph"},{"floor":9.0,"key":"Omamori"},{"floor":10.0,"key":"Mercury Hourglass"}],"event_choices":[{"damage_healed":0.0,"max_hp_gain":0.0,"max_hp_loss":0.0,"gold_gain":175.0,"event_name":"Liars Game","player_choice":"AGREE","floor":3.0,"gold_loss":0.0,"damage_taken":0.0,"cards_obtained":["Doubt"]},{"damage_healed":0.0,"max_hp_gain":0.0,"max_hp_loss":0.0,"gold_gain":30.0,"event_name":"Dead Adventurer","player_choice":"Searched \u00272\u0027 times","floor":7.0,"gold_loss":0.0,"damage_taken":0.0}],"is_beta":false,"boss_relics":[{"not_picked":["Cursed Key","Orrery"],"picked":"Inserter"}],"items_purged_floors":[14],"is_endless":false,"potions_floor_spawned":[1,5,10,18,19],"killed_by":"Snake Plant","ascension_level":8}