{"gold_per_floor":[111,111,111,125,135,135,150,181,193,170,182,226,254,26,26,100,100,112,112,112,112,88,88,115,15,41,71,71,71],"floor_reached":29,"playtime":1335,"items_purged":["Strike_B","Strike_B"],"score":498,"play_id":"b95e809a-9e60-4e78-8df6-959147f1d229","local_time":"20190524135707","is_ascension_mode":true,"campfire_choices":[{"data":"Static Discharge","floor":6,"key":"SMITH"},{"data":"Genetic Algorithm","floor":11,"key":"SMITH"},{"floor":15,"key":"REST"},{"data":"Defragment","floor":23,"key":"SMITH"},{"data":"Ghostly","floor":28,"key":"SMITH"}],"neow_cost":"PERCENT_DAMAGE","seed_source_timestamp":130600871436013,"circlet_count":0,"master_deck":["AscendersBane","Strike_B","Strike_B","Defend_B","Defend_B","Defend_B","Defend_B","Zap","Dualcast","Self Repair","Genetic Algorithm+1","Static Discharge+1","Defragment+1","Go for the Eyes","Leap","Machine Learning","Defragment+1","Ghostly","Ghostly","Ghostly+1","Conserve Battery","Sweeping Beam+1","Hologram"],"relics":["Cracked Core","MawBank","Dream Catcher","Bottled Flame","Anchor","Runic Pyramid","Ancient Tea Set","Boot","Pantograph"],"potions_floor_usage":[4,8,16,16,22,29,29],"damage_taken":[{"damage":26,"enemies":"Small Slimes","floor":1,"turns":4},{"damage":4,"enemies":"Jaw Worm","floor":4,"turns":5},{"damage":1,"enemies":"Cultist","floor":5,"turns":3},{"damage":10,"enemies":"2 Fungi Beasts","floor":7,"turns":3},{"damage":34,"enemies":"Gremlin Nob","floor":8,"turns":4},{"damage":25,"enemies":"Lagavulin","floor":12,"turns":6},{"damage":25,"enemies":"Large Slime","floor":13,"turns":6},{"damage":19,"enemies":"Hexaghost","floor":16,"turns":8},{"damage":8,"enemies":"3 Byrds","floor":18,"turns":2},{"damage":2,"enemies":"2 Thieves","floor":22,"turns":4},{"damage":23,"enemies":"Gremlin Leader","floor":24,"turns":7},{"damage":21,"enemies":"Book of Stabbing","floor":27,"turns":5},{"damage":29,"enemies":"Gremlin Leader","floor":29,"turns":6}],"seed_played":"-8109433669618016384","potions_obtained":[{"floor":3,"key":"Strength Potion"},{"floor":3,"key":"Block Potion"},{"floor":5,"key":"Poison Potion"},{"floor":8,"key":"Swift Potion"},{"floor":16,"key":"Fire Potion"},{"floor":24,"key":"EssenceOfSteel"},{"floor":27,"key":"Swift Potion"}],"is_trial":false,"path_per_floor":["M","?","?","M","M","R","M","E","T","?","R","E","M","$","R","B",null,"M","?","?","?","M","R","E","$","T","E","R","E"],"character_chosen":"DEFECT","items_purchased":["Anchor"],"campfire_rested":1,"item_purchase_floors":[14],"current_hp_per_floor":[34,62,62,65,71,71,61,34,34,55,55,37,19,19,44,32,72,64,42,32,57,57,57,41,41,41,27,27,0],"gold":71,"neow_bonus":"TWENTY_PERCENT_HP_BONUS","is_prod":false,"is_daily":false,"chose_seed":false,"campfire_upgraded":4,"win_rate":0,"timestamp":1558731427,"path_taken":["M","?","?","M","?","R","M","E","T","?","R","E","M","$","R","BOSS","M","?","?","?","M","R","E","$","T","E","R","E"],"build_version":"2019-01-23","purchased_purges":2,"victory":false,"max_hp_per_floor":[85,85,85,85,85,85,85,85,85,85,85,85,85,85,85,85,85,85,42,47,57,57,57,57,57,57,57,57,57],"card_choices":[{"not_picked":["Stack","Leap"],"picked":"Self Repair","floor":1},{"not_picked":["Self Repair","Reprogram"],"picked":"Genetic Algorithm","floor":4},{"not_picked":["Redo","Capacitor"],"picked":"Static Discharge","floor":5},{"not_picked":["FTL","Rip and Tear"],"picked":"Defragment","floor":7},{"not_picked":["Rebound","White Noise","Aggregate"],"picked":"SKIP","floor":8},{"not_picked":["Recycle","Gash"],"picked":"Go for the Eyes","floor":12},{"not_picked":["Streamline","Stack"],"picked":"Leap","floor":13},{"not_picked":["Undo","Barrage"],"picked":"Machine Learning","floor":15},{"not_picked":["Meteor Strike","Buffer"],"picked":"Fission","floor":16},{"not_picked":["Cold Snap","Beam Cell"],"picked":"Defragment+1","floor":18},{"not_picked":["Redo","Ball Lightning"],"picked":"Conserve Battery","floor":22},{"not_picked":["Coolheaded","Heatsinks"],"picked":"Sweeping Beam+1","floor":24},{"not_picked":["Go for the Eyes","Stack"],"picked":"Hologram","floor":27}],"player_experience":728176,"relics_obtained":[{"floor":8,"key":"MawBank"},{"floor":9,"key":"Dream Catcher"},{"floor":12,"key":"Bottled Flame"},{"floor":24,"key":"Ancient Tea Set"},{"floor":26,"key":"Boot"},{"floor":27,"key":"Pantograph"}],"event_choices":[{"damage_healed":28,"gold_gain":0,"player_choice":"Banana","damage_taken":0,"max_hp_gain":0,"max_hp_loss":0,"event_name":"Big Fish","floor":2,"gold_loss":0},{"damage_healed":0,"gold_gain":0,"player_choice":"Got Potions","damage_taken":0,"max_hp_gain":0,"max_hp_loss":0,"event_name":"Lab","floor":3,"gold_loss":0},{"damage_healed":21,"gold_gain":0,"player_choice":"Healed","damage_taken":0,"max_hp_gain":0,"max_hp_loss":0,"event_name":"The Cleric","floor":10,"gold_loss":35},{"damage_healed":0,"gold_gain":0,"player_choice":"Became a Ghost","damage_taken":0,"max_hp_gain":0,"max_hp_loss":43,"event_name":"Ghosts","floor":19,"gold_loss":0,"cards_obtained":["Ghostly","Ghostly","Ghostly"]},{"damage_healed":0,"gold_gain":0,"player_choice":"Shed Blood","damage_taken":15,"max_hp_gain":5,"max_hp_loss":0,"event_name":"Forgotten Altar","floor":20,"gold_loss":0},{"cards_removed":["Fission"],"damage_healed":15,"gold_gain":0,"player_choice":"Offered Rare","damage_taken":0,"max_hp_gain":10,"max_hp_loss":0,"event_name":"Bonfire Elementals","floor":21,"gold_loss":0}],"is_beta":false,"boss_relics":[{"not_picked":["Runic Dome","Tiny House"],"picked":"Runic Pyramid"}],"items_purged_floors":[14,25],"is_endless":false,"potions_floor_spawned":[5,8,12,13,16,24,27],"killed_by":"Gremlin Leader","ascension_level":17}