{"gold_per_floor":[114,0,0,20,39,39,39,39,87,37,50,50,67,80,80,80],"floor_reached":16,"playtime":726,"items_purged":["Strike_B"],"score":147,"play_id":"2fab50a0-6775-4ae6-a268-542eb507b233","local_time":"20190512002207","is_ascension_mode":true,"campfire_choices":[{"data":"Fission","floor":6,"key":"SMITH"},{"data":"Double Energy","floor":12,"key":"SMITH"},{"data":"Capacitor","floor":15,"key":"SMITH"}],"neow_cost":"NONE","seed_source_timestamp":518954771953761,"circlet_count":0,"master_deck":["AscendersBane","Strike_B","Strike_B","Defend_B","Defend_B","Defend_B","Defend_B","Zap","Dualcast","Fission+1","Chill","BootSequence","Go for the Eyes","Double Energy+1","Capacitor+1"],"relics":["Cracked Core","Lantern"],"potions_floor_usage":[16,16],"damage_taken":[{"damage":1,"enemies":"Cultist","floor":1,"turns":3},{"damage":2,"enemies":"Small Slimes","floor":4,"turns":4},{"damage":2,"enemies":"Jaw Worm","floor":5,"turns":4},{"damage":4,"enemies":"3 Louse","floor":11,"turns":3},{"damage":0,"enemies":"Exordium Wildlife","floor":13,"turns":4},{"damage":0,"enemies":"Blue Slaver","floor":14,"turns":3},{"damage":71,"enemies":"Hexaghost","floor":16,"turns":11}],"seed_played":"-7291107821748506603","potions_obtained":[{"floor":1,"key":"EssenceOfSteel"},{"floor":3,"key":"LiquidBronze"}],"is_trial":false,"path_per_floor":["M","$","?","M","M","R","?","$","T","?","M","R","M","M","R","B"],"character_chosen":"DEFECT","items_purchased":["BootSequence"],"campfire_rested":0,"item_purchase_floors":[2],"current_hp_per_floor":[67,67,67,65,63,63,68,68,68,68,64,64,64,64,64,0],"gold":80,"neow_bonus":"ONE_RANDOM_RARE_CARD","is_prod":false,"is_daily":false,"chose_seed":false,"campfire_upgraded":3,"win_rate":0,"timestamp":1557645727,"path_taken":["M","$","?","?","M","R","?","$","T","?","M","R","M","M","R","BOSS"],"build_version":"2019-01-23","purchased_purges":1,"victory":false,"max_hp_per_floor":[75,75,75,75,75,75,80,80,80,80,80,80,80,80,80,80],"card_choices":[{"not_picked":["Sunder","Streamline"],"picked":"Chill","floor":1},{"not_picked":["Defragment","Ball Lightning"],"picked":"Go for the Eyes","floor":4},{"not_picked":["Steam","Turbo"],"picked":"Double Energy","floor":5},{"not_picked":["Compile Driver","Capacitor","Turbo"],"picked":"SKIP","floor":11},{"not_picked":["Steam","Ball Lightning","Hologram"],"picked":"SKIP","floor":13},{"not_picked":["Turbo","Glacier"],"picked":"Capacitor","floor":14}],"player_experience":486128,"relics_obtained":[{"floor":9,"key":"Lantern"}],"event_choices":[{"damage_healed":0,"gold_gain":0,"player_choice":"Got Potions","damage_taken":0,"max_hp_gain":0,"max_hp_loss":0,"event_name":"Lab","floor":3,"gold_loss":0},{"damage_healed":0,"gold_gain":0,"player_choice":"Donut","damage_taken":0,"max_hp_gain":5,"max_hp_loss":0,"event_name":"Big Fish","floor":7,"gold_loss":0},{"cards_removed":["Strike_B"],"damage_healed":0,"gold_gain":0,"player_choice":"Card Removal","damage_taken":0,"max_hp_gain":0,"max_hp_loss":0,"event_name":"The Cleric","floor":10,"gold_loss":50}],"is_beta":false,"boss_relics":[],"items_purged_floors":[2],"is_endless":false,"potions_floor_spawned":[1,11],"killed_by":"Hexaghost","ascension_level":12}