{"gold_per_floor":[116,134,134,149,162,191,191,218,218,236,236,236,266,279,279,380,380,395,395,395,175,188,219,219,232,259,286,286,306,306,306,306,404,404,422,422,435,104,122,147,159,159,209,209,209,0,0,10,10,10],"floor_reached":51,"playtime":3318,"items_purged":["Strike_R","Heavy Blade"],"score":804,"play_id":"37ba8e6d-e9a2-490d-a95e-5693c662522d","local_time":"20190524193744","is_ascension_mode":true,"campfire_choices":[{"data":"Inflame","floor":7.0,"key":"SMITH"},{"data":"Shrug It Off","floor":15.0,"key":"SMITH"},{"data":"Barricade","floor":24.0,"key":"SMITH"},{"data":"Armaments","floor":28.0,"key":"SMITH"},{"floor":32.0,"key":"REST"},{"floor":42,"key":"REST"},{"data":"Shrug It Off","floor":45,"key":"SMITH"},{"data":"Battle Trance","floor":47,"key":"SMITH"},{"floor":49,"key":"REST"}],"neow_cost":"NONE","seed_source_timestamp":266307463297900,"circlet_count":0,"master_deck":["Strike_R","Strike_R","Strike_R","Strike_R","Defend_R","Defend_R+1","Defend_R+1","Defend_R","Bash","Shrug It Off+1","Armaments+1","Inflame+1","Battle Trance+1","Shrug It Off+1","Juggernaut+1","Clash","Perfected Strike+1","Barricade+1","Cleave+1","Anger+1","Whirlwind+1","Heavy Blade+1","Entrench+1","Good Instincts","Parasite","Iron Wave+1","Rampage+1"],"special_seed":0,"relics":["Burning Blood","Mercury Hourglass","Centennial Puzzle","Bottled Lightning","Dodecahedron","Regal Pillow","Sozu","Bag of Preparation","Mango","Potion Belt","Red Skull","MutagenicStrength","Black Star","Bronze Scales","Pen Nib","Vajra","Ancient Tea Set","Self Forming Clay","Red Mask"],"potions_floor_usage":[50,50],"damage_taken":[{"damage":1.0,"enemies":"Cultist","floor":1.0,"turns":4.0},{"damage":7.0,"enemies":"Small Slimes","floor":2.0,"turns":4.0},{"damage":0.0,"enemies":"2 Louse","floor":4.0,"turns":4.0},{"damage":3.0,"enemies":"Blue Slaver","floor":5.0,"turns":6.0},{"damage":32.0,"enemies":"Gremlin Nob","floor":6.0,"turns":5.0},{"damage":10.0,"enemies":"3 Sentries","floor":8.0,"turns":6.0},{"damage":6.0,"enemies":"Looter","floor":10.0,"turns":3.0},{"damage":20.0,"enemies":"Lagavulin","floor":13.0,"turns":10.0},{"damage":7.0,"enemies":"Exordium Thugs","floor":14.0,"turns":5.0},{"damage":25.0,"enemies":"The Guardian","floor":16.0,"turns":18.0},{"damage":0.0,"enemies":"Chosen","floor":18.0,"turns":3.0},{"damage":9.0,"enemies":"3 Byrds","floor":22.0,"turns":4.0},{"damage":18.0,"enemies":"Slavers","floor":23.0,"turns":7.0},{"damage":15.0,"enemies":"Shelled Parasite and Fungi","floor":25.0,"turns":6.0},{"damage":23.0,"enemies":"Gremlin Leader","floor":27.0,"turns":9.0},{"damage":8.0,"enemies":"Chosen and Byrds","floor":29.0,"turns":5.0},{"damage":5.0,"enemies":"Champ","floor":33.0,"turns":14.0},{"damage":12.0,"enemies":"3 Darklings","floor":35.0,"turns":3.0},{"damage":5,"enemies":"3 Shapes","floor":37,"turns":6},{"damage":37,"enemies":"3 Darklings","floor":39,"turns":5},{"damage":21,"enemies":"Giant Head","floor":40,"turns":10},{"damage":28,"enemies":"Writhing Mass","floor":41,"turns":6},{"damage":0,"enemies":"4 Shapes","floor":48,"turns":5},{"damage":15,"enemies":"Time Eater","floor":50,"turns":12}],"seed_played":"-2646956885173837206","potions_obtained":[{"floor":4.0,"key":"Poison Potion"},{"floor":6.0,"key":"EssenceOfSteel"},{"floor":10.0,"key":"Poison Potion"},{"floor":14.0,"key":"Poison Potion"}],"is_trial":false,"path_per_floor":["M","M","?","M","M","E","R","E","T","M","?","?","E","M","R","B",null,"M","?","?","$","M","E","R","M","T","E","R","M","?","?","R","B",null,"M","?","M","$","M","E","M","R","T","T","R","?","R","M","R","B",null],"character_chosen":"IRONCLAD","items_purchased":["Bag of Preparation","Bronze Scales","Good Instincts"],"campfire_rested":3,"item_purchase_floors":[21,38,38],"current_hp_per_floor":[88,87,69,75,78,52,52,48,48,48,77,77,63,62,62,43,88,88,88,88,88,85,87,87,78,78,61,61,59,38,38,85,86,107,101,101,102,102,71,56,34,81,81,81,81,81,81,87,107,98],"gold":10,"neow_bonus":"TEN_PERCENT_HP_BONUS","is_prod":false,"is_daily":false,"chose_seed":false,"campfire_upgraded":6,"win_rate":0,"timestamp":1558751864,"path_taken":["M","M","?","M","M","E","R","E","T","M","?","?","E","M","R","BOSS","M","?","?","$","M","E","R","?","T","E","R","M","?","?","R","BOSS","M","?","?","$","M","E","M","R","T","?","R","?","R","M","R","BOSS"],"build_version":"2019-01-23","purchased_purges":2,"victory":true,"max_hp_per_floor":[88,88,88,88,88,88,88,88,88,88,88,88,88,88,88,88,88,88,88,88,88,88,102,102,102,102,102,102,102,107,107,107,107,107,107,107,107,107,107,107,107,107,107,107,107,107,107,107,107,107],"card_choices":[{"not_picked":["Twin Strike","Power Through"],"picked":"Shrug It Off","floor":1.0},{"not_picked":["Blood for Blood","Anger"],"picked":"Armaments","floor":2.0},{"not_picked":["Rage","Flex","Perfected Strike"],"picked":"SKIP","floor":4.0},{"not_picked":["Clash","Rage"],"picked":"Inflame","floor":5.0},{"not_picked":["Ghostly Armor","Dropkick"],"picked":"Heavy Blade","floor":6.0},{"not_picked":["Thunderclap","Blood for Blood"],"picked":"Battle Trance","floor":8.0},{"not_picked":["Pommel Strike","Sentinel","Corruption"],"picked":"SKIP","floor":10.0},{"not_picked":["Inflame","Power Through"],"picked":"Shrug It Off","floor":13.0},{"not_picked":["Anger","Thunderclap","Whirlwind"],"picked":"SKIP","floor":14.0},{"not_picked":["Brutality","Exhume"],"picked":"Juggernaut","floor":16.0},{"not_picked":["Flex","Intimidate"],"picked":"Clash","floor":18.0},{"not_picked":["Rampage+1","Whirlwind"],"picked":"Perfected Strike+1","floor":22.0},{"not_picked":["Warcry","Iron Wave+1"],"picked":"Barricade","floor":23.0},{"not_picked":["Body Slam","Perfected Strike"],"picked":"Cleave+1","floor":25.0},{"not_picked":["Pummel","Perfected Strike"],"picked":"Anger+1","floor":27.0},{"not_picked":["Berserk","Perfected Strike+1"],"picked":"Whirlwind+1","floor":29.0},{"not_picked":["Thunderclap","Flex"],"picked":"Heavy Blade+1","floor":35.0},{"not_picked":["Perfected Strike","Sword Boomerang+1"],"picked":"Entrench+1","floor":37},{"not_picked":["Hemokinesis+1","Dropkick","Armaments"],"picked":"SKIP","floor":39},{"not_picked":["Power Through","Wild Strike","Pummel"],"picked":"SKIP","floor":40},{"not_picked":["Sword Boomerang+1","Flex+1"],"picked":"Iron Wave+1","floor":41},{"not_picked":["Dark Embrace","Perfected Strike"],"picked":"Rampage+1","floor":48}],"player_experience":72298,"relics_obtained":[{"floor":6.0,"key":"Mercury Hourglass"},{"floor":8.0,"key":"Centennial Puzzle"},{"floor":9.0,"key":"Bottled Lightning"},{"floor":13.0,"key":"Regal Pillow"},{"floor":23.0,"key":"Mango"},{"floor":26.0,"key":"Potion Belt"},{"floor":27.0,"key":"Red Skull"},{"floor":40,"key":"Pen Nib"},{"floor":40,"key":"Vajra"},{"floor":43,"key":"Ancient Tea Set"},{"floor":44,"key":"Self Forming Clay"}],"event_choices":[{"damage_healed":0.0,"max_hp_gain":0.0,"max_hp_loss":0.0,"gold_gain":0.0,"event_name":"Shining Light","player_choice":"Entered Light","floor":3.0,"gold_loss":0.0,"damage_taken":18.0,"cards_upgraded":["Defend_R","Defend_R"]},{"damage_healed":29.0,"max_hp_gain":0.0,"max_hp_loss":0.0,"gold_gain":0.0,"event_name":"Big Fish","player_choice":"Banana","floor":11.0,"gold_loss":0.0,"damage_taken":0.0},{"damage_healed":0.0,"max_hp_gain":0.0,"max_hp_loss":0.0,"gold_gain":0.0,"event_name":"Dead Adventurer","player_choice":"Searched \u00272\u0027 times","floor":12.0,"gold_loss":0.0,"damage_taken":0.0,"relics_obtained":["Dodecahedron"]},{"damage_healed":0.0,"max_hp_gain":0.0,"max_hp_loss":0.0,"gold_gain":0.0,"event_name":"Vampires","player_choice":"Ignored","floor":19.0,"gold_loss":0.0,"damage_taken":0.0},{"damage_healed":0.0,"max_hp_gain":0.0,"max_hp_loss":0.0,"gold_gain":0.0,"event_name":"The Woman in Blue","player_choice":"Bought 0 Potions","floor":20.0,"gold_loss":0.0,"damage_taken":0.0},{"damage_healed":0.0,"max_hp_gain":5.0,"max_hp_loss":0.0,"gold_gain":0.0,"event_name":"Forgotten Altar","player_choice":"Shed Blood","floor":30.0,"gold_loss":0.0,"damage_taken":26.0},{"damage_healed":0.0,"max_hp_gain":0.0,"max_hp_loss":0.0,"gold_gain":0.0,"event_name":"Drug Dealer","player_choice":"Inject Mutagens","floor":31.0,"gold_loss":0.0,"damage_taken":0.0,"relics_obtained":["MutagenicStrength"]},{"damage_healed":0.0,"max_hp_gain":0.0,"max_hp_loss":0.0,"gold_gain":0.0,"event_name":"Upgrade Shrine","player_choice":"Upgraded","floor":36.0,"gold_loss":0.0,"damage_taken":0.0,"cards_upgraded":["Juggernaut"]},{"damage_healed":0,"gold_gain":0,"player_choice":"Paid","damage_taken":0,"relics_obtained":["Red Mask"],"max_hp_gain":0,"max_hp_loss":0,"event_name":"Tomb of Lord Red Mask","floor":46,"gold_loss":209}],"is_beta":false,"boss_relics":[{"not_picked":["Empty Cage","Velvet Choker"],"picked":"Sozu"},{"not_picked":["Fusion Hammer","Tiny House"],"picked":"Black Star"}],"items_purged_floors":[21,38],"is_endless":false,"potions_floor_spawned":[4,6,10,14,18,22,25,29,37,40,41],"ascension_level":2}