{"gold_per_floor":[113,113,130,141,66,66,81,99,99,21,36,36,56,67,67,146,146,160,160,160,160,60,60,74,74,74,99,117,127,127,147,147,219,219,230,230,241,241,259,289,289,300,300,300,310,310,28,44,44,44,44],"floor_reached":51,"playtime":2036,"items_purged":["Strike_B","Strike_B"],"score":1311,"play_id":"ce4a58b9-30de-4db4-8a6d-5d45c078918f","local_time":"20190523205454","is_ascension_mode":true,"campfire_choices":[{"data":"Zap","floor":6.0,"key":"SMITH"},{"data":"Streamline","floor":15.0,"key":"SMITH"},{"data":"Dualcast","floor":23.0,"key":"SMITH"},{"data":"Hologram","floor":25.0,"key":"SMITH"},{"floor":30.0,"key":"REST"},{"floor":32.0,"key":"REST"},{"floor":41,"key":"REST"},{"floor":46,"key":"RECALL"},{"floor":49,"key":"REST"}],"neow_cost":"NONE","seed_source_timestamp":36987095370788,"circlet_count":0,"master_deck":["AscendersBane","Defend_B","Defend_B","Defend_B","Defend_B","Zap+1","Dualcast+1","All For One","Gash","Go for the Eyes","BootSequence","Gash","Self Repair","Beam Cell","Recycle","Streamline+1","Hologram+1","Capacitor+1","Gash","Self Repair","Conserve Battery","Gash","Reboot","Gash","Coolheaded","Hologram","Gash+1","Coolheaded","Leap"],"special_seed":0,"relics":["Cracked Core","Singing Bowl","Calling Bell","Ancient Tea Set","Symbiotic Virus","Torii","Ornamental Fan","Sundial","Orrery","Bag of Marbles","Shuriken"],"potions_floor_usage":[39],"damage_taken":[{"damage":4.0,"enemies":"Jaw Worm","floor":1.0,"turns":3.0},{"damage":0.0,"enemies":"Cultist","floor":3.0,"turns":3.0},{"damage":0.0,"enemies":"2 Louse","floor":4.0,"turns":2.0},{"damage":0.0,"enemies":"Blue Slaver","floor":7.0,"turns":3.0},{"damage":13.0,"enemies":"Exordium Wildlife","floor":8.0,"turns":3.0},{"damage":6.0,"enemies":"3 Louse","floor":11.0,"turns":3.0},{"damage":17.0,"enemies":"Exordium Thugs","floor":13.0,"turns":3.0},{"damage":0.0,"enemies":"Blue Slaver","floor":14.0,"turns":2.0},{"damage":26.0,"enemies":"Slime Boss","floor":16.0,"turns":7.0},{"damage":22.0,"enemies":"3 Byrds","floor":18.0,"turns":4.0},{"damage":17.0,"enemies":"2 Thieves","floor":24.0,"turns":3.0},{"damage":29.0,"enemies":"Slavers","floor":27.0,"turns":4.0},{"damage":27.0,"enemies":"Shelled Parasite and Fungi","floor":28.0,"turns":4.0},{"damage":0.0,"enemies":"Centurion and Healer","floor":29.0,"turns":6.0},{"damage":22.0,"enemies":"Sentry and Sphere","floor":31.0,"turns":4.0},{"damage":21.0,"enemies":"Automaton","floor":33.0,"turns":6.0},{"damage":32.0,"enemies":"Orb Walker","floor":35.0,"turns":4.0},{"damage":7.0,"enemies":"3 Shapes","floor":37.0,"turns":3.0},{"damage":19,"enemies":"Spire Growth","floor":39,"turns":3},{"damage":1,"enemies":"Giant Head","floor":40,"turns":4},{"damage":17,"enemies":"Sphere and 2 Shapes","floor":42,"turns":4},{"damage":46,"enemies":"3 Darklings","floor":45,"turns":5},{"damage":11,"enemies":"Jaw Worm Horde","floor":48,"turns":3},{"damage":50,"enemies":"Awakened One","floor":50,"turns":9},{"damage":37,"enemies":"Donu and Deca","floor":51,"turns":3}],"seed_played":"-4451118341087629957","potions_obtained":[{"floor":1.0,"key":"Strength Potion"},{"floor":7.0,"key":"SpeedPotion"},{"floor":18.0,"key":"Weak Potion"},{"floor":24.0,"key":"Strength Potion"},{"floor":28.0,"key":"GamblersBrew"},{"floor":39,"key":"Energy Potion"},{"floor":40,"key":"Poison Potion"}],"is_trial":false,"path_per_floor":["M","?","M","M","$","R","M","M","T","$","M","?","M","M","R","B",null,"M","?","?","?","$","R","M","R","T","E","M","M","R","M","R","B",null,"M","?","M","?","M","E","R","M","T","?","M","R","$","M","R","B","B"],"character_chosen":"DEFECT","items_purchased":["Self Repair","Shuriken"],"campfire_rested":4,"item_purchase_floors":[10,47],"current_hp_per_floor":[60,60,60,60,60,60,60,47,47,47,48,41,31,38,38,21,60,45,60,60,60,60,60,50,50,50,28,8,22,43,28,49,42,69,53,53,62,64,45,51,75,60,60,60,28,28,28,33,59,23,0],"gold":44,"neow_bonus":"TRANSFORM_CARD","is_prod":false,"is_daily":false,"chose_seed":false,"campfire_upgraded":4,"win_rate":0,"timestamp":1558612494,"path_taken":["M","?","M","M","$","R","M","M","T","?","?","?","M","M","R","BOSS","M","?","?","?","$","R","M","R","T","E","M","M","R","M","R","BOSS","M","?","M","?","M","E","R","M","T","?","?","R","$","M","R","BOSS","BOSS"],"build_version":"2019-01-23","purchased_purges":2,"victory":false,"max_hp_per_floor":[71,71,71,71,71,71,71,71,71,71,71,71,71,71,71,73,73,73,73,73,73,73,73,73,73,73,73,73,73,73,73,73,73,77,79,79,81,83,83,83,83,85,85,85,85,85,85,87,87,87,87],"card_choices":[{"not_picked":["Rip and Tear","Redo"],"picked":"Gash","floor":1.0},{"not_picked":["Redo","Turbo"],"picked":"Go for the Eyes","floor":3.0},{"not_picked":["Sweeping Beam","Darkness"],"picked":"BootSequence","floor":4.0},{"not_picked":["Aggregate","Hologram"],"picked":"Gash","floor":7.0},{"not_picked":["Heatsinks","Barrage"],"picked":"Beam Cell","floor":8.0},{"not_picked":["Melter","Steam"],"picked":"Beam Cell","floor":11.0},{"not_picked":["Lockon","Leap"],"picked":"Recycle","floor":13.0},{"not_picked":["Compile Driver","Force Field"],"picked":"Streamline","floor":14.0},{"not_picked":["Amplify","Biased Cognition","Multi-Cast"],"picked":"Singing Bowl","floor":16.0},{"not_picked":["Force Field","Redo"],"picked":"Hologram","floor":18.0},{"not_picked":["Redo","Go for the Eyes"],"picked":"Capacitor+1","floor":24.0},{"not_picked":["Conserve Battery","Fusion"],"picked":"Gash","floor":27.0},{"not_picked":["Double Energy","Beam Cell+1"],"picked":"Self Repair","floor":28.0},{"not_picked":["Barrage","Scrape"],"picked":"Conserve Battery","floor":29.0},{"not_picked":["Capacitor","Force Field"],"picked":"Gash","floor":31.0},{"not_picked":["Buffer","Amplify"],"picked":"Reboot","floor":33.0},{"not_picked":["Seek","Turbo+1"],"picked":"Gash","floor":34.0},{"not_picked":["Compile Driver","Chaos+1"],"picked":"Coolheaded","floor":34.0},{"not_picked":["Undo","Redo","Reprogram"],"picked":"Singing Bowl","floor":34.0},{"not_picked":["Static Discharge","Redo","Rebound"],"picked":"Singing Bowl","floor":34.0},{"not_picked":["Blizzard+1","Ball Lightning"],"picked":"Hologram","floor":34.0},{"not_picked":["Redo","Go for the Eyes","Turbo"],"picked":"Singing Bowl","floor":35.0},{"not_picked":["Turbo","Conserve Battery","Steam"],"picked":"Singing Bowl","floor":37.0},{"not_picked":["Forethought","Enlightenment","Sadistic Nature"],"picked":"Singing Bowl","floor":38},{"not_picked":["Sweeping Beam","Loop"],"picked":"Gash+1","floor":39},{"not_picked":["Stack","Turbo"],"picked":"Coolheaded","floor":40},{"not_picked":["Sweeping Beam","Go for the Eyes","Beam Cell"],"picked":"Singing Bowl","floor":42},{"not_picked":["Aggregate","Compile Driver"],"picked":"Leap","floor":45},{"not_picked":["Barrage+1","BootSequence","Auto Shields"],"picked":"Singing Bowl","floor":48}],"player_experience":555192,"relics_obtained":[{"floor":9.0,"key":"Singing Bowl"},{"floor":17.0,"key":"Ancient Tea Set"},{"floor":17.0,"key":"Symbiotic Virus"},{"floor":17.0,"key":"Torii"},{"floor":26.0,"key":"Ornamental Fan"},{"floor":27.0,"key":"Sundial"},{"floor":40,"key":"Bag of Marbles"}],"event_choices":[{"damage_healed":0.0,"max_hp_gain":0.0,"max_hp_loss":0.0,"gold_gain":0.0,"event_name":"Shining Light","player_choice":"Ignored","floor":2.0,"gold_loss":0.0,"damage_taken":0.0},{"cards_removed":["Strike_B"],"damage_healed":0.0,"max_hp_gain":0.0,"max_hp_loss":0.0,"gold_gain":0.0,"event_name":"Golden Wing","player_choice":"Card Removal","floor":12.0,"gold_loss":0.0,"damage_taken":7.0},{"damage_healed":15.0,"max_hp_gain":0.0,"max_hp_loss":0.0,"gold_gain":0.0,"event_name":"The Library","player_choice":"Heal","floor":19.0,"gold_loss":0.0,"damage_taken":0.0},{"damage_healed":0.0,"max_hp_gain":0.0,"max_hp_loss":0.0,"gold_gain":0.0,"event_name":"Vampires","player_choice":"Ignored","floor":21.0,"gold_loss":0.0,"damage_taken":0.0},{"damage_healed":0.0,"max_hp_gain":0.0,"max_hp_loss":0.0,"gold_gain":0.0,"event_name":"Tomb of Lord Red Mask","player_choice":"Ignored","floor":36.0,"gold_loss":0.0,"damage_taken":0.0},{"damage_healed":0,"gold_gain":0,"player_choice":"Memory 1","damage_taken":0,"max_hp_gain":0,"max_hp_loss":0,"event_name":"SensoryStone","floor":38,"gold_loss":0},{"cards_removed":["Beam Cell"],"damage_healed":0,"gold_gain":0,"player_choice":"Removed Attack","damage_taken":0,"max_hp_gain":0,"max_hp_loss":0,"event_name":"Falling","floor":44,"gold_loss":0}],"is_beta":false,"boss_relics":[{"not_picked":["Nuclear Battery","Inserter"],"picked":"Calling Bell"},{"not_picked":["Empty Cage","Runic Dome"],"picked":"Orrery"}],"items_purged_floors":[5,22],"is_endless":false,"potions_floor_spawned":[1,7,13,14,18,24,28,31,39,40,45],"killed_by":"Donu and Deca","ascension_level":20}