{"gold_per_floor":[118,131,146,164,181,181,213,225,225,235,253,253,273,291,291,367,367,367],"floor_reached":18,"playtime":1203,"items_purged":[],"score":289,"play_id":"26ee5995-53a0-43ea-9871-96aff75a3278","local_time":"20190518115140","is_ascension_mode":true,"campfire_choices":[{"data":"Rainbow","floor":6,"key":"SMITH"},{"floor":15,"key":"REST"}],"neow_cost":"TEN_PERCENT_HP_LOSS","seed_source_timestamp":12540146219873,"circlet_count":0,"master_deck":["AscendersBane","Strike_B","Strike_B","Strike_B","Strike_B","Defend_B","Defend_B","Defend_B","Defend_B","Zap","Dualcast","Cold Snap","Scrape","FTL","Sunder","Conserve Battery","BootSequence","Rainbow+1","Blizzard","Gash","Double Energy","All For One","Streamline","Streamline","Gash","Conserve Battery","All For One"],"relics":["Cracked Core","Prayer Wheel","Omamori","Bottled Flame","Philosopher\u0027s Stone"],"potions_floor_usage":[7],"damage_taken":[{"damage":1,"enemies":"Cultist","floor":1,"turns":3},{"damage":0,"enemies":"Jaw Worm","floor":2,"turns":3},{"damage":0,"enemies":"2 Louse","floor":3,"turns":3},{"damage":3,"enemies":"Exordium Thugs","floor":4,"turns":4},{"damage":1,"enemies":"Gremlin Gang","floor":5,"turns":4},{"damage":30,"enemies":"Gremlin Nob","floor":7,"turns":4},{"damage":0,"enemies":"3 Louse","floor":8,"turns":4},{"damage":2,"enemies":"Looter","floor":10,"turns":3},{"damage":2,"enemies":"Gremlin Gang","floor":11,"turns":3},{"damage":12,"enemies":"Exordium Wildlife","floor":13,"turns":3},{"damage":0,"enemies":"3 Louse","floor":14,"turns":3},{"damage":37,"enemies":"Slime Boss","floor":16,"turns":11},{"damage":0,"enemies":"3 Byrds","floor":18,"turns":1}],"seed_played":"-7280999805174163486","potions_obtained":[{"floor":2,"key":"SkillPotion"},{"floor":4,"key":"Fire Potion"},{"floor":10,"key":"Swift Potion"},{"floor":13,"key":"Explosive Potion"}],"is_trial":false,"path_per_floor":["M","M","M","M","M","R","E","M","T","M","M","?","M","M","R","B",null,"M"],"character_chosen":"DEFECT","items_purchased":[],"campfire_rested":1,"item_purchase_floors":[],"current_hp_per_floor":[63,63,63,60,59,59,29,29,29,27,25,41,29,29,48,11,51,51],"gold":367,"neow_bonus":"ONE_RARE_RELIC","is_prod":false,"is_daily":false,"chose_seed":false,"campfire_upgraded":1,"win_rate":0,"timestamp":1558205500,"path_taken":["M","M","M","M","M","R","E","?","T","M","M","?","M","M","R","BOSS","M"],"build_version":"2019-01-23","purchased_purges":0,"victory":false,"max_hp_per_floor":[64,64,64,64,64,64,64,64,64,64,64,64,64,64,64,64,64,64],"card_choices":[{"not_picked":["Hologram","Coolheaded"],"picked":"Cold Snap","floor":1},{"not_picked":["Barrage","Darkness","Doom and Gloom"],"picked":"SKIP","floor":1},{"not_picked":["Turbo","Gash"],"picked":"Scrape","floor":2},{"not_picked":["Lockon","Reprogram","Compile Driver"],"picked":"SKIP","floor":2},{"not_picked":["Skim","Tempest"],"picked":"FTL","floor":3},{"not_picked":["Beam Cell","BootSequence"],"picked":"Sunder","floor":3},{"not_picked":["Redo","Steam Power"],"picked":"Conserve Battery","floor":4},{"not_picked":["Double Energy","Leap"],"picked":"BootSequence","floor":4},{"not_picked":["Tempest","Beam Cell"],"picked":"Rainbow","floor":5},{"not_picked":["Go for the Eyes","Compile Driver"],"picked":"Blizzard","floor":5},{"not_picked":["Compile Driver","Sunder"],"picked":"Gash","floor":7},{"not_picked":["Rebound","Storm"],"picked":"Double Energy","floor":8},{"not_picked":["Streamline","Redo","Skim"],"picked":"SKIP","floor":8},{"not_picked":["Auto Shields","Sweeping Beam"],"picked":"All For One","floor":10},{"not_picked":["Cold Snap","Compile Driver","Rebound"],"picked":"SKIP","floor":10},{"not_picked":["Aggregate","Double Energy"],"picked":"Streamline","floor":11},{"not_picked":["Leap","Fusion"],"picked":"Streamline","floor":11},{"not_picked":["Beam Cell","Streamline"],"picked":"Gash","floor":13},{"not_picked":["Steam","Cold Snap","Static Discharge"],"picked":"SKIP","floor":13},{"not_picked":["Tempest","Streamline"],"picked":"Conserve Battery","floor":14},{"not_picked":["Leap","Compile Driver","Streamline"],"picked":"SKIP","floor":14},{"not_picked":["Reboot","Fission"],"picked":"All For One","floor":16}],"player_experience":617259,"relics_obtained":[{"floor":7,"key":"Omamori"},{"floor":9,"key":"Bottled Flame"}],"event_choices":[{"damage_healed":16,"gold_gain":0,"player_choice":"Healed and dodged fight","damage_taken":0,"max_hp_gain":0,"max_hp_loss":0,"event_name":"Mushrooms","floor":12,"gold_loss":0,"cards_obtained":["Parasite"]}],"is_beta":false,"boss_relics":[{"not_picked":["FrozenCore","Inserter"],"picked":"Philosopher\u0027s Stone"}],"items_purged_floors":[],"is_endless":false,"potions_floor_spawned":[2,4,10,13,14],"killed_by":"3 Byrds","ascension_level":14}