{"gold_per_floor":[111,121,71,90,107,107,207,207,207,207,233,245,268,299,311,323],"floor_reached":16,"playtime":6035,"items_purged":[],"score":150,"play_id":"b0d2eee1-4dbb-4f95-88f2-78f7c4d14301","local_time":"20190604135251","is_ascension_mode":true,"campfire_choices":[{"data":"Hologram","floor":6,"key":"SMITH"},{"floor":8,"key":"DIG"},{"floor":10,"key":"DIG"},{"floor":12,"key":"DIG"},{"floor":15,"key":"DIG"}],"neow_cost":"TEN_PERCENT_HP_LOSS","seed_source_timestamp":1304840006404012,"circlet_count":0,"master_deck":["AscendersBane","Strike_B","Strike_B","Strike_B","Defend_B","Defend_B","Defend_B","Defend_B","Zap","Dualcast","Hologram+1","FTL","Genetic Algorithm","Ball Lightning","Self Repair"],"relics":["Cracked Core","Shovel","Calipers","Letter Opener","MawBank","Gambling Chip","Happy Flower"],"potions_floor_usage":[11,16,16],"damage_taken":[{"damage":0,"enemies":"Small Slimes","floor":1,"turns":3},{"damage":5,"enemies":"2 Louse","floor":2,"turns":2},{"damage":1,"enemies":"Cultist","floor":4,"turns":4},{"damage":17,"enemies":"Exordium Wildlife","floor":5,"turns":6},{"damage":12,"enemies":"Lots of Slimes","floor":11,"turns":4},{"damage":7,"enemies":"3 Louse","floor":13,"turns":3},{"damage":2,"enemies":"Exordium Wildlife","floor":14,"turns":4},{"damage":31,"enemies":"Slime Boss","floor":16,"turns":5}],"seed_played":"3206193435432142120","potions_obtained":[{"floor":2,"key":"Block Potion"},{"floor":11,"key":"GamblersBrew"},{"floor":13,"key":"GamblersBrew"}],"is_trial":false,"path_per_floor":["M","M","?","M","M","R","?","R","T","R","M","R","M","M","R","B"],"character_chosen":"DEFECT","items_purchased":[],"campfire_rested":0,"item_purchase_floors":[],"current_hp_per_floor":[68,63,63,62,45,45,45,45,45,45,33,33,26,31,31,0],"gold":323,"neow_bonus":"ONE_RARE_RELIC","is_prod":false,"is_daily":false,"chose_seed":false,"campfire_upgraded":1,"win_rate":0,"timestamp":1559670771,"path_taken":["M","M","?","M","M","R","?","R","T","R","?","R","M","M","R","BOSS"],"build_version":"2019-01-23","purchased_purges":0,"victory":false,"max_hp_per_floor":[68,68,68,68,68,68,68,68,68,68,68,68,68,68,68,68],"card_choices":[{"not_picked":["Coolheaded","Stack"],"picked":"Hologram","floor":1},{"not_picked":["Leap","Self Repair"],"picked":"FTL","floor":2},{"not_picked":["Sweeping Beam","Lockon"],"picked":"Genetic Algorithm","floor":4},{"not_picked":["Steam","Go for the Eyes"],"picked":"Ball Lightning","floor":5},{"not_picked":["Doom and Gloom","Compile Driver","Tempest"],"picked":"SKIP","floor":11},{"not_picked":["Sweeping Beam","Hyperbeam"],"picked":"Self Repair","floor":13},{"not_picked":["Barrage","Redo","Fusion"],"picked":"SKIP","floor":14}],"player_experience":718787,"relics_obtained":[{"floor":8,"key":"Calipers"},{"floor":9,"key":"Letter Opener"},{"floor":10,"key":"MawBank"},{"floor":12,"key":"Gambling Chip"},{"floor":15,"key":"Happy Flower"}],"event_choices":[{"cards_removed":["Strike_B"],"damage_healed":0,"gold_gain":0,"player_choice":"Card Removal","damage_taken":0,"max_hp_gain":0,"max_hp_loss":0,"event_name":"The Cleric","floor":3,"gold_loss":50},{"damage_healed":0,"gold_gain":100,"player_choice":"Pray","damage_taken":0,"max_hp_gain":0,"max_hp_loss":0,"event_name":"Golden Shrine","floor":7,"gold_loss":0}],"is_beta":false,"boss_relics":[],"items_purged_floors":[],"is_endless":false,"potions_floor_spawned":[2,11,13],"killed_by":"Slime Boss","ascension_level":12}