{"gold_per_floor":[112,128,78,78,92,124,124,136,212,246,263,174,174,174,174,272,272,284,249,249,53,53,86,104,104,129,129,146,146,176,208,208,308,308,325,14,14,28,28,28,28,45,72,91,313,313,339,350,350,350],"floor_reached":51,"playtime":5109,"items_purged":[],"score":960,"play_id":"c8e3969b-bcd6-44a1-9a81-84876b0e5c4f","local_time":"20190531021327","is_ascension_mode":true,"campfire_choices":[{"data":"Defragment","floor":7.0,"key":"SMITH"},{"floor":15.0,"key":"REST"},{"floor":25.0,"key":"REST"},{"data":"Capacitor","floor":27.0,"key":"SMITH"},{"floor":29.0,"key":"REST"},{"floor":32.0,"key":"REST"},{"floor":40.0,"key":"REST"},{"floor":46.0,"key":"REST"},{"data":"Defragment","floor":49,"key":"SMITH"}],"neow_cost":"TEN_PERCENT_HP_LOSS","seed_source_timestamp":143573039793600,"circlet_count":0,"master_deck":["Strike_B","Strike_B","Strike_B","Defend_B","Defend_B","Defend_B","Zap","Dualcast","Thinking Ahead","Genetic Algorithm","Glacier","Defragment+1","Buffer+1","Defragment+1","Reboot","Coolheaded","Beam Cell","Blizzard","Seek","Undo","Capacitor+1","Turbo","Rebound+1","Amplify","Cold Snap","Chaos+1","Ball Lightning+1","Barrage","Chill+1"],"special_seed":0,"relics":["Cracked Core","Ginger","Ornamental Fan","Lantern","Lizard Tail","Orichalcum","Vajra","Potion Belt","Bronze Scales","Unceasing Top","Red Mask","Inserter","Calipers","DataDisk","Gremlin Horn"],"potions_floor_usage":[50],"damage_taken":[{"damage":1.0,"enemies":"Cultist","floor":1.0,"turns":3.0},{"damage":5.0,"enemies":"Jaw Worm","floor":2.0,"turns":4.0},{"damage":11.0,"enemies":"2 Louse","floor":5.0,"turns":2.0},{"damage":11.0,"enemies":"Lagavulin","floor":6.0,"turns":7.0},{"damage":1.0,"enemies":"2 Fungi Beasts","floor":8.0,"turns":3.0},{"damage":25.0,"enemies":"Gremlin Nob","floor":10.0,"turns":5.0},{"damage":6.0,"enemies":"Looter","floor":11.0,"turns":3.0},{"damage":0.0,"enemies":"The Guardian","floor":16.0,"turns":18.0},{"damage":4.0,"enemies":"Chosen","floor":18.0,"turns":5.0},{"damage":20.0,"enemies":"2 Thieves","floor":19.0,"turns":5.0},{"damage":65.0,"enemies":"Slavers","floor":23.0,"turns":21.0},{"damage":0.0,"enemies":"Shelled Parasite and Fungi","floor":24.0,"turns":11.0},{"damage":7.0,"enemies":"Centurion and Healer","floor":28.0,"turns":13.0},{"damage":9.0,"enemies":"Book of Stabbing","floor":30.0,"turns":8.0},{"damage":19.0,"enemies":"Masked Bandits","floor":31.0,"turns":5.0},{"damage":28.0,"enemies":"Automaton","floor":33.0,"turns":19.0},{"damage":10.0,"enemies":"Orb Walker","floor":35.0,"turns":6.0},{"damage":19.0,"enemies":"3 Darklings","floor":38.0,"turns":9.0},{"damage":17.0,"enemies":"Transient","floor":42.0,"turns":5.0},{"damage":0.0,"enemies":"4 Shapes","floor":44.0,"turns":7.0},{"damage":0.0,"enemies":"Giant Head","floor":47.0,"turns":8.0},{"damage":9,"enemies":"3 Darklings","floor":48,"turns":6},{"damage":3,"enemies":"Time Eater","floor":50,"turns":13}],"seed_played":"3917913897256902231","potions_obtained":[{"floor":2.0,"key":"Fire Potion"},{"floor":5.0,"key":"SneckoOil"},{"floor":10.0,"key":"PowerPotion"},{"floor":16.0,"key":"Energy Potion"},{"floor":23.0,"key":"Swift Potion"},{"floor":28.0,"key":"SpeedPotion"},{"floor":31.0,"key":"GamblersBrew"},{"floor":38.0,"key":"Regen Potion"},{"floor":42.0,"key":"Strength Potion"},{"floor":47.0,"key":"LiquidBronze"}],"is_trial":false,"path_per_floor":["M","M","?","?","M","E","R","M","T","E","M","$","?","?","R","B",null,"M","M","?","$","?","E","M","R","T","R","M","R","E","?","R","B",null,"M","$","?","M","$","R","?","M","T","M","?","R","E","M","R","B",null],"character_chosen":"DEFECT","items_purchased":["Defragment","Dexterity Potion","Orichalcum","Dexterity Potion","Calipers"],"campfire_rested":6,"item_purchase_floors":[12,12,21,21,36],"current_hp_per_floor":[67,62,62,62,51,40,40,39,39,14,8,8,8,8,28,28,58,54,34,34,34,34,9,9,29,29,29,22,42,33,14,34,6,53,43,43,43,24,24,44,44,42,42,42,42,62,62,53,53,50],"gold":350,"neow_bonus":"RANDOM_COLORLESS_2","is_prod":false,"is_daily":false,"chose_seed":false,"campfire_upgraded":3,"win_rate":0,"timestamp":1559294007,"path_taken":["M","M","?","?","M","E","R","?","T","E","M","$","?","?","R","BOSS","M","M","?","$","?","E","M","R","T","R","M","R","E","?","R","BOSS","M","$","?","M","$","R","?","M","T","M","?","R","E","M","R","BOSS"],"build_version":"2019-01-23","purchased_purges":0,"victory":true,"max_hp_per_floor":[68,68,68,68,68,68,68,68,68,68,68,68,68,68,68,68,68,68,68,68,68,68,68,68,68,68,68,68,68,68,68,68,68,68,68,68,68,68,68,68,68,68,68,68,68,68,68,68,68,68],"card_choices":[{"not_picked":["Static Discharge","Aggregate"],"picked":"Genetic Algorithm","floor":1.0},{"not_picked":["Hologram","Stack"],"picked":"Glacier","floor":2.0},{"not_picked":["Turbo","Glacier"],"picked":"Defragment","floor":5.0},{"not_picked":["Gash","Compile Driver"],"picked":"Leap","floor":6.0},{"not_picked":["Doom and Gloom","BootSequence","Stack"],"picked":"SKIP","floor":8.0},{"not_picked":["Auto Shields","Cold Snap"],"picked":"Buffer","floor":10.0},{"not_picked":["Rip and Tear","Beam Cell"],"picked":"Double Energy","floor":11.0},{"not_picked":["Core Surge","Hyperbeam"],"picked":"Reboot","floor":16.0},{"not_picked":["Rebound","Ball Lightning"],"picked":"Coolheaded","floor":18.0},{"not_picked":["Doom and Gloom","Rainbow"],"picked":"Beam Cell","floor":19.0},{"not_picked":["Double Energy","Ball Lightning"],"picked":"Undo","floor":23.0},{"not_picked":["FTL","Barrage"],"picked":"Capacitor","floor":24.0},{"not_picked":["Barrage","Melter"],"picked":"Turbo","floor":28.0},{"not_picked":["Rip and Tear","Turbo","Compile Driver"],"picked":"SKIP","floor":30.0},{"not_picked":["Rip and Tear","Ball Lightning"],"picked":"Rebound+1","floor":31.0},{"not_picked":["Reboot","Machine Learning"],"picked":"Amplify","floor":33.0},{"not_picked":["Ball Lightning+1","Coolheaded+1"],"picked":"Cold Snap","floor":35.0},{"not_picked":["Self Repair","Beam Cell"],"picked":"Chaos+1","floor":38.0},{"not_picked":["Loop","Static Discharge+1"],"picked":"Ball Lightning+1","floor":42.0},{"not_picked":["Coolheaded","Leap","Turbo+1"],"picked":"SKIP","floor":44.0},{"not_picked":["Leap","Darkness+1"],"picked":"Barrage","floor":47.0},{"not_picked":["Sweeping Beam","Multi-Cast"],"picked":"Chill+1","floor":48}],"player_experience":171175,"relics_obtained":[{"floor":6.0,"key":"Ginger"},{"floor":9.0,"key":"Ornamental Fan"},{"floor":10.0,"key":"Lantern"},{"floor":23.0,"key":"Potion Belt"},{"floor":26.0,"key":"Bronze Scales"},{"floor":30.0,"key":"Unceasing Top"},{"floor":31.0,"key":"Red Mask"},{"floor":43.0,"key":"DataDisk"},{"floor":47.0,"key":"Gremlin Horn"}],"event_choices":[{"cards_removed":["Panache"],"damage_healed":0.0,"max_hp_gain":0.0,"max_hp_loss":0.0,"gold_gain":0.0,"event_name":"The Cleric","player_choice":"Card Removal","floor":3.0,"gold_loss":50.0,"damage_taken":0.0},{"cards_removed":["Defend_B"],"damage_healed":0.0,"max_hp_gain":0.0,"max_hp_loss":0.0,"gold_gain":0.0,"event_name":"Purifier","player_choice":"Purged","floor":4.0,"gold_loss":0.0,"damage_taken":0.0},{"damage_healed":0.0,"max_hp_gain":0.0,"max_hp_loss":0.0,"gold_gain":0.0,"event_name":"Living Wall","player_choice":"Grow","floor":13.0,"gold_loss":0.0,"damage_taken":0.0,"cards_upgraded":["Buffer"]},{"damage_healed":0.0,"max_hp_gain":0.0,"max_hp_loss":0.0,"gold_gain":0.0,"event_name":"Scrap Ooze","player_choice":"Fled","floor":14.0,"gold_loss":0.0,"damage_taken":0.0},{"damage_healed":0.0,"max_hp_gain":0.0,"max_hp_loss":0.0,"gold_gain":0.0,"cards_transformed":["Strike_B","Leap"],"event_name":"Drug Dealer","player_choice":"Became Test Subject","floor":20.0,"gold_loss":0.0,"damage_taken":0.0,"cards_obtained":["Blizzard","Seek"]},{"damage_healed":0.0,"max_hp_gain":0.0,"max_hp_loss":0.0,"gold_gain":0.0,"event_name":"The Mausoleum","player_choice":"Opened","floor":22.0,"gold_loss":0.0,"damage_taken":0.0,"relics_obtained":["Vajra"]},{"damage_healed":0.0,"max_hp_gain":0.0,"max_hp_loss":0.0,"gold_gain":0.0,"event_name":"Masked Bandits","player_choice":"Fought Bandits","floor":31.0,"gold_loss":0.0,"damage_taken":0.0},{"cards_removed":["Double Energy"],"damage_healed":0.0,"max_hp_gain":0.0,"max_hp_loss":0.0,"gold_gain":0.0,"event_name":"Falling","player_choice":"Removed Skill","floor":37.0,"gold_loss":0.0,"damage_taken":0.0},{"damage_healed":0.0,"max_hp_gain":0.0,"max_hp_loss":0.0,"gold_gain":0.0,"event_name":"Mysterious Sphere","player_choice":"Ignored","floor":41.0,"gold_loss":0.0,"damage_taken":0.0},{"damage_healed":0.0,"max_hp_gain":0.0,"max_hp_loss":0.0,"gold_gain":222.0,"event_name":"Tomb of Lord Red Mask","player_choice":"Wore Mask","floor":45.0,"gold_loss":0.0,"damage_taken":0.0}],"is_beta":false,"boss_relics":[{"not_picked":["Pandora\u0027s Box","White Beast Statue"],"picked":"Lizard Tail"},{"not_picked":["FrozenCore","Velvet Choker"],"picked":"Inserter"}],"items_purged_floors":[],"is_endless":false,"potions_floor_spawned":[2,5,10,16,23,28,31,38,42,47],"ascension_level":5}