{"gold_per_floor":[10,85,85,10,23,23,40,40,40,59,59,71,82,92,92,169,169,185,205,205],"floor_reached":20,"playtime":765,"items_purged":[],"score":328,"play_id":"8a6c57a0-9815-4234-b48d-ea962a5ef34c","local_time":"20190605140221","is_ascension_mode":true,"campfire_choices":[{"data":"1","floor":6,"key":"LIFT"},{"data":"2","floor":8,"key":"LIFT"},{"floor":11,"key":"REST"},{"data":"3","floor":15,"key":"LIFT"}],"neow_cost":"NO_GOLD","seed_source_timestamp":39107908131965,"circlet_count":0,"master_deck":["AscendersBane","Strike_B","Strike_B","Defend_B","Defend_B","Defend_B","Defend_B","Zap","Dualcast","Ball Lightning","BootSequence","Defragment","Ball Lightning","Capacitor","Seek","Reinforced Body","Glacier+1"],"relics":["Cracked Core","Girya","Kunai","Inserter"],"potions_floor_usage":[10,16,16],"damage_taken":[{"damage":5,"enemies":"2 Louse","floor":1,"turns":2},{"damage":5,"enemies":"Small Slimes","floor":5,"turns":3},{"damage":9,"enemies":"Jaw Worm","floor":7,"turns":3},{"damage":5,"enemies":"3 Louse","floor":10,"turns":3},{"damage":8,"enemies":"Exordium Wildlife","floor":12,"turns":3},{"damage":3,"enemies":"2 Fungi Beasts","floor":13,"turns":3},{"damage":3,"enemies":"3 Louse","floor":14,"turns":3},{"damage":24,"enemies":"Slime Boss","floor":16,"turns":7},{"damage":20,"enemies":"Chosen","floor":18,"turns":5},{"damage":35,"enemies":"Shell Parasite","floor":19,"turns":7},{"damage":12,"enemies":"Colosseum Slavers","floor":20,"turns":1}],"seed_played":"395441920480648145","potions_obtained":[{"floor":7,"key":"EssenceOfSteel"},{"floor":12,"key":"AttackPotion"},{"floor":14,"key":"Explosive Potion"}],"is_trial":false,"path_per_floor":["M","?","?","?","M","R","M","R","T","M","R","M","M","M","R","B",null,"M","M","?"],"character_chosen":"DEFECT","items_purchased":[],"campfire_rested":1,"item_purchase_floors":[],"current_hp_per_floor":[59,48,48,48,43,43,34,34,34,29,50,42,39,36,36,12,56,36,1,0],"gold":205,"neow_bonus":"ONE_RARE_RELIC","is_prod":false,"is_daily":false,"chose_seed":false,"campfire_upgraded":0,"win_rate":0,"timestamp":1559768541,"path_taken":["M","?","?","?","M","R","M","R","T","M","R","M","M","M","R","BOSS","M","M","?"],"build_version":"2019-01-23","purchased_purges":0,"victory":false,"max_hp_per_floor":[71,71,71,71,71,71,71,71,71,71,71,71,71,71,71,71,71,71,71,71],"card_choices":[{"not_picked":["Barrage","Loop"],"picked":"Ball Lightning","floor":1},{"not_picked":["Darkness","Turbo","Stack"],"picked":"SKIP","floor":5},{"not_picked":["Streamline","Turbo","Coolheaded"],"picked":"SKIP","floor":7},{"not_picked":["Steam","Buffer"],"picked":"BootSequence","floor":10},{"not_picked":["Rebound","Force Field"],"picked":"Defragment","floor":12},{"not_picked":["Chill","Beam Cell"],"picked":"Ball Lightning","floor":13},{"not_picked":["Fusion","Rebound"],"picked":"Capacitor","floor":14},{"not_picked":["Machine Learning","Fission"],"picked":"Seek","floor":16},{"not_picked":["Loop+1","Go for the Eyes+1"],"picked":"Reinforced Body","floor":18},{"not_picked":["Leap","White Noise+1"],"picked":"Glacier+1","floor":19}],"player_experience":824866,"relics_obtained":[{"floor":9,"key":"Kunai"}],"event_choices":[{"damage_healed":0,"gold_gain":75,"player_choice":"Gather Gold","damage_taken":11,"max_hp_gain":0,"max_hp_loss":0,"event_name":"World of Goop","floor":2,"gold_loss":0},{"cards_removed":["Strike_B"],"damage_healed":0,"gold_gain":0,"player_choice":"Forget","damage_taken":0,"max_hp_gain":0,"max_hp_loss":0,"event_name":"Living Wall","floor":3,"gold_loss":0},{"cards_removed":["Strike_B"],"damage_healed":0,"gold_gain":0,"player_choice":"Card Removal","damage_taken":0,"max_hp_gain":0,"max_hp_loss":0,"event_name":"The Cleric","floor":4,"gold_loss":75},{"damage_healed":0,"gold_gain":0,"player_choice":"Fight","damage_taken":0,"max_hp_gain":0,"max_hp_loss":0,"event_name":"Colosseum","floor":20,"gold_loss":0}],"is_beta":false,"boss_relics":[{"not_picked":["Runic Dome","Busted Crown"],"picked":"Inserter"}],"items_purged_floors":[],"is_endless":false,"potions_floor_spawned":[7,12,14],"killed_by":"Colosseum Slavers","ascension_level":19}