{"gold_per_floor":[115,15,29,29,29,53,53,74,155,105,5,28,72,97,97,227,227,248,25,25,25,25,25],"floor_reached":23,"playtime":1171,"items_purged":["Strike_B","Strike_B","Strike_B"],"score":234,"play_id":"22d5e7c1-a3a1-4016-bd40-73715dfa8a30","local_time":"20190506103648","is_ascension_mode":true,"campfire_choices":[{"floor":7,"key":"REST"},{"floor":15,"key":"REST"}],"neow_cost":"NONE","seed_source_timestamp":256751710163848,"circlet_count":0,"master_deck":["Defend_B","Defend_B","Defend_B","Defend_B","Zap","Dualcast","Ball Lightning","Leap","FTL","Leap","BootSequence","Rainbow","Reinforced Body","Buffer","Self Repair","Bandage Up","Writhe","Buffer"],"relics":["FrozenCore","NeowsBlessing","Bloody Idol","Tiny Chest","Bag of Preparation","Smiling Mask","Thread and Needle"],"potions_floor_usage":[13,16,23,23],"damage_taken":[{"damage":0,"enemies":"Small Slimes","floor":1,"turns":1},{"damage":0,"enemies":"2 Louse","floor":3,"turns":1},{"damage":0,"enemies":"Cultist","floor":6,"turns":1},{"damage":0,"enemies":"Exordium Wildlife","floor":8,"turns":3},{"damage":28,"enemies":"3 Sentries","floor":13,"turns":10},{"damage":0,"enemies":"Large Slime","floor":14,"turns":3},{"damage":33,"enemies":"Slime Boss","floor":16,"turns":11},{"damage":0,"enemies":"Chosen","floor":18,"turns":4},{"damage":79,"enemies":"Gremlin Leader","floor":23,"turns":9}],"seed_played":"4312798860914914331","potions_obtained":[{"floor":1,"key":"Poison Potion"},{"floor":3,"key":"GamblersBrew"},{"floor":8,"key":"Ancient Potion"},{"floor":18,"key":"SpeedPotion"}],"is_trial":false,"path_per_floor":["M","$","M","?","?","M","R","M","T","?","$","T","E","M","R","B",null,"M","$","?","?","?","E"],"character_chosen":"DEFECT","items_purchased":["Leap","Self Repair","Bandage Up"],"campfire_rested":2,"item_purchase_floors":[2,19,19],"current_hp_per_floor":[75,75,75,57,57,57,75,75,75,75,75,75,47,47,69,36,65,65,65,65,65,65,0],"gold":25,"neow_bonus":"THREE_ENEMY_KILL","is_prod":false,"is_daily":false,"chose_seed":false,"campfire_upgraded":0,"win_rate":0,"timestamp":1557164208,"path_taken":["M","$","M","?","?","M","R","M","T","?","$","?","E","?","R","BOSS","M","$","?","?","?","E"],"build_version":"2019-01-23","purchased_purges":3,"victory":false,"max_hp_per_floor":[75,75,75,75,75,75,75,75,75,75,75,75,75,75,75,75,75,75,75,75,75,75,75],"card_choices":[{"not_picked":["Static Discharge","Double Energy"],"picked":"Ball Lightning","floor":1},{"not_picked":["Go for the Eyes","Leap"],"picked":"FTL","floor":3},{"not_picked":["Rebound","Tempest"],"picked":"Leap","floor":6},{"not_picked":["Sweeping Beam","Go for the Eyes"],"picked":"BootSequence","floor":8},{"not_picked":["Reprogram","Stack"],"picked":"Rainbow","floor":13},{"not_picked":["Fusion","Rebound"],"picked":"Reinforced Body","floor":14},{"not_picked":["Creative AI","Rainbow"],"picked":"Buffer","floor":16},{"not_picked":["Rebound+1","Turbo","Hologram"],"picked":"SKIP","floor":18}],"player_experience":280964,"relics_obtained":[{"floor":9,"key":"Tiny Chest"},{"floor":12,"key":"Bag of Preparation"},{"floor":13,"key":"Smiling Mask"}],"event_choices":[{"damage_healed":0,"gold_gain":0,"player_choice":"Take Damage","damage_taken":18,"relics_obtained":["Golden Idol"],"max_hp_gain":0,"max_hp_loss":0,"event_name":"Golden Idol","floor":4,"gold_loss":0},{"damage_healed":0,"gold_gain":0,"player_choice":"Ignored","damage_taken":0,"max_hp_gain":0,"max_hp_loss":0,"event_name":"Liars Game","floor":5,"gold_loss":0},{"cards_removed":["Strike_B"],"damage_healed":0,"gold_gain":0,"player_choice":"Card Removal","damage_taken":0,"max_hp_gain":0,"max_hp_loss":0,"event_name":"The Cleric","floor":10,"gold_loss":50},{"damage_healed":0,"gold_gain":0,"player_choice":"Gave Idol","damage_taken":0,"relics_obtained":["Bloody Idol"],"max_hp_gain":0,"max_hp_loss":0,"event_name":"Forgotten Altar","floor":20,"relics_lost":["Golden Idol"],"gold_loss":0},{"damage_healed":0,"gold_gain":0,"player_choice":"Opened","damage_taken":0,"relics_obtained":["Thread and Needle"],"max_hp_gain":0,"max_hp_loss":0,"event_name":"The Mausoleum","floor":21,"gold_loss":0,"cards_obtained":["Writhe"]},{"damage_healed":0,"gold_gain":0,"player_choice":"Copied","damage_taken":0,"max_hp_gain":0,"max_hp_loss":0,"event_name":"Duplicator","floor":22,"gold_loss":0,"cards_obtained":["Buffer"]}],"is_beta":false,"boss_relics":[{"not_picked":["Tiny House","Runic Pyramid"],"picked":"FrozenCore"}],"items_purged_floors":[2,11,19],"is_endless":false,"potions_floor_spawned":[1,3,8,18],"killed_by":"Gremlin Leader","ascension_level":5}