{"gold_per_floor":[218,236,32,52,67,67,99,174,198,227,237,237,247,92,92,164,164,174,174,192,203,203,203,231,231,257,276,276,276,326,326],"floor_reached":31,"playtime":1006,"items_purged":["Strike_R","Strike_R"],"score":490,"play_id":"b86c3ebd-d01f-4b54-b25f-3c3b1ebc870a","local_time":"20190405152108","is_ascension_mode":true,"campfire_choices":[{"data":"Havoc","floor":6.0,"key":"SMITH"},{"data":"Armaments","floor":12.0,"key":"SMITH"},{"data":"Double Tap","floor":15.0,"key":"SMITH"},{"data":"Bash","floor":23,"key":"SMITH"},{"data":"True Grit","floor":25,"key":"SMITH"},{"floor":29,"key":"REST"}],"neow_cost":"NONE","seed_source_timestamp":0,"circlet_count":0,"master_deck":["AscendersBane","Strike_R","Strike_R","Strike_R","Defend_R","Defend_R","Defend_R","Defend_R","Bash+1","Sword Boomerang","Havoc+1","Immolate","Armaments+1","Power Through","Headbutt","Double Tap+1","Anger","Rampage","Shrug It Off","Iron Wave+1","True Grit+1","Shrug It Off","Burning Pact"],"special_seed":0,"relics":["Burning Blood","Bag of Marbles","Art of War","Bag of Preparation","Runic Dome","The Courier","Dream Catcher","Nilry\u0027s Codex"],"potions_floor_usage":[27],"damage_taken":[{"damage":7.0,"enemies":"Cultist","floor":1.0,"turns":4.0},{"damage":10.0,"enemies":"Small Slimes","floor":2.0,"turns":3.0},{"damage":0.0,"enemies":"Jaw Worm","floor":4.0,"turns":3.0},{"damage":7.0,"enemies":"Looter","floor":5.0,"turns":3.0},{"damage":5.0,"enemies":"3 Sentries","floor":7.0,"turns":4.0},{"damage":15.0,"enemies":"Lagavulin","floor":10.0,"turns":4.0},{"damage":1.0,"enemies":"3 Louse","floor":11.0,"turns":3.0},{"damage":0.0,"enemies":"Exordium Wildlife","floor":13.0,"turns":1.0},{"damage":25.0,"enemies":"The Guardian","floor":16.0,"turns":9.0},{"damage":0,"enemies":"3 Byrds","floor":18,"turns":4},{"damage":10,"enemies":"Shell Parasite","floor":20,"turns":4},{"damage":0,"enemies":"Sentry and Sphere","floor":21,"turns":1},{"damage":29,"enemies":"Slavers","floor":24,"turns":3},{"damage":11,"enemies":"Cultist and Chosen","floor":27,"turns":5},{"damage":55,"enemies":"Book of Stabbing","floor":31,"turns":7}],"seed_played":"2429843674263055236","potions_obtained":[{"floor":2.0,"key":"SpeedPotion"},{"floor":4.0,"key":"Weak Potion"},{"floor":11.0,"key":"SkillPotion"},{"floor":20,"key":"BloodPotion"}],"is_trial":false,"path_per_floor":["M","M","$","M","M","R","E","?","T","E","M","R","M","$","R","B",null,"M","?","M","M","$","R","E","R","T","M","?","R","?","E"],"character_chosen":"IRONCLAD","items_purchased":["Immolate","Armaments","Shrug It Off"],"campfire_rested":1,"item_purchase_floors":[3,3,14],"current_hp_per_floor":[67,63,63,69,68,68,69,58,58,49,54,54,60,60,60,41,67,73,73,69,75,75,75,52,52,52,54,33,55,55,0],"gold":326,"neow_bonus":"HUNDRED_GOLD","is_prod":false,"is_daily":false,"chose_seed":false,"campfire_upgraded":5,"win_rate":0,"timestamp":1554452468,"path_taken":["M","?","$","M","M","R","E","?","T","E","M","R","M","$","R","BOSS","M","?","M","M","$","R","E","R","T","M","?","R","?","E"],"build_version":"2019-01-23","purchased_purges":2,"victory":false,"max_hp_per_floor":[75,75,75,75,75,75,75,75,75,75,75,75,75,75,75,75,75,75,75,75,75,75,75,75,75,75,75,75,75,75,75],"card_choices":[{"not_picked":["Intimidate","Rupture"],"picked":"Sword Boomerang","floor":1.0},{"not_picked":["Blood for Blood","Sword Boomerang"],"picked":"Havoc","floor":2.0},{"not_picked":["Seeing Red","Wild Strike"],"picked":"Power Through","floor":4.0},{"not_picked":["Dual Wield","Body Slam"],"picked":"Headbutt","floor":5.0},{"not_picked":["Infernal Blade","Armaments"],"picked":"Double Tap","floor":7.0},{"not_picked":["Clothesline","Pummel"],"picked":"Anger","floor":10.0},{"not_picked":["Bloodletting","Wild Strike"],"picked":"Rampage","floor":11.0},{"not_picked":["Bloodletting","Sword Boomerang","Iron Wave"],"picked":"SKIP","floor":13.0},{"not_picked":["Searing Blow+1","Headbutt+1"],"picked":"Iron Wave+1","floor":18},{"not_picked":["Infernal Blade","Clothesline","Perfected Strike"],"picked":"SKIP","floor":20},{"not_picked":["Wild Strike","Headbutt","Twin Strike"],"picked":"SKIP","floor":21},{"not_picked":["Pummel","Evolve"],"picked":"True Grit","floor":24},{"not_picked":["Ghostly Armor","Juggernaut"],"picked":"Shrug It Off","floor":27},{"not_picked":["Pommel Strike","Twin Strike"],"picked":"Burning Pact","floor":29}],"player_experience":415591,"relics_obtained":[{"floor":7.0,"key":"Bag of Marbles"},{"floor":9.0,"key":"Art of War"},{"floor":10.0,"key":"Bag of Preparation"},{"floor":24,"key":"The Courier"},{"floor":26,"key":"Dream Catcher"},{"floor":28,"key":"Nilry\u0027s Codex"}],"event_choices":[{"damage_healed":0.0,"max_hp_gain":0.0,"max_hp_loss":0.0,"gold_gain":75.0,"event_name":"World of Goop","player_choice":"Gather Gold","floor":8.0,"gold_loss":0.0,"damage_taken":11.0},{"damage_healed":0,"gold_gain":0,"player_choice":"Ignored","damage_taken":0,"max_hp_gain":0,"max_hp_loss":0,"event_name":"Ghosts","floor":19,"gold_loss":0},{"damage_healed":0,"gold_gain":0,"player_choice":"Obtained Book","damage_taken":21,"max_hp_gain":0,"max_hp_loss":0,"event_name":"Cursed Tome","floor":28,"gold_loss":0},{"damage_healed":0,"gold_gain":50,"player_choice":"Stole From Cult","damage_taken":0,"max_hp_gain":0,"max_hp_loss":0,"event_name":"Nest","floor":30,"gold_loss":0}],"is_beta":false,"boss_relics":[{"not_picked":["Busted Crown","Orrery"],"picked":"Runic Dome"}],"items_purged_floors":[3,14],"is_endless":false,"potions_floor_spawned":[2,4,7,11,20],"killed_by":"Book of Stabbing","ascension_level":17}