{"gold_per_floor":[114,64,79,39,58,84,84,102,125,145,155,165,165,165,165,242,242,261,281,291,291],"floor_reached":21,"playtime":1595,"items_purged":[],"score":332,"play_id":"db278c95-79e6-4c0d-9726-c91eb0100996","local_time":"20190521162532","is_ascension_mode":true,"campfire_choices":[{"floor":7,"key":"REST"},{"floor":13,"key":"REST"},{"floor":15,"key":"REST"}],"neow_cost":"TEN_PERCENT_HP_LOSS","seed_source_timestamp":60581322039466,"circlet_count":0,"master_deck":["AscendersBane","Strike_B","Defend_B","Defend_B","Defend_B","Defend_B","Zap","Dualcast","Multi-Cast","Electrodynamics","Melter","Self Repair","Genetic Algorithm","Go for the Eyes","Undo","Electrodynamics","Chaos+1"],"relics":["Cracked Core","DataDisk","Lantern","Nuclear Battery"],"potions_floor_usage":[14,14],"damage_taken":[{"damage":8,"enemies":"Small Slimes","floor":1,"turns":2},{"damage":1,"enemies":"Cultist","floor":3,"turns":3},{"damage":0,"enemies":"2 Louse","floor":5,"turns":2},{"damage":25,"enemies":"3 Sentries","floor":6,"turns":5},{"damage":0,"enemies":"2 Fungi Beasts","floor":8,"turns":2},{"damage":9,"enemies":"Red Slaver","floor":10,"turns":2},{"damage":5,"enemies":"Looter","floor":11,"turns":2},{"damage":20,"enemies":"Gremlin Gang","floor":12,"turns":4},{"damage":5,"enemies":"Gremlin Nob","floor":14,"turns":3},{"damage":56,"enemies":"The Guardian","floor":16,"turns":17},{"damage":2,"enemies":"3 Byrds","floor":18,"turns":2},{"damage":17,"enemies":"2 Thieves","floor":19,"turns":3},{"damage":39,"enemies":"Shelled Parasite and Fungi","floor":20,"turns":6},{"damage":18,"enemies":"Snake Plant","floor":21,"turns":2}],"seed_played":"-1022891597822966998","potions_obtained":[{"floor":3,"key":"Poison Potion"},{"floor":4,"key":"FearPotion"},{"floor":10,"key":"SmokeBomb"},{"floor":20,"key":"Energy Potion"}],"is_trial":false,"path_per_floor":["M","?","M","?","M","E","R","M","T","M","M","M","R","E","R","B",null,"M","M","M","M"],"character_chosen":"DEFECT","items_purchased":[],"campfire_rested":3,"item_purchase_floors":[],"current_hp_per_floor":[56,56,55,55,55,37,56,56,56,47,49,29,48,50,64,15,52,57,47,15,0],"gold":291,"neow_bonus":"TRANSFORM_TWO_CARDS","is_prod":false,"is_daily":false,"chose_seed":false,"campfire_upgraded":0,"win_rate":0,"timestamp":1558481132,"path_taken":["M","?","M","?","?","E","R","M","T","M","M","M","R","E","R","BOSS","M","M","M","M"],"build_version":"2019-01-23","purchased_purges":0,"victory":false,"max_hp_per_floor":[64,64,64,64,64,64,64,64,64,64,64,64,64,64,64,64,64,64,64,64,64],"card_choices":[{"not_picked":["Compile Driver","Cold Snap"],"picked":"Melter","floor":1},{"not_picked":["Sweeping Beam","Scrape","Gash"],"picked":"SKIP","floor":3},{"not_picked":["Gash","Hologram"],"picked":"Self Repair","floor":5},{"not_picked":["Rebound","Compile Driver"],"picked":"Genetic Algorithm","floor":6},{"not_picked":["Redo","Heatsinks"],"picked":"Go for the Eyes","floor":8},{"not_picked":["Sweeping Beam","Skim","Go for the Eyes"],"picked":"SKIP","floor":10},{"not_picked":["Coolheaded","Barrage"],"picked":"Undo","floor":11},{"not_picked":["Heatsinks","Rebound","Turbo"],"picked":"SKIP","floor":12},{"not_picked":["Hyperbeam","Biased Cognition"],"picked":"Electrodynamics","floor":16},{"not_picked":["Lockon","Coolheaded","Beam Cell"],"picked":"SKIP","floor":18},{"not_picked":["Gash","Beam Cell"],"picked":"Chaos+1","floor":19},{"not_picked":["Streamline+1","Reprogram+1","Beam Cell+1"],"picked":"SKIP","floor":20}],"player_experience":662433,"relics_obtained":[{"floor":6,"key":"DataDisk"},{"floor":9,"key":"Lantern"}],"event_choices":[{"cards_removed":["Strike_B"],"damage_healed":0,"gold_gain":0,"player_choice":"Card Removal","damage_taken":0,"max_hp_gain":0,"max_hp_loss":0,"event_name":"The Cleric","floor":2,"gold_loss":50},{"damage_healed":0,"gold_gain":0,"player_choice":"Bought 3 Potions","damage_taken":0,"max_hp_gain":0,"max_hp_loss":0,"event_name":"The Woman in Blue","floor":4,"gold_loss":0}],"is_beta":false,"boss_relics":[{"not_picked":["Eternal Feather","Ectoplasm"],"picked":"Nuclear Battery"}],"items_purged_floors":[],"is_endless":false,"potions_floor_spawned":[3,6,8,10,12,14,20],"killed_by":"Snake Plant","ascension_level":14}