{"gold_per_floor":[114,189,209,226,246,272,27,52,77,77,103,167,167,21,21,125,125,142,156,172,152,172,203,203,203],"floor_reached":25,"playtime":9439,"items_purged":[],"score":325,"play_id":"d1364699-8b6f-423c-96b5-46865fa2b93b","local_time":"20190508171417","is_ascension_mode":true,"campfire_choices":[{"floor":10.0,"key":"REST"},{"data":"Zap","floor":13.0,"key":"SMITH"},{"floor":15.0,"key":"REST"},{"floor":24,"key":"REST"}],"neow_cost":"NONE","seed_source_timestamp":0,"circlet_count":0,"master_deck":["Strike_B","Strike_B","Strike_B+1","Strike_B","Defend_B","Defend_B","Defend_B","Defend_B+1","Zap+1","Dualcast","Chill","Ball Lightning","Conserve Battery","Rip and Tear+1","Auto Shields+1","Capacitor","FTL","Core Surge","Genetic Algorithm","Seek","Genetic Algorithm+1","Seek"],"special_seed":0,"relics":["Orrery","Anchor","Whetstone","Strawberry","Art of War","Pen Nib","War Paint","Vajra","Inserter","Bronze Scales"],"potions_floor_usage":[],"damage_taken":[{"damage":0.0,"enemies":"Jaw Worm","floor":1.0,"turns":5.0},{"damage":5.0,"enemies":"2 Louse","floor":3.0,"turns":3.0},{"damage":0.0,"enemies":"Cultist","floor":4.0,"turns":3.0},{"damage":26.0,"enemies":"Large Slime","floor":5.0,"turns":5.0},{"damage":22.0,"enemies":"3 Sentries","floor":6.0,"turns":7.0},{"damage":2.0,"enemies":"Lagavulin","floor":8.0,"turns":7.0},{"damage":9.0,"enemies":"3 Sentries","floor":11.0,"turns":6.0},{"damage":13.0,"enemies":"Lagavulin Event","floor":12.0,"turns":5.0},{"damage":20.0,"enemies":"Hexaghost","floor":16.0,"turns":10.0},{"damage":0.0,"enemies":"3 Byrds","floor":18.0,"turns":7.0},{"damage":5.0,"enemies":"Chosen","floor":19.0,"turns":4.0},{"damage":24.0,"enemies":"Snake Plant","floor":20.0,"turns":4.0},{"damage":1.0,"enemies":"Cultist and Chosen","floor":22.0,"turns":6.0},{"damage":31,"enemies":"Slavers","floor":23,"turns":9},{"damage":34,"enemies":"Gremlin Leader","floor":25,"turns":2}],"seed_played":"7558723489508147301","potions_obtained":[{"floor":4.0,"key":"Swift Potion"},{"floor":5.0,"key":"Poison Potion"},{"floor":8.0,"key":"Strength Potion"},{"floor":16.0,"key":"GamblersBrew"},{"floor":19.0,"key":"Strength Potion"},{"floor":21.0,"key":"Poison Potion"}],"is_trial":false,"path_per_floor":["M","?","M","M","M","E","$","E","T","R","E","?","R","$","R","B",null,"M","M","M","?","M","E","R","E"],"character_chosen":"DEFECT","items_purchased":["Whetstone","Capacitor","Fire Potion","Vajra"],"campfire_rested":3,"item_purchase_floors":[7,7,7,14],"current_hp_per_floor":[68,57,52,52,26,4,4,9,9,33,24,11,11,11,35,15,65,65,60,36,36,35,4,28,0],"gold":203,"neow_bonus":"BOSS_RELIC","is_prod":false,"is_daily":false,"chose_seed":false,"campfire_upgraded":1,"win_rate":0,"timestamp":1557350057,"path_taken":["M","?","M","M","M","E","$","E","T","R","E","?","R","$","R","BOSS","M","M","M","?","M","E","R","E"],"build_version":"2019-01-23","purchased_purges":0,"victory":false,"max_hp_per_floor":[75,75,75,75,75,75,75,82,82,82,82,82,82,82,82,82,82,82,82,82,82,82,82,82,82],"card_choices":[{"not_picked":["Steam","Turbo"],"picked":"Chill","floor":0.0},{"not_picked":["Steam","Conserve Battery"],"picked":"Ball Lightning","floor":0.0},{"not_picked":["Chaos","FTL"],"picked":"Conserve Battery","floor":0.0},{"not_picked":["Beam Cell","Steam","Recycle"],"picked":"SKIP","floor":1.0},{"not_picked":["Compile Driver","Cold Snap","Hologram"],"picked":"SKIP","floor":3.0},{"not_picked":["Recycle","Creative AI","Undo"],"picked":"SKIP","floor":4.0},{"not_picked":["Fusion","Doom and Gloom"],"picked":"Rip and Tear","floor":5.0},{"not_picked":["Scrape","Streamline"],"picked":"Auto Shields","floor":6.0},{"not_picked":["Stack","Streamline"],"picked":"FTL","floor":8.0},{"not_picked":["Streamline","Coolheaded"],"picked":"Core Surge","floor":11.0},{"not_picked":["Streamline","Rip and Tear"],"picked":"Genetic Algorithm","floor":12.0},{"not_picked":["Genetic Algorithm","Steam","Rebound"],"picked":"SKIP","floor":18.0},{"not_picked":["Undo","Rebound+1","Go for the Eyes"],"picked":"SKIP","floor":19.0},{"not_picked":["White Noise","Undo"],"picked":"Seek","floor":20.0},{"not_picked":["Cold Snap","Recycle"],"picked":"Genetic Algorithm+1","floor":22.0},{"not_picked":["Reprogram","Aggregate"],"picked":"Seek","floor":23}],"player_experience":748988,"relics_obtained":[{"floor":6.0,"key":"Anchor"},{"floor":8.0,"key":"Strawberry"},{"floor":9.0,"key":"Art of War"},{"floor":11.0,"key":"Pen Nib"},{"floor":12.0,"key":"War Paint"},{"floor":23,"key":"Bronze Scales"}],"event_choices":[{"damage_healed":0.0,"max_hp_gain":0.0,"max_hp_loss":0.0,"gold_gain":75.0,"event_name":"World of Goop","player_choice":"Gather Gold","floor":2.0,"gold_loss":0.0,"damage_taken":11.0},{"damage_healed":0.0,"max_hp_gain":0.0,"max_hp_loss":0.0,"gold_gain":30.0,"event_name":"Dead Adventurer","player_choice":"Searched \u00272\u0027 times","floor":12.0,"gold_loss":0.0,"damage_taken":0.0},{"damage_healed":0.0,"max_hp_gain":0.0,"max_hp_loss":0.0,"gold_gain":0.0,"event_name":"The Woman in Blue","player_choice":"Bought 1 Potion","floor":21.0,"gold_loss":0.0,"damage_taken":0.0}],"is_beta":false,"boss_relics":[{"not_picked":["Velvet Choker","Lizard Tail"],"picked":"Inserter"}],"items_purged_floors":[],"is_endless":false,"potions_floor_spawned":[4,5,8,16,19],"killed_by":"Gremlin Leader","ascension_level":7}