{"gold_per_floor":[20,20,30,40,40,53,20,20,20,38,54,54,65,76,76,76],"floor_reached":16,"playtime":1138,"items_purged":[],"score":110,"play_id":"944dfe34-647d-42c8-9cd3-95149b6629c9","local_time":"20190205182856","is_ascension_mode":true,"campfire_choices":[{"floor":12,"key":"REST"},{"floor":15,"key":"REST"}],"neow_cost":"NO_GOLD","seed_source_timestamp":2264615233637949,"circlet_count":0,"master_deck":["Strike_B","Strike_B","Strike_B","Defend_B","Defend_B","Defend_B","Defend_B+1","Zap+1","Dualcast","Echo Form","Chaos","Coolheaded","Compile Driver","Static Discharge","Compile Driver","Ball Lightning","Auto Shields","Ball Lightning"],"relics":["Cracked Core"],"potions_floor_usage":[14,16],"damage_taken":[{"damage":0,"enemies":"Cultist","floor":1,"turns":5},{"damage":13,"enemies":"Small Slimes","floor":3,"turns":4},{"damage":0,"enemies":"Jaw Worm","floor":4,"turns":3},{"damage":5,"enemies":"Large Slime","floor":6,"turns":7},{"damage":26,"enemies":"Gremlin Gang","floor":10,"turns":4},{"damage":9,"enemies":"Red Slaver","floor":11,"turns":4},{"damage":6,"enemies":"Blue Slaver","floor":13,"turns":3},{"damage":11,"enemies":"Exordium Thugs","floor":14,"turns":5},{"damage":44,"enemies":"Slime Boss","floor":16,"turns":6}],"seed_played":"75479339810430244","potions_obtained":[{"floor":3,"key":"Ancient Potion"},{"floor":10,"key":"Poison Potion"},{"floor":11,"key":"Block Potion"},{"floor":14,"key":"FocusPotion"}],"is_trial":false,"path_per_floor":["M","?","M","M","?","M","$","?","T","M","M","R","M","M","R","B"],"character_chosen":"DEFECT","items_purchased":["Static Discharge"],"campfire_rested":2,"item_purchase_floors":[7],"current_hp_per_floor":[75,60,47,47,52,47,47,47,47,21,12,36,30,19,43,0],"gold":76,"neow_bonus":"THREE_RARE_CARDS","is_prod":false,"is_daily":false,"chose_seed":false,"campfire_upgraded":0,"win_rate":0,"timestamp":1549409336,"path_taken":["M","?","M","M","?","M","?","?","T","M","M","R","M","?","R","BOSS"],"build_version":"2019-01-23","purchased_purges":0,"victory":false,"max_hp_per_floor":[75,75,75,75,80,80,80,80,80,80,80,80,80,80,80,80],"card_choices":[{"not_picked":["Seek","Creative AI"],"picked":"Echo Form","floor":0},{"not_picked":["Leap","Streamline","Aggregate"],"picked":"SKIP","floor":1},{"not_picked":["Barrage","Rip and Tear"],"picked":"Chaos","floor":3},{"not_picked":["Stack","Steam"],"picked":"Coolheaded","floor":4},{"not_picked":["Glacier","Leap"],"picked":"Compile Driver","floor":6},{"not_picked":["Steam","Stack"],"picked":"Compile Driver","floor":10},{"not_picked":["Redo","Doom and Gloom"],"picked":"Ball Lightning","floor":11},{"not_picked":["Hologram","Compile Driver"],"picked":"Auto Shields","floor":13},{"not_picked":["Rainbow","Streamline"],"picked":"Ball Lightning","floor":14}],"player_experience":149613,"relics_obtained":[],"event_choices":[{"damage_healed":0,"gold_gain":0,"player_choice":"Entered Light","damage_taken":15,"max_hp_gain":0,"max_hp_loss":0,"event_name":"Shining Light","floor":2,"gold_loss":0,"cards_upgraded":["Defend_B","Zap"]},{"damage_healed":0,"gold_gain":0,"player_choice":"Donut","damage_taken":0,"max_hp_gain":5,"max_hp_loss":0,"event_name":"Big Fish","floor":5,"gold_loss":0},{"cards_removed":["Strike_B"],"damage_healed":0,"gold_gain":0,"player_choice":"Offered Basic","damage_taken":0,"max_hp_gain":0,"max_hp_loss":0,"event_name":"Bonfire Elementals","floor":8,"gold_loss":0}],"is_beta":false,"boss_relics":[],"items_purged_floors":[],"is_endless":false,"potions_floor_spawned":[3,10,11,14],"killed_by":"Slime Boss","ascension_level":3}