{"gold_per_floor":[116,116,41,60,72,72,82,82,108,108,8,20,48,59,59,133,133,148,168,93,93,110,136,136,11,11,111,26,98,6,21,21,21],"floor_reached":33,"playtime":1467,"items_purged":["Strike_B","Defend_B","Defend_B"],"score":451,"play_id":"4c29621f-0ef1-4f80-8d7d-50faf68fd1e6","local_time":"20190520215344","is_ascension_mode":true,"campfire_choices":[{"data":"Ball Lightning","floor":6,"key":"SMITH"},{"floor":10,"key":"REST"},{"floor":15,"key":"REST"},{"floor":24,"key":"REST"},{"floor":32,"key":"REST"}],"neow_cost":"NONE","seed_source_timestamp":46450513210179,"circlet_count":0,"master_deck":["AscendersBane","Defend_B","Defend_B","Zap","Dualcast","Ball Lightning+1","Conserve Battery","BootSequence","Go for the Eyes","Electrodynamics","Skim","Static Discharge","Glacier+1","Conserve Battery+1","Impatience","Conserve Battery+1"],"relics":["Cracked Core","Boot","Orichalcum","Bag of Preparation","Velvet Choker","Blood Vial","Darkstone Periapt","Nunchaku","Symbiotic Virus","Ancient Tea Set","Shuriken"],"potions_floor_usage":[5,27,27],"damage_taken":[{"damage":4,"enemies":"Small Slimes","floor":1,"turns":3},{"damage":2,"enemies":"2 Louse","floor":4,"turns":2},{"damage":7,"enemies":"Jaw Worm","floor":5,"turns":3},{"damage":28,"enemies":"Exordium Thugs","floor":7,"turns":4},{"damage":2,"enemies":"3 Louse","floor":12,"turns":3},{"damage":25,"enemies":"Gremlin Nob","floor":13,"turns":4},{"damage":1,"enemies":"Looter","floor":14,"turns":2},{"damage":22,"enemies":"Slime Boss","floor":16,"turns":10},{"damage":8,"enemies":"Shell Parasite","floor":18,"turns":4},{"damage":11,"enemies":"Spheric Guardian","floor":19,"turns":4},{"damage":8,"enemies":"Chosen and Byrds","floor":22,"turns":3},{"damage":19,"enemies":"Slavers","floor":23,"turns":4},{"damage":0,"enemies":"Colosseum Slavers","floor":27,"turns":3},{"damage":1,"enemies":"Colosseum Nobs","floor":27,"turns":3},{"damage":0,"enemies":"Cultist and Chosen","floor":31,"turns":7},{"damage":91,"enemies":"Automaton","floor":33,"turns":12}],"seed_played":"309806265788019537","potions_obtained":[{"floor":4,"key":"Fire Potion"},{"floor":7,"key":"Strength Potion"},{"floor":12,"key":"Explosive Potion"},{"floor":18,"key":"Explosive Potion"}],"is_trial":false,"path_per_floor":["M","?","$","M","M","R","M","?","T","R","$","M","E","M","R","B",null,"M","M","?","?","M","E","R","$","T","?","?","T","$","M","R","B"],"character_chosen":"DEFECT","items_purchased":["Impatience"],"campfire_rested":4,"item_purchase_floors":[30],"current_hp_per_floor":[60,60,60,58,51,51,23,46,46,67,67,65,40,39,60,38,63,55,44,44,44,36,17,38,38,38,41,41,41,41,43,64,0],"gold":21,"neow_bonus":"RANDOM_COMMON_RELIC","is_prod":false,"is_daily":false,"chose_seed":false,"campfire_upgraded":1,"win_rate":0,"timestamp":1558414424,"path_taken":["M","?","$","M","M","R","M","?","T","R","$","M","E","M","R","BOSS","M","M","?","?","?","E","R","$","T","?","?","?","?","M","R","BOSS"],"build_version":"2019-01-23","purchased_purges":3,"victory":false,"max_hp_per_floor":[71,71,71,71,71,71,71,71,71,71,71,71,71,71,71,71,71,71,71,71,71,71,71,71,71,71,71,71,71,71,71,71,71],"card_choices":[{"not_picked":["Turbo","Beam Cell","Static Discharge"],"picked":"SKIP","floor":1},{"not_picked":["Rip and Tear","Chaos","Storm"],"picked":"SKIP","floor":4},{"not_picked":["Turbo","Rebound"],"picked":"Ball Lightning","floor":5},{"not_picked":["Hello World","Recycle","Conserve Battery"],"picked":"SKIP","floor":7},{"not_picked":["Hello World","Recycle"],"picked":"Conserve Battery","floor":7},{"not_picked":["Tempest","Consume"],"picked":"BootSequence","floor":12},{"not_picked":["Lockon","Steam","Amplify"],"picked":"SKIP","floor":13},{"not_picked":["Rebound","Leap"],"picked":"Go for the Eyes","floor":14},{"not_picked":["All For One","Fission"],"picked":"Electrodynamics","floor":16},{"not_picked":["Hologram","Genetic Algorithm","Compile Driver"],"picked":"SKIP","floor":18},{"not_picked":["Compile Driver+1","Aggregate","Stack"],"picked":"SKIP","floor":19},{"not_picked":["Redo","Coolheaded","Genetic Algorithm"],"picked":"SKIP","floor":22},{"not_picked":["Barrage","Chill"],"picked":"Glacier+1","floor":23},{"not_picked":["Hello World","Steam Power+1"],"picked":"Conserve Battery+1","floor":27},{"not_picked":["Steam","Compile Driver"],"picked":"Conserve Battery+1","floor":31}],"player_experience":648785,"relics_obtained":[{"floor":9,"key":"Orichalcum"},{"floor":13,"key":"Bag of Preparation"},{"floor":23,"key":"Blood Vial"},{"floor":26,"key":"Darkstone Periapt"},{"floor":27,"key":"Nunchaku"},{"floor":27,"key":"Symbiotic Virus"},{"floor":29,"key":"Shuriken"}],"event_choices":[{"damage_healed":0,"gold_gain":0,"player_choice":"Ignored","damage_taken":0,"max_hp_gain":0,"max_hp_loss":0,"event_name":"Shining Light","floor":2,"gold_loss":0},{"damage_healed":23,"gold_gain":0,"player_choice":"Banana","damage_taken":0,"max_hp_gain":0,"max_hp_loss":0,"event_name":"Big Fish","floor":8,"gold_loss":0},{"cards_removed":["Strike_B"],"damage_healed":0,"gold_gain":0,"player_choice":"Gave Gold","damage_taken":0,"max_hp_gain":0,"max_hp_loss":0,"event_name":"Beggar","floor":20,"gold_loss":75},{"damage_healed":0,"gold_gain":0,"cards_transformed":["Strike_B","Strike_B"],"player_choice":"Became Test Subject","damage_taken":0,"max_hp_gain":0,"max_hp_loss":0,"event_name":"Drug Dealer","floor":21,"gold_loss":0,"cards_obtained":["Skim","Static Discharge"]},{"damage_healed":0,"gold_gain":0,"player_choice":"Fight","damage_taken":0,"max_hp_gain":0,"max_hp_loss":0,"event_name":"Colosseum","floor":27,"gold_loss":0},{"damage_healed":0,"gold_gain":0,"player_choice":"Fought Nobs","damage_taken":0,"max_hp_gain":0,"max_hp_loss":0,"event_name":"Colosseum","floor":27,"gold_loss":0},{"damage_healed":0,"gold_gain":0,"player_choice":"Obtained Relic","damage_taken":0,"relics_obtained":["Ancient Tea Set"],"max_hp_gain":0,"max_hp_loss":0,"event_name":"Addict","floor":28,"gold_loss":85}],"is_beta":false,"boss_relics":[{"not_picked":["Fusion Hammer","Calling Bell"],"picked":"Velvet Choker"}],"items_purged_floors":[3,11,25],"is_endless":false,"potions_floor_spawned":[4,7,12,14,18,23,31],"killed_by":"Automaton","ascension_level":14}