{"gold_per_floor":[111,38,57,71,90,124,124,156,156,156,187,187,203,229,229,327,327,347,347,347,347,359,392,412,443,443,474,474,485,485,400,400,497,497,509,509,509,521,177,207,207,233,258,258,64,90,15,15,15,15],"floor_reached":51,"playtime":7280,"items_purged":["Normality"],"score":1038,"play_id":"a2ce1097-7cf4-4f0a-b63a-6233e299710d","local_time":"20190501180911","is_ascension_mode":true,"campfire_choices":[{"data":"Electrodynamics","floor":10.0,"key":"SMITH"},{"data":"White Noise","floor":15.0,"key":"SMITH"},{"floor":28.0,"key":"REST"},{"floor":30.0,"key":"REST"},{"data":"Echo Form","floor":32.0,"key":"SMITH"},{"data":"Glacier","floor":41.0,"key":"SMITH"},{"data":"Reboot","floor":44.0,"key":"SMITH"},{"data":"White Noise","floor":49,"key":"SMITH"}],"neow_cost":"NONE","seed_source_timestamp":0,"circlet_count":0,"master_deck":["Strike_B+1","Strike_B+1","Strike_B","Defend_B","Defend_B+1","Defend_B","Defend_B","Zap","Dualcast+1","White Noise+1","Self Repair","Leap","Go for the Eyes","Ball Lightning+1","Electrodynamics+1","White Noise+1","Machine Learning","Echo Form+1","Glacier+1","Doubt","Seek","White Noise","White Noise+1","Reboot+1","White Noise+1","Sadistic Nature"],"special_seed":0,"relics":["Cracked Core","Potion Belt","Molten Egg 2","Ancient Tea Set","Gambling Chip","Bottled Tornado","Du-Vu Doll","Bottled Lightning","Cursed Key","Art of War","Mummified Hand","Singing Bowl","Darkstone Periapt","War Paint","Bag of Preparation","Sozu","Calipers","Mercury Hourglass","Blood Vial","Whetstone","DollysMirror","Mango"],"potions_floor_usage":[50,50,50,50],"damage_taken":[{"damage":1.0,"enemies":"Cultist","floor":1.0,"turns":4.0},{"damage":11.0,"enemies":"Jaw Worm","floor":3.0,"turns":4.0},{"damage":0.0,"enemies":"2 Louse","floor":4.0,"turns":2.0},{"damage":0.0,"enemies":"Large Slime","floor":5.0,"turns":7.0},{"damage":0.0,"enemies":"Lagavulin","floor":6.0,"turns":7.0},{"damage":4.0,"enemies":"Gremlin Nob","floor":8.0,"turns":3.0},{"damage":0.0,"enemies":"3 Sentries","floor":11.0,"turns":3.0},{"damage":1.0,"enemies":"Exordium Thugs","floor":13.0,"turns":2.0},{"damage":0.0,"enemies":"Lagavulin","floor":14.0,"turns":7.0},{"damage":30.0,"enemies":"The Guardian","floor":16.0,"turns":7.0},{"damage":6.0,"enemies":"Chosen","floor":18.0,"turns":3.0},{"damage":1.0,"enemies":"3 Byrds","floor":22.0,"turns":2.0},{"damage":14.0,"enemies":"Gremlin Leader","floor":23.0,"turns":6.0},{"damage":24.0,"enemies":"Centurion and Healer","floor":24.0,"turns":3.0},{"damage":15.0,"enemies":"Book of Stabbing","floor":25.0,"turns":5.0},{"damage":32.0,"enemies":"Slavers","floor":27.0,"turns":3.0},{"damage":0.0,"enemies":"Snecko","floor":29.0,"turns":4.0},{"damage":0.0,"enemies":"Champ","floor":33.0,"turns":6.0},{"damage":1.0,"enemies":"Orb Walker","floor":35.0,"turns":3.0},{"damage":0.0,"enemies":"3 Shapes","floor":38.0,"turns":4.0},{"damage":5.0,"enemies":"Nemesis","floor":40.0,"turns":9.0},{"damage":9.0,"enemies":"Reptomancer","floor":42.0,"turns":5.0},{"damage":0,"enemies":"Giant Head","floor":46,"turns":7},{"damage":49,"enemies":"Time Eater","floor":50,"turns":15}],"seed_played":"150624594841570196","potions_obtained":[{"floor":1.0,"key":"Energy Potion"},{"floor":5.0,"key":"FearPotion"},{"floor":6.0,"key":"Ancient Potion"},{"floor":11.0,"key":"SteroidPotion"},{"floor":13.0,"key":"FairyPotion"},{"floor":23.0,"key":"SkillPotion"},{"floor":27.0,"key":"SpeedPotion"},{"floor":29.0,"key":"Swift Potion"},{"floor":33.0,"key":"Fruit Juice"}],"is_trial":false,"path_per_floor":["M","$","M","M","M","E","?","E","T","R","E","?","M","E","R","B",null,"M","?","?","?","M","E","M","E","T","E","R","M","R","?","R","B",null,"M","?","?","M","$","E","R","E","T","R","$","E","$","?","R","B",null],"character_chosen":"DEFECT","items_purchased":["Self Repair","Calipers","White Noise","DollysMirror"],"campfire_rested":2,"item_purchase_floors":[2,39,39,45],"current_hp_per_floor":[74,74,70,75,75,75,63,66,66,66,66,66,65,72,72,49,75,75,75,75,61,60,53,29,23,23,10,35,44,69,69,69,76,91,92,92,88,90,90,90,90,90,96,96,96,112,112,106,106,66],"gold":15,"neow_bonus":"RANDOM_COMMON_RELIC","is_prod":false,"is_daily":false,"chose_seed":false,"campfire_upgraded":6,"win_rate":0,"timestamp":1556748551,"path_taken":["M","?","M","?","M","E","?","E","T","R","E","?","M","E","R","BOSS","M","?","?","?","M","E","M","E","T","E","R","M","R","?","R","BOSS","M","?","?","M","?","E","R","E","T","R","$","E","$","?","R","BOSS"],"build_version":"2019-01-23","purchased_purges":1,"victory":true,"max_hp_per_floor":[75,75,75,75,75,75,75,75,75,75,75,75,75,75,75,75,75,75,75,75,80,80,80,80,82,82,84,84,86,86,86,86,86,91,93,93,88,90,90,90,90,90,96,96,96,112,112,116,116,116],"card_choices":[{"not_picked":["Redo","Heatsinks"],"picked":"White Noise","floor":1.0},{"not_picked":["Rebound","Gash","Leap"],"picked":"SKIP","floor":3.0},{"not_picked":["Rebound","Gash"],"picked":"Leap","floor":3.0},{"not_picked":["Coolheaded","Turbo"],"picked":"Go for the Eyes","floor":4.0},{"not_picked":["Turbo","Sweeping Beam"],"picked":"Ball Lightning","floor":5.0},{"not_picked":["Reinforced Body","Cold Snap"],"picked":"Ball Lightning","floor":6.0},{"not_picked":["Stack","Hologram"],"picked":"Electrodynamics","floor":8.0},{"not_picked":["Auto Shields","Leap","Chaos"],"picked":"SKIP","floor":11.0},{"not_picked":["Coolheaded","Leap"],"picked":"White Noise","floor":13.0},{"not_picked":["Undo","Static Discharge"],"picked":"Machine Learning","floor":14.0},{"not_picked":["Rainbow","Machine Learning"],"picked":"Echo Form","floor":16.0},{"not_picked":["Beam Cell+1","Turbo","Cold Snap+1"],"picked":"SKIP","floor":18.0},{"not_picked":["Beam Cell+1","Heatsinks","Stack"],"picked":"SKIP","floor":22.0},{"not_picked":["Go for the Eyes+1","Reinforced Body","Aggregate"],"picked":"SKIP","floor":23.0},{"not_picked":["Ball Lightning+1","Turbo","Beam Cell+1"],"picked":"SKIP","floor":24.0},{"not_picked":["Melter+1","Amplify","Redo+1"],"picked":"Singing Bowl","floor":25.0},{"not_picked":["Conserve Battery","Storm","Undo+1"],"picked":"Singing Bowl","floor":27.0},{"not_picked":["Undo","Ball Lightning+1","Chaos+1"],"picked":"Singing Bowl","floor":29.0},{"not_picked":["Amplify","Fission"],"picked":"Seek","floor":33.0},{"not_picked":["Rebound+1","Turbo+1","Leap+1"],"picked":"Singing Bowl","floor":35.0},{"not_picked":["Conserve Battery","Ball Lightning+1","Redo+1"],"picked":"Singing Bowl","floor":38.0},{"not_picked":["Leap+1","Biased Cognition"],"picked":"White Noise+1","floor":40.0},{"not_picked":["Streamline+1","Self Repair"],"picked":"Reboot","floor":42.0},{"not_picked":["Recycle","Fission","Go for the Eyes+1"],"picked":"Singing Bowl","floor":46},{"not_picked":["Impatience","Deep Breath","Secret Weapon"],"picked":"Singing Bowl","floor":48},{"not_picked":["Forethought","Trip","Mind Blast+1"],"picked":"Singing Bowl","floor":48},{"not_picked":["Panacea","Impatience"],"picked":"Sadistic Nature","floor":48}],"player_experience":715298,"relics_obtained":[{"floor":6.0,"key":"Molten Egg 2"},{"floor":8.0,"key":"Gambling Chip"},{"floor":9.0,"key":"Bottled Tornado"},{"floor":11.0,"key":"Du-Vu Doll"},{"floor":14.0,"key":"Bottled Lightning"},{"floor":23.0,"key":"Mummified Hand"},{"floor":25.0,"key":"Singing Bowl"},{"floor":26.0,"key":"Darkstone Periapt"},{"floor":27.0,"key":"War Paint"},{"floor":40.0,"key":"Mercury Hourglass"},{"floor":42.0,"key":"Blood Vial"},{"floor":43.0,"key":"Whetstone"},{"floor":46,"key":"Mango"}],"event_choices":[{"damage_healed":0.0,"max_hp_gain":0.0,"max_hp_loss":0.0,"gold_gain":0.0,"event_name":"Scrap Ooze","player_choice":"Success","floor":7.0,"gold_loss":0.0,"damage_taken":12.0,"relics_obtained":["Ancient Tea Set"]},{"cards_removed":["Strike_B"],"damage_healed":0.0,"max_hp_gain":0.0,"max_hp_loss":0.0,"gold_gain":0.0,"event_name":"Living Wall","player_choice":"Forget","floor":12.0,"gold_loss":0.0,"damage_taken":0.0},{"damage_healed":0.0,"max_hp_gain":0.0,"max_hp_loss":0.0,"gold_gain":0.0,"event_name":"The Mausoleum","player_choice":"Opened","floor":19.0,"gold_loss":0.0,"damage_taken":0.0,"relics_obtained":["Art of War"]},{"damage_healed":0.0,"max_hp_gain":0.0,"max_hp_loss":0.0,"gold_gain":0.0,"event_name":"The Library","player_choice":"Read","floor":20.0,"gold_loss":0.0,"damage_taken":0.0,"cards_obtained":["Glacier"]},{"damage_healed":0.0,"max_hp_gain":5.0,"max_hp_loss":0.0,"gold_gain":0.0,"event_name":"Forgotten Altar","player_choice":"Shed Blood","floor":21.0,"gold_loss":0.0,"damage_taken":19.0},{"damage_healed":0.0,"max_hp_gain":0.0,"max_hp_loss":0.0,"gold_gain":0.0,"event_name":"Addict","player_choice":"Obtained Relic","floor":31.0,"gold_loss":85.0,"damage_taken":0.0,"relics_obtained":["Bag of Preparation"]},{"cards_removed":["Ball Lightning"],"damage_healed":0.0,"max_hp_gain":0.0,"max_hp_loss":0.0,"gold_gain":0.0,"event_name":"Falling","player_choice":"Removed Attack","floor":36.0,"gold_loss":0.0,"damage_taken":0.0},{"damage_healed":0.0,"max_hp_gain":0.0,"max_hp_loss":5.0,"gold_gain":0.0,"event_name":"Winding Halls","player_choice":"Max HP","floor":37.0,"gold_loss":0.0,"damage_taken":0.0},{"damage_healed":0,"gold_gain":0,"player_choice":"Memory 3","damage_taken":10,"max_hp_gain":0,"max_hp_loss":0,"event_name":"SensoryStone","floor":48,"gold_loss":0}],"is_beta":false,"boss_relics":[{"not_picked":["Ectoplasm","Fusion Hammer"],"picked":"Cursed Key"},{"not_picked":["Runic Pyramid","Inserter"],"picked":"Sozu"}],"items_purged_floors":[47],"is_endless":false,"potions_floor_spawned":[1,5,6,11,13,23,27,29,33,38,46],"ascension_level":1}