{"gold_per_floor":[116,116,133,133,146,146,181,181,181,181,200,215,228,228],"floor_reached":14,"playtime":290,"items_purged":[],"score":184,"play_id":"167be2fa-d390-42c6-a42e-b253f19907ef","local_time":"20190602232419","is_ascension_mode":true,"campfire_choices":[{"data":"Uppercut","floor":6,"key":"SMITH"},{"data":"True Grit","floor":8,"key":"SMITH"},{"data":"Shockwave","floor":10,"key":"SMITH"}],"neow_cost":"NONE","seed_source_timestamp":211394470160150,"circlet_count":0,"master_deck":["AscendersBane","Strike_R+1","Strike_R","Strike_R+1","Strike_R","Strike_R","Defend_R","Defend_R","Defend_R","Defend_R","Bash","Hemokinesis","Uppercut+1","Decay","Shockwave+1","True Grit+1","Evolve","Headbutt","Ghostly Armor"],"relics":["Burning Blood","NeowsBlessing","Shuriken","Potion Belt"],"potions_floor_usage":[7,14],"damage_taken":[{"damage":0,"enemies":"Cultist","floor":1,"turns":1},{"damage":0,"enemies":"Small Slimes","floor":3,"turns":1},{"damage":0,"enemies":"Jaw Worm","floor":5,"turns":1},{"damage":39,"enemies":"Gremlin Nob","floor":7,"turns":4},{"damage":13,"enemies":"2 Fungi Beasts","floor":11,"turns":4},{"damage":8,"enemies":"3 Louse","floor":12,"turns":4},{"damage":16,"enemies":"Large Slime","floor":13,"turns":4},{"damage":18,"enemies":"3 Sentries","floor":14,"turns":4}],"seed_played":"1461266704441783835","potions_obtained":[{"floor":1,"key":"Poison Potion"},{"floor":5,"key":"Regen Potion"},{"floor":11,"key":"Explosive Potion"}],"is_trial":false,"path_per_floor":["M","?","M","?","M","R","E","R","T","R","M","M","M","E"],"character_chosen":"IRONCLAD","items_purchased":[],"campfire_rested":0,"item_purchase_floors":[],"current_hp_per_floor":[74,51,57,57,63,63,42,42,42,42,35,33,23,5],"gold":228,"neow_bonus":"THREE_ENEMY_KILL","is_prod":false,"is_daily":false,"chose_seed":false,"campfire_upgraded":3,"win_rate":0,"timestamp":1559492659,"path_taken":["M","?","M","?","M","R","E","R","T","R","M","M","M","E"],"build_version":"2019-01-23","purchased_purges":0,"victory":false,"max_hp_per_floor":[75,75,75,75,75,75,75,75,75,75,75,75,75,75],"card_choices":[{"not_picked":["Reckless Charge","Entrench"],"picked":"Hemokinesis","floor":1},{"not_picked":["Thunderclap","Metallicize"],"picked":"Uppercut","floor":3},{"not_picked":["Anger","Blood for Blood"],"picked":"Shockwave","floor":5},{"not_picked":["Fire Breathing","Iron Wave"],"picked":"True Grit","floor":7},{"not_picked":["Wild Strike","Dual Wield"],"picked":"Evolve","floor":11},{"not_picked":["Body Slam","Infernal Blade"],"picked":"Headbutt","floor":12},{"not_picked":["Warcry","Headbutt"],"picked":"Ghostly Armor","floor":13}],"player_experience":528313,"relics_obtained":[{"floor":7,"key":"Shuriken"},{"floor":9,"key":"Potion Belt"}],"event_choices":[{"damage_healed":0,"gold_gain":0,"player_choice":"Entered Light","damage_taken":23,"max_hp_gain":0,"max_hp_loss":0,"event_name":"Shining Light","floor":2,"gold_loss":0,"cards_upgraded":["Strike_R","Strike_R"]},{"damage_healed":0,"gold_gain":0,"player_choice":"Cursed","damage_taken":0,"max_hp_gain":0,"max_hp_loss":0,"event_name":"Wheel of Change","floor":4,"gold_loss":0,"cards_obtained":["Decay"]}],"is_beta":false,"boss_relics":[],"items_purged_floors":[],"is_endless":false,"potions_floor_spawned":[1,5,11],"killed_by":"3 Sentries","ascension_level":20}