{"gold_per_floor":[16,33,33,48,48,48,48,48,128,142,159,159,159,178,178,249,249,159,49,49,49,49,49,49],"floor_reached":24,"playtime":1075,"items_purged":["Strike_B"],"score":317,"play_id":"5570bcd6-b6e3-4651-9ad3-a3fe49a9afbb","local_time":"20190512102832","is_ascension_mode":true,"campfire_choices":[{"data":"Secret Weapon","floor":6,"key":"SMITH"},{"floor":12,"key":"REST"},{"floor":15,"key":"REST"},{"floor":23,"key":"REST"}],"neow_cost":"NO_GOLD","seed_source_timestamp":525663474176453,"circlet_count":0,"master_deck":["AscendersBane","Defend_B","Defend_B","Defend_B","Zap","Dualcast","Secret Weapon+1","Magnetism","Conserve Battery","Deep Breath","Chaos","Chill","Go for the Eyes","Buffer","Self Repair","Chill","Gash"],"relics":["Cracked Core","Inserter","Nloth\u0027s Gift"],"potions_floor_usage":[7,10,16],"damage_taken":[{"damage":6,"enemies":"Cultist","floor":1,"turns":4},{"damage":3,"enemies":"Small Slimes","floor":2,"turns":4},{"damage":0,"enemies":"2 Louse","floor":4,"turns":3},{"damage":5,"enemies":"3 Sentries","floor":7,"turns":2},{"damage":40,"enemies":"Exordium Thugs","floor":10,"turns":8},{"damage":3,"enemies":"3 Louse","floor":11,"turns":5},{"damage":1,"enemies":"2 Fungi Beasts","floor":14,"turns":6},{"damage":19,"enemies":"Hexaghost","floor":16,"turns":12},{"damage":31,"enemies":"2 Thieves","floor":18,"turns":5},{"damage":59,"enemies":"Slavers","floor":24,"turns":6}],"seed_played":"-7866938901588917813","potions_obtained":[{"floor":1,"key":"Fire Potion"},{"floor":2,"key":"SmokeBomb"},{"floor":10,"key":"Block Potion"}],"is_trial":false,"path_per_floor":["M","M","?","M","?","R","E","$","T","M","M","R","?","M","R","B",null,"M","$","?","$","?","R","E"],"character_chosen":"DEFECT","items_purchased":["Self Repair"],"campfire_rested":3,"item_purchase_floors":[19],"current_hp_per_floor":[62,59,59,59,59,59,54,54,54,14,11,33,26,25,47,28,63,32,32,32,32,32,54,0],"gold":49,"neow_bonus":"RANDOM_COLORLESS_2","is_prod":false,"is_daily":false,"chose_seed":false,"campfire_upgraded":1,"win_rate":0,"timestamp":1557682112,"path_taken":["M","?","?","?","?","R","E","?","T","M","M","R","?","M","R","BOSS","M","$","?","$","?","R","E"],"build_version":"2019-01-23","purchased_purges":1,"victory":false,"max_hp_per_floor":[75,75,75,75,75,75,75,75,75,75,75,75,75,75,75,75,75,75,75,75,75,75,75,75],"card_choices":[{"not_picked":["Compile Driver","Cold Snap","Barrage"],"picked":"SKIP","floor":1},{"not_picked":["Steam","Rip and Tear"],"picked":"Conserve Battery","floor":2},{"not_picked":["Steam","Hologram"],"picked":"Chill","floor":4},{"not_picked":["Barrage","Turbo","Hologram"],"picked":"SKIP","floor":10},{"not_picked":["Hologram","Beam Cell","Go for the Eyes"],"picked":"SKIP","floor":11},{"not_picked":["Redo","Gash"],"picked":"Go for the Eyes","floor":14},{"not_picked":["Core Surge","Seek"],"picked":"Buffer","floor":16},{"not_picked":["Leap","Force Field","Steam"],"picked":"SKIP","floor":18}],"player_experience":490692,"relics_obtained":[{"floor":9,"key":"Mummified Hand"}],"event_choices":[{"damage_healed":0,"gold_gain":0,"player_choice":"2 cards matched","damage_taken":0,"max_hp_gain":0,"max_hp_loss":0,"event_name":"Match and Keep!","floor":3,"gold_loss":0,"cards_obtained":["Deep Breath","Chaos"]},{"cards_removed":["Strike_B"],"damage_healed":0,"gold_gain":0,"player_choice":"Purged","damage_taken":0,"max_hp_gain":0,"max_hp_loss":0,"event_name":"Purifier","floor":5,"gold_loss":0},{"cards_removed":["Strike_B"],"damage_healed":0,"gold_gain":0,"player_choice":"Card Removal","damage_taken":7,"max_hp_gain":0,"max_hp_loss":0,"event_name":"Golden Wing","floor":13,"gold_loss":0},{"damage_healed":0,"gold_gain":0,"cards_transformed":["Strike_B","Defend_B"],"player_choice":"Became Test Subject","damage_taken":0,"max_hp_gain":0,"max_hp_loss":0,"event_name":"Drug Dealer","floor":20,"gold_loss":0,"cards_obtained":["Chill","Gash"]},{"damage_healed":0,"gold_gain":0,"player_choice":"Traded Relic","damage_taken":0,"relics_obtained":["Nloth\u0027s Gift"],"max_hp_gain":0,"max_hp_loss":0,"event_name":"N\u0027loth","floor":22,"relics_lost":["Mummified Hand"],"gold_loss":0}],"is_beta":false,"boss_relics":[{"not_picked":["Snecko Eye","Philosopher\u0027s Stone"],"picked":"Inserter"}],"items_purged_floors":[19],"is_endless":false,"potions_floor_spawned":[1,2,10],"killed_by":"Slavers","ascension_level":13}