{"gold_per_floor":[117,130,130,130,148,148,176,176,203,235,252,252],"floor_reached":12,"playtime":497,"items_purged":[],"score":97,"play_id":"451668eb-84d9-4cbf-8810-d845ef2dee96","local_time":"20190524183837","is_ascension_mode":true,"campfire_choices":[{"data":"Havoc","floor":6.0,"key":"SMITH"},{"data":"Shrug It Off","floor":8.0,"key":"SMITH"}],"neow_cost":"NONE","seed_source_timestamp":265690248537199,"circlet_count":0,"master_deck":["Strike_R+1","Strike_R+1","Strike_R","Defend_R","Defend_R","Defend_R","Bash","Havoc+1","Pommel Strike","Shrug It Off+1","Inflame"],"special_seed":0,"relics":["Burning Blood","Smiling Mask","Whetstone","Happy Flower"],"potions_floor_usage":[],"damage_taken":[{"damage":11.0,"enemies":"2 Louse","floor":1.0,"turns":4.0},{"damage":3.0,"enemies":"Small Slimes","floor":2.0,"turns":5.0},{"damage":13.0,"enemies":"Jaw Worm","floor":5.0,"turns":5.0},{"damage":49.0,"enemies":"3 Sentries","floor":7.0,"turns":12.0},{"damage":20,"enemies":"Gremlin Nob","floor":10,"turns":5},{"damage":6,"enemies":"Looter","floor":11,"turns":3},{"damage":8,"enemies":"Blue Slaver","floor":12,"turns":1}],"seed_played":"6840474769672418819","potions_obtained":[{"floor":5.0,"key":"AttackPotion"},{"floor":7.0,"key":"SpeedPotion"}],"is_trial":false,"path_per_floor":["M","M","?","?","M","R","E","R","T","E","M","M"],"character_chosen":"IRONCLAD","items_purchased":[],"campfire_rested":0,"item_purchase_floors":[],"current_hp_per_floor":[75,78,71,71,64,64,21,21,21,7,7,0],"gold":252,"neow_bonus":"REMOVE_CARD","is_prod":false,"is_daily":false,"chose_seed":false,"campfire_upgraded":2,"win_rate":0,"timestamp":1558748317,"path_taken":["M","M","?","?","M","R","E","R","T","E","M","M"],"build_version":"2019-01-23","purchased_purges":0,"victory":false,"max_hp_per_floor":[80,80,80,80,80,80,80,80,80,80,80,80],"card_choices":[{"not_picked":["Clothesline","Combust","Blood for Blood"],"picked":"SKIP","floor":1.0},{"not_picked":["Flex","True Grit","Rage"],"picked":"SKIP","floor":2.0},{"not_picked":["Clothesline","Flex"],"picked":"Pommel Strike","floor":5.0},{"not_picked":["Perfected Strike","Armaments"],"picked":"Shrug It Off","floor":7.0},{"not_picked":["Thunderclap","Heavy Blade"],"picked":"Inflame","floor":10},{"not_picked":["Shockwave","Blood for Blood","Headbutt"],"picked":"SKIP","floor":11}],"player_experience":71801,"relics_obtained":[{"floor":7.0,"key":"Smiling Mask"},{"floor":9.0,"key":"Whetstone"},{"floor":10,"key":"Happy Flower"}],"event_choices":[{"cards_removed":["Strike_R"],"damage_healed":0.0,"max_hp_gain":0.0,"max_hp_loss":0.0,"gold_gain":0.0,"event_name":"Golden Wing","player_choice":"Card Removal","floor":3.0,"gold_loss":0.0,"damage_taken":7.0},{"damage_healed":0.0,"max_hp_gain":0.0,"max_hp_loss":0.0,"gold_gain":0.0,"cards_transformed":["Defend_R"],"event_name":"Living Wall","player_choice":"Change","floor":4.0,"gold_loss":0.0,"damage_taken":0.0,"cards_obtained":["Havoc"]}],"is_beta":false,"boss_relics":[],"items_purged_floors":[],"is_endless":false,"potions_floor_spawned":[5,7],"killed_by":"Blue Slaver","ascension_level":2}