{"gold_per_floor":[111,111,111,123,198,233,86,103,103,132,132,143,0,11,11,109,109,124,124,141,81,81,81,115,115,115,30,42,62,62,62,62,62],"floor_reached":33,"playtime":1607,"items_purged":["Defend_B"],"score":298,"play_id":"d7541d20-885e-48ea-adf6-5969b7e65bcd","local_time":"20190423130345","is_ascension_mode":false,"campfire_choices":[{"data":"Sunder","floor":11,"key":"SMITH"},{"floor":15,"key":"REST"},{"floor":23,"key":"REST"},{"floor":25,"key":"REST"},{"floor":32,"key":"REST"}],"neow_cost":"NONE","seed_source_timestamp":968610939406083,"circlet_count":0,"master_deck":["Strike_B","Strike_B","Strike_B","Strike_B","Defend_B","Zap","Dualcast","Lockon","Decay","Ball Lightning","Sunder+1","Rebound","Ball Lightning","Double Energy","Echo Form","Streamline+1","Tempest","Gash","Steam Power","Streamline","Streamline","Reprogram","Writhe"],"relics":["Cracked Core","NeowsBlessing","Matryoshka","Regal Pillow","Strawberry","Orichalcum","Black Star","MutagenicStrength","Bird Faced Urn","Bottled Lightning","Juzu Bracelet","Gambling Chip","Cables","Nloth\u0027s Gift","Du-Vu Doll"],"potions_floor_usage":[16,24,29,29,33],"damage_taken":[{"damage":0,"enemies":"2 Louse","floor":1,"turns":1},{"damage":0,"enemies":"Jaw Worm","floor":4,"turns":1},{"damage":0,"enemies":"3 Sentries","floor":6,"turns":1},{"damage":2,"enemies":"Cultist","floor":8,"turns":2},{"damage":16,"enemies":"Gremlin Nob","floor":10,"turns":3},{"damage":9,"enemies":"Blue Slaver","floor":12,"turns":3},{"damage":5,"enemies":"Exordium Wildlife","floor":14,"turns":2},{"damage":43,"enemies":"The Guardian","floor":16,"turns":8},{"damage":45,"enemies":"3 Byrds","floor":18,"turns":5},{"damage":20,"enemies":"Shell Parasite","floor":20,"turns":4},{"damage":35,"enemies":"Book of Stabbing","floor":24,"turns":4},{"damage":17,"enemies":"Snake Plant","floor":28,"turns":3},{"damage":19,"enemies":"Shelled Parasite and Fungi","floor":29,"turns":3},{"damage":79,"enemies":"Champ","floor":33,"turns":7}],"seed_played":"-4531654473620022770","potions_obtained":[{"floor":1,"key":"LiquidBronze"},{"floor":4,"key":"SkillPotion"},{"floor":10,"key":"Energy Potion"},{"floor":14,"key":"Fire Potion"},{"floor":18,"key":"GamblersBrew"},{"floor":24,"key":"EssenceOfSteel"}],"is_trial":false,"path_per_floor":["M","?","?","M","?","E","$","M","T","E","R","M","$","M","R","B",null,"M","?","M","?","$","R","E","R","T","?","M","M","?","?","R","B"],"character_chosen":"DEFECT","items_purchased":["Sunder","Orichalcum"],"campfire_rested":4,"item_purchase_floors":[7,13],"current_hp_per_floor":[75,75,75,75,64,64,64,62,69,53,53,44,44,39,78,35,82,37,37,17,17,17,56,21,60,60,60,43,24,24,24,63,0],"gold":62,"neow_bonus":"THREE_ENEMY_KILL","is_prod":false,"is_daily":false,"chose_seed":false,"campfire_upgraded":1,"win_rate":0.0,"timestamp":1556049825,"path_taken":["M","?","?","?","?","E","?","M","T","E","R","M","$","M","R","BOSS","M","?","M","?","$","R","E","R","T","?","M","M","?","?","R","BOSS"],"build_version":"2019-01-23","purchased_purges":1,"victory":false,"max_hp_per_floor":[75,75,75,75,75,75,75,75,82,82,82,82,82,82,82,82,82,82,82,82,82,82,82,82,82,82,82,82,82,82,82,82,82],"card_choices":[{"not_picked":["Defragment","Storm"],"picked":"Lockon","floor":1},{"not_picked":["Barrage","Conserve Battery"],"picked":"Ball Lightning","floor":4},{"not_picked":["Turbo","Leap","Force Field"],"picked":"SKIP","floor":6},{"not_picked":["Stack","Barrage"],"picked":"Rebound","floor":8},{"not_picked":["Meteor Strike","Consume"],"picked":"Ball Lightning","floor":10},{"not_picked":["Steam","Conserve Battery","Blizzard"],"picked":"SKIP","floor":12},{"not_picked":["Turbo","Go for the Eyes"],"picked":"Double Energy","floor":14},{"not_picked":["Biased Cognition","Creative AI"],"picked":"Echo Form","floor":16},{"not_picked":["Undo+1","Compile Driver"],"picked":"Streamline+1","floor":18},{"not_picked":["Compile Driver","Rebound"],"picked":"Tempest","floor":20},{"not_picked":["Capacitor","Beam Cell"],"picked":"Streamline","floor":24},{"not_picked":["Fusion","Redo"],"picked":"Streamline","floor":28},{"not_picked":["Sweeping Beam","Darkness"],"picked":"Reprogram","floor":29}],"player_experience":59748,"relics_obtained":[{"floor":6,"key":"Matryoshka"},{"floor":9,"key":"Regal Pillow"},{"floor":9,"key":"Strawberry"},{"floor":10,"key":"Oddly Smooth Stone"},{"floor":24,"key":"Bird Faced Urn"},{"floor":24,"key":"Bottled Lightning"},{"floor":26,"key":"Juzu Bracelet"},{"floor":26,"key":"Gambling Chip"}],"event_choices":[{"damage_healed":0,"gold_gain":0,"player_choice":"Ignored","damage_taken":0,"max_hp_gain":0,"max_hp_loss":0,"event_name":"Shining Light","floor":2,"gold_loss":0},{"damage_healed":0,"gold_gain":0,"player_choice":"Cursed","damage_taken":0,"max_hp_gain":0,"max_hp_loss":0,"event_name":"Wheel of Change","floor":3,"gold_loss":0,"cards_obtained":["Decay"]},{"damage_healed":0,"gold_gain":75,"player_choice":"Gather Gold","damage_taken":11,"max_hp_gain":0,"max_hp_loss":0,"event_name":"World of Goop","floor":5,"gold_loss":0},{"damage_healed":0,"gold_gain":0,"player_choice":"Inject Mutagens","damage_taken":0,"relics_obtained":["MutagenicStrength"],"max_hp_gain":0,"max_hp_loss":0,"event_name":"Drug Dealer","floor":19,"gold_loss":0},{"damage_healed":0,"gold_gain":0,"cards_transformed":["Defend_B","Defend_B"],"player_choice":"Transformed Cards","damage_taken":0,"max_hp_gain":0,"max_hp_loss":0,"event_name":"Designer","floor":21,"gold_loss":60,"cards_obtained":["Gash","Steam Power"]},{"damage_healed":0,"gold_gain":0,"player_choice":"Obtained Relic","damage_taken":0,"relics_obtained":["Cables"],"max_hp_gain":0,"max_hp_loss":0,"event_name":"Addict","floor":27,"gold_loss":85},{"damage_healed":0,"gold_gain":0,"player_choice":"Traded Relic","damage_taken":0,"relics_obtained":["Nloth\u0027s Gift"],"max_hp_gain":0,"max_hp_loss":0,"event_name":"N\u0027loth","floor":30,"relics_lost":["Oddly Smooth Stone"],"gold_loss":0},{"damage_healed":0,"gold_gain":0,"player_choice":"Opened","damage_taken":0,"relics_obtained":["Du-Vu Doll"],"max_hp_gain":0,"max_hp_loss":0,"event_name":"The Mausoleum","floor":31,"gold_loss":0,"cards_obtained":["Writhe"]}],"is_beta":false,"boss_relics":[{"not_picked":["Inserter","Ectoplasm"],"picked":"Black Star"}],"items_purged_floors":[7],"is_endless":false,"potions_floor_spawned":[1,4,10,12,14,18,24,28],"killed_by":"Champ","ascension_level":0}