{"gold_per_floor":[110,110,260,49,49,49,79,79,102,102,121,134,166,166,166,240,240,240],"floor_reached":18,"playtime":453,"items_purged":["Doubt"],"score":382,"play_id":"bd621082-dc17-4224-b8e9-3d1681fa548e","local_time":"20190602011952","is_ascension_mode":true,"campfire_choices":[{"data":"Bash","floor":6.0,"key":"SMITH"},{"data":"True Grit","floor":8.0,"key":"SMITH"},{"data":"Rampage","floor":10.0,"key":"SMITH"},{"data":"Disarm","floor":15.0,"key":"SMITH"}],"neow_cost":"NONE","seed_source_timestamp":192142463206126,"circlet_count":0,"master_deck":["AscendersBane","Bash+1","Reckless Charge","Rampage+1","Shrug It Off","True Grit+1","Disarm+1","Inflame","Flame Barrier","Exhume","Fiend Fire","Dual Wield","Havoc","Rampage","Entrench","Sever Soul","Fire Breathing","Seeing Red"],"special_seed":0,"relics":["Burning Blood","NeowsBlessing","Lantern","Dream Catcher","Omamori","Paper Frog","GremlinMask","Pandora\u0027s Box"],"potions_floor_usage":[16,18,18],"damage_taken":[{"damage":0.0,"enemies":"Cultist","floor":1.0,"turns":1.0},{"damage":0.0,"enemies":"Lagavulin","floor":7.0,"turns":1.0},{"damage":0.0,"enemies":"2 Louse","floor":11.0,"turns":1.0},{"damage":0.0,"enemies":"Small Slimes","floor":12.0,"turns":4.0},{"damage":47.0,"enemies":"3 Sentries","floor":13.0,"turns":13.0},{"damage":18,"enemies":"The Guardian","floor":16,"turns":12},{"damage":29,"enemies":"Chosen","floor":18,"turns":6}],"seed_played":"6882702537828779729","potions_obtained":[{"floor":7.0,"key":"PowerPotion"},{"floor":13.0,"key":"LiquidBronze"},{"floor":16,"key":"Ancient Potion"}],"is_trial":false,"path_per_floor":["M","?","?","$","?","R","E","R","T","R","M","M","E","?","R","B",null,"M"],"character_chosen":"IRONCLAD","items_purchased":["Rampage","Shrug It Off"],"campfire_rested":0,"item_purchase_floors":[4,4],"current_hp_per_floor":[74,48,48,48,48,48,54,54,54,54,60,66,25,25,25,13,60,31],"gold":240,"neow_bonus":"THREE_ENEMY_KILL","is_prod":false,"is_daily":false,"chose_seed":false,"campfire_upgraded":4,"win_rate":0,"timestamp":1559413192,"path_taken":["M","?","?","$","?","R","E","R","T","R","M","M","E","?","R","BOSS","M"],"build_version":"2019-01-23","purchased_purges":1,"victory":false,"max_hp_per_floor":[75,75,75,75,75,75,75,75,75,75,75,75,75,75,75,75,75,75],"card_choices":[{"not_picked":["Clothesline","Wild Strike"],"picked":"Reckless Charge","floor":1.0},{"not_picked":["Sword Boomerang","Perfected Strike"],"picked":"True Grit","floor":7.0},{"not_picked":["Inflame","Armaments"],"picked":"Disarm","floor":11.0},{"not_picked":["Flex","Heavy Blade"],"picked":"Inflame","floor":12.0},{"not_picked":["Metallicize","Juggernaut"],"picked":"Flame Barrier","floor":13.0},{"not_picked":["Bludgeon","Brutality"],"picked":"Exhume","floor":16}],"player_experience":524816,"relics_obtained":[{"floor":7.0,"key":"Dream Catcher"},{"floor":9.0,"key":"Omamori"},{"floor":13.0,"key":"Paper Frog"}],"event_choices":[{"damage_healed":0.0,"max_hp_gain":0.0,"max_hp_loss":0.0,"gold_gain":0.0,"event_name":"Scrap Ooze","player_choice":"Success","floor":2.0,"gold_loss":0.0,"damage_taken":26.0,"relics_obtained":["Lantern"]},{"damage_healed":0.0,"max_hp_gain":0.0,"max_hp_loss":0.0,"gold_gain":150.0,"event_name":"Liars Game","player_choice":"AGREE","floor":3.0,"gold_loss":0.0,"damage_taken":0.0,"cards_obtained":["Doubt"]},{"cards_removed":["Strike_R"],"damage_healed":0.0,"max_hp_gain":0.0,"max_hp_loss":0.0,"gold_gain":0.0,"event_name":"Living Wall","player_choice":"Forget","floor":5.0,"gold_loss":0.0,"damage_taken":0.0},{"damage_healed":0.0,"max_hp_gain":0.0,"max_hp_loss":0.0,"gold_gain":0.0,"event_name":"FaceTrader","player_choice":"Trade","floor":14.0,"gold_loss":0.0,"damage_taken":0.0,"relics_obtained":["GremlinMask"]}],"is_beta":false,"boss_relics":[{"not_picked":["Busted Crown","Black Blood"],"picked":"Pandora\u0027s Box"}],"items_purged_floors":[4],"is_endless":false,"potions_floor_spawned":[7,13,16],"killed_by":"Chosen","ascension_level":20}