{"gold_per_floor":[117,117,117,134,151,151,177,177,177,177,177,196,214,227,227,323,323,305,318,318,498,87,120,120,139,139,539,539,552,752,763,763,868,868,879,889,899,899,611,611,409,409,409,409,444,444,406,424,424,424],"floor_reached":51,"playtime":1349,"items_purged":["Defend_B+1"],"score":895,"play_id":"d5688096-0c58-4a2b-babf-c26c551bb06b","local_time":"20190519202928","is_ascension_mode":false,"campfire_choices":[{"data":"Defragment","floor":6.0,"key":"SMITH"},{"data":"Redo","floor":11.0,"key":"SMITH"},{"floor":15.0,"key":"REST"},{"data":"Fission","floor":24.0,"key":"SMITH"},{"floor":32,"key":"REST"},{"data":"Recycle","floor":40,"key":"SMITH"},{"data":"Electrodynamics","floor":42,"key":"SMITH"},{"data":"Biased Cognition","floor":44,"key":"SMITH"},{"floor":49,"key":"REST"}],"neow_cost":"NONE","seed_source_timestamp":100735399597823,"circlet_count":0,"master_deck":["Strike_B+1","Strike_B+1","Strike_B+1","Defend_B+1","Defend_B+1","Defend_B+1","Zap","Dualcast","Cold Snap","Defragment+1","Melter+1","Redo+1","Consume","Fission+1","Ball Lightning","Blizzard+1","Chill","Redo+1","Biased Cognition+1","Creative AI","Loop+1","Recycle+1","Dark Shackles","Dark Shackles","Coolheaded","Electrodynamics+1","Coolheaded+1","Parasite"],"special_seed":0,"relics":["Cracked Core","NeowsBlessing","Ginger","DataDisk","Thread and Needle","Matryoshka","FaceOfCleric","energizedSpire:OgreHead","OrangePellets","Whetstone","Pocketwatch","Potion Belt","Juzu Bracelet","Old Coin","Dodecahedron","PreservedInsect","Cables","Calling Bell","Pen Nib","Question Card","Calipers","Membership Card","Oddly Smooth Stone","Toxic Egg 2","FossilizedHelix","Bag of Preparation"],"potions_floor_usage":[33,33,48,50,50],"damage_taken":[{"damage":0.0,"enemies":"Small Slimes","floor":1.0,"turns":1.0},{"damage":0.0,"enemies":"Jaw Worm","floor":4.0,"turns":1.0},{"damage":0.0,"enemies":"2 Louse","floor":5.0,"turns":1.0},{"damage":20.0,"enemies":"Lagavulin","floor":7.0,"turns":6.0},{"damage":16.0,"enemies":"Gremlin Gang","floor":12.0,"turns":4.0},{"damage":0.0,"enemies":"2 Fungi Beasts","floor":13.0,"turns":2.0},{"damage":12.0,"enemies":"Exordium Wildlife","floor":14.0,"turns":3.0},{"damage":0.0,"enemies":"Slime Boss","floor":16.0,"turns":10.0},{"damage":16.0,"enemies":"2 Thieves","floor":18.0,"turns":4.0},{"damage":6.0,"enemies":"Spheric Guardian","floor":19.0,"turns":3.0},{"damage":15.0,"enemies":"Gremlin Leader","floor":23.0,"turns":6.0},{"damage":6.0,"enemies":"Snake Plant","floor":25.0,"turns":3.0},{"damage":4.0,"enemies":"Colosseum Slavers","floor":27.0,"turns":4.0},{"damage":0.0,"enemies":"Colosseum Nobs","floor":27.0,"turns":4.0},{"damage":8,"enemies":"Centurion and Healer","floor":29,"turns":4},{"damage":0,"enemies":"Snecko","floor":31,"turns":5},{"damage":0,"enemies":"Automaton","floor":33,"turns":9},{"damage":0,"enemies":"3 Shapes","floor":35,"turns":3},{"damage":3,"enemies":"3 Darklings","floor":36,"turns":5},{"damage":0,"enemies":"Transient","floor":37,"turns":5},{"damage":12,"enemies":"Nemesis","floor":45,"turns":5},{"damage":10,"enemies":"Writhing Mass","floor":48,"turns":4},{"damage":10,"enemies":"Donu and Deca","floor":50,"turns":10}],"seed_played":"-6572303480804273152","potions_obtained":[{"floor":7.0,"key":"FocusPotion"},{"floor":14.0,"key":"Block Potion"},{"floor":16.0,"key":"PowerPotion"},{"floor":29,"key":"Swift Potion"},{"floor":35,"key":"FearPotion"},{"floor":45,"key":"LiquidBronze"},{"floor":48,"key":"Ancient Potion"}],"is_trial":false,"path_per_floor":["M","?","?","M","M","R","E","T","T","?","R","M","M","M","R","B",null,"M","M","?","?","$","E","R","M","T","?","T","M","?","M","R","B",null,"M","M","M","?","$","R","$","R","T","R","E","?","$","M","R","B",null],"character_chosen":"DEFECT","items_purchased":["OrangePellets","Chill","Whetstone","Membership Card","Oddly Smooth Stone","Coolheaded","Toxic Egg 2","Electrodynamics"],"campfire_rested":3,"item_purchase_floors":[22,22,22,39,39,39,41,41],"current_hp_per_floor":[75,60,57,57,57,57,37,37,37,37,37,22,23,12,35,36,79,64,59,59,35,35,21,21,16,16,14,14,7,7,8,34,35,88,89,87,88,78,78,78,78,78,78,78,67,67,67,58,85,76],"gold":424,"neow_bonus":"THREE_ENEMY_KILL","is_prod":false,"is_daily":false,"chose_seed":false,"campfire_upgraded":6,"win_rate":0,"timestamp":1558265368,"path_taken":["M","?","?","M","M","R","E","?","T","?","R","M","M","M","R","BOSS","M","?","?","?","$","E","R","M","T","?","?","M","?","M","R","BOSS","M","M","M","?","$","R","$","R","T","R","E","?","$","M","R","BOSS"],"build_version":"2019-01-23","purchased_purges":1,"victory":true,"max_hp_per_floor":[75,75,75,75,75,75,75,75,75,75,75,76,77,78,78,79,79,80,81,81,81,81,82,82,83,83,85,85,86,86,87,87,88,88,89,90,91,91,91,91,91,91,91,91,92,92,92,93,93,94],"card_choices":[{"not_picked":["Hologram","Go for the Eyes"],"picked":"Cold Snap","floor":1.0},{"not_picked":["Genetic Algorithm","Cold Snap"],"picked":"Defragment","floor":4.0},{"not_picked":["Stack","Sweeping Beam"],"picked":"Melter","floor":5.0},{"not_picked":["Auto Shields","Thunder Strike"],"picked":"Redo","floor":7.0},{"not_picked":["Hologram","Leap","Barrage"],"picked":"SKIP","floor":12.0},{"not_picked":["Streamline","Hello World"],"picked":"Consume","floor":13.0},{"not_picked":["Streamline","Stack","Redo"],"picked":"SKIP","floor":14.0},{"not_picked":["Rainbow","Machine Learning"],"picked":"Fission","floor":16.0},{"not_picked":["Scrape","Turbo"],"picked":"Ball Lightning","floor":18.0},{"not_picked":["Conserve Battery+1","Stack"],"picked":"Blizzard","floor":19.0},{"not_picked":["Barrage","Conserve Battery"],"picked":"Redo+1","floor":23.0},{"not_picked":["Lockon+1","Scrape","Turbo"],"picked":"SKIP","floor":25.0},{"not_picked":["Hello World","Storm"],"picked":"Biased Cognition","floor":29},{"not_picked":["Doom and Gloom","Darkness","Go for the Eyes+1"],"picked":"SKIP","floor":31},{"not_picked":["Biased Cognition","Rainbow"],"picked":"Creative AI","floor":33},{"not_picked":["Redo+1","Heatsinks+1","Doom and Gloom","Sweeping Beam"],"picked":"SKIP","floor":35},{"not_picked":["White Noise","Reprogram","Self Repair+1"],"picked":"Loop+1","floor":36},{"not_picked":["Self Repair","Tempest+1","Rip and Tear+1"],"picked":"Recycle","floor":37},{"not_picked":["Mind Blast","Jack Of All Trades","Finesse"],"picked":"Dark Shackles","floor":38},{"not_picked":["Panache","Enlightenment","Swift Strike"],"picked":"Dark Shackles","floor":38},{"not_picked":["Cold Snap","Sweeping Beam+1","Rebound+1"],"picked":"Coolheaded+1","floor":45},{"not_picked":["Melter+1","Reprogram+1","Thunder Strike","Compile Driver"],"picked":"SKIP","floor":48}],"player_experience":432449,"relics_obtained":[{"floor":7.0,"key":"DataDisk"},{"floor":8.0,"key":"Thread and Needle"},{"floor":9.0,"key":"Matryoshka"},{"floor":23.0,"key":"Pocketwatch"},{"floor":26.0,"key":"Potion Belt"},{"floor":26.0,"key":"Juzu Bracelet"},{"floor":27.0,"key":"Old Coin"},{"floor":27.0,"key":"Dodecahedron"},{"floor":28.0,"key":"PreservedInsect"},{"floor":28.0,"key":"Cables"},{"floor":34,"key":"Pen Nib"},{"floor":34,"key":"Question Card"},{"floor":34,"key":"Calipers"},{"floor":43,"key":"FossilizedHelix"},{"floor":45,"key":"Bag of Preparation"}],"event_choices":[{"damage_healed":0.0,"max_hp_gain":0.0,"max_hp_loss":0.0,"gold_gain":0.0,"event_name":"Shining Light","player_choice":"Entered Light","floor":2.0,"gold_loss":0.0,"damage_taken":15.0,"cards_upgraded":["Strike_B","Defend_B"]},{"damage_healed":0.0,"max_hp_gain":0.0,"max_hp_loss":0.0,"gold_gain":0.0,"event_name":"Scrap Ooze","player_choice":"Success","floor":3.0,"gold_loss":0.0,"damage_taken":3.0,"relics_obtained":["Ginger"]},{"damage_healed":0.0,"max_hp_gain":0.0,"max_hp_loss":0.0,"gold_gain":0.0,"event_name":"FaceTrader","player_choice":"Trade","floor":10.0,"gold_loss":0.0,"damage_taken":0.0,"relics_obtained":["FaceOfCleric"]},{"damage_healed":0.0,"max_hp_gain":0.0,"max_hp_loss":0.0,"gold_gain":0.0,"event_name":"Back to Basics","player_choice":"Simplicity","floor":20.0,"gold_loss":0.0,"damage_taken":0.0,"cards_upgraded":["Strike_B","Strike_B","Strike_B","Defend_B","Defend_B","Defend_B"]},{"damage_healed":0.0,"max_hp_gain":0.0,"max_hp_loss":0.0,"gold_gain":180.0,"event_name":"Knowing Skull","player_choice":"GOLD GOLD ","floor":21.0,"potions_obtained":[],"gold_loss":0.0,"damage_taken":24.0,"cards_obtained":[]},{"damage_healed":0.0,"max_hp_gain":0.0,"max_hp_loss":0.0,"gold_gain":0.0,"event_name":"Colosseum","player_choice":"Fight","floor":27.0,"gold_loss":0.0,"damage_taken":0.0},{"damage_healed":0.0,"max_hp_gain":0.0,"max_hp_loss":0.0,"gold_gain":0.0,"event_name":"Colosseum","player_choice":"Fought Nobs","floor":27.0,"gold_loss":0.0,"damage_taken":0.0},{"damage_healed":0,"gold_gain":200,"player_choice":"Gold","damage_taken":0,"max_hp_gain":0,"max_hp_loss":0,"event_name":"Wheel of Change","floor":30,"gold_loss":0},{"damage_healed":0,"gold_gain":0,"player_choice":"Memory 3","damage_taken":10,"max_hp_gain":0,"max_hp_loss":0,"event_name":"SensoryStone","floor":38,"gold_loss":0},{"cards_removed":["Strike_B"],"damage_healed":0,"gold_gain":0,"player_choice":"Card Removal","damage_taken":0,"max_hp_gain":0,"max_hp_loss":0,"event_name":"Wheel of Change","floor":46,"gold_loss":0}],"is_beta":false,"boss_relics":[{"not_picked":["energizedSpire:CursedPentagram","energizedSpire:SpiderWeb"],"picked":"energizedSpire:OgreHead"},{"not_picked":["White Beast Statue","Philosopher\u0027s Stone"],"picked":"Calling Bell"}],"items_purged_floors":[47],"is_endless":false,"potions_floor_spawned":[7,14,16,19,25,29,35,45,48],"ascension_level":0}