{"gold_per_floor":[113,132,132,92,20,20,40,57,104,133,153,167,177,204,204,305,355,339,339,353,353,353],"floor_reached":22,"playtime":1467,"items_purged":[],"score":317,"play_id":"afca5288-c885-45c1-ab24-79f04bf70aae","local_time":"20190526180902","is_ascension_mode":true,"campfire_choices":[{"data":"Whirlwind","floor":6,"key":"SMITH"},{"data":"Inflame","floor":15,"key":"SMITH"}],"neow_cost":"TEN_PERCENT_HP_LOSS","seed_source_timestamp":516710653502590,"circlet_count":0,"master_deck":["AscendersBane","Strike_R","Strike_R","Strike_R","Defend_R","Defend_R","Defend_R","Bash","Perfected Strike","Anger","True Grit","Whirlwind+1","Pommel Strike+1","Flame Barrier","Feel No Pain","Inflame+1","True Grit","Burning Pact","Feel No Pain","Demon Form","Twin Strike","Armaments","Seeing Red"],"relics":["Burning Blood","Art of War","Anchor","Blood Vial","Tiny House","Enchiridion"],"potions_floor_usage":[10,14,14,20],"damage_taken":[{"damage":1,"enemies":"Cultist","floor":1,"turns":4},{"damage":4,"enemies":"Jaw Worm","floor":2,"turns":4},{"damage":0,"enemies":"2 Louse","floor":7,"turns":1},{"damage":6,"enemies":"Exordium Thugs","floor":8,"turns":3},{"damage":37,"enemies":"Lagavulin","floor":10,"turns":6},{"damage":0,"enemies":"3 Louse","floor":11,"turns":1},{"damage":2,"enemies":"Large Slime","floor":12,"turns":6},{"damage":1,"enemies":"Looter","floor":13,"turns":3},{"damage":21,"enemies":"Gremlin Nob","floor":14,"turns":5},{"damage":45,"enemies":"The Guardian","floor":16,"turns":14},{"damage":30,"enemies":"2 Thieves","floor":18,"turns":4},{"damage":7,"enemies":"Spheric Guardian","floor":20,"turns":5},{"damage":31,"enemies":"Snake Plant","floor":22,"turns":3}],"seed_played":"640668003344035195","potions_obtained":[{"floor":2,"key":"Explosive Potion"},{"floor":4,"key":"AttackPotion"},{"floor":4,"key":"FairyPotion"},{"floor":8,"key":"Weak Potion"},{"floor":12,"key":"BloodPotion"},{"floor":14,"key":"SpeedPotion"},{"floor":17,"key":"Block Potion"}],"is_trial":false,"path_per_floor":["M","M","?","?","$","R","M","M","T","E","M","M","M","E","R","B",null,"M","?","M","?","M"],"character_chosen":"IRONCLAD","items_purchased":["Whirlwind"],"campfire_rested":0,"item_purchase_floors":[5],"current_hp_per_floor":[72,72,65,65,65,65,71,71,71,40,46,50,55,47,47,10,62,40,24,25,25,0],"gold":353,"neow_bonus":"TRANSFORM_TWO_CARDS","is_prod":false,"is_daily":false,"chose_seed":false,"campfire_upgraded":2,"win_rate":0,"timestamp":1558908542,"path_taken":["M","M","?","?","$","R","?","M","T","E","?","M","M","E","R","BOSS","M","?","M","?","M"],"build_version":"2019-01-23","purchased_purges":0,"victory":false,"max_hp_per_floor":[72,72,72,72,72,72,72,72,72,72,72,72,72,72,72,72,77,77,77,77,77,77],"card_choices":[{"not_picked":["Anger","Burning Pact"],"picked":"True Grit","floor":1},{"not_picked":["Body Slam","Anger","Heavy Blade"],"picked":"SKIP","floor":2},{"not_picked":["Searing Blow","Body Slam"],"picked":"Pommel Strike","floor":7},{"not_picked":["Havoc","Headbutt"],"picked":"Flame Barrier","floor":8},{"not_picked":["Headbutt","Burning Pact"],"picked":"Feel No Pain","floor":10},{"not_picked":["Clothesline","Flex"],"picked":"Inflame","floor":11},{"not_picked":["Searing Blow","Ghostly Armor"],"picked":"True Grit","floor":12},{"not_picked":["Flex","True Grit"],"picked":"Burning Pact","floor":13},{"not_picked":["Bloodletting","True Grit"],"picked":"Feel No Pain","floor":14},{"not_picked":["Bludgeon","Feed"],"picked":"Demon Form","floor":16},{"not_picked":["Fire Breathing","Warcry"],"picked":"Twin Strike","floor":17},{"not_picked":["Second Wind","Warcry"],"picked":"Armaments","floor":18},{"not_picked":["Havoc","Perfected Strike"],"picked":"Seeing Red","floor":20}],"player_experience":412843,"relics_obtained":[{"floor":9,"key":"Art of War"},{"floor":10,"key":"Anchor"},{"floor":14,"key":"Blood Vial"},{"floor":19,"key":"Enchiridion"}],"event_choices":[{"cards_removed":["Defend_R"],"damage_healed":0,"gold_gain":0,"player_choice":"Card Removal","damage_taken":7,"max_hp_gain":0,"max_hp_loss":0,"event_name":"Golden Wing","floor":3,"gold_loss":0},{"damage_healed":0,"gold_gain":0,"player_choice":"Bought 3 Potions","damage_taken":0,"max_hp_gain":0,"max_hp_loss":0,"event_name":"The Woman in Blue","floor":4,"gold_loss":0},{"damage_healed":0,"gold_gain":0,"player_choice":"Obtained Book","damage_taken":16,"max_hp_gain":0,"max_hp_loss":0,"event_name":"Cursed Tome","floor":19,"gold_loss":0},{"damage_healed":0,"gold_gain":0,"player_choice":"0 cards matched","damage_taken":0,"max_hp_gain":0,"max_hp_loss":0,"event_name":"Match and Keep!","floor":21,"gold_loss":0,"cards_obtained":[]}],"is_beta":false,"boss_relics":[{"not_picked":["White Beast Statue","Black Blood"],"picked":"Tiny House"}],"items_purged_floors":[],"is_endless":false,"potions_floor_spawned":[2,8,12,13,14],"killed_by":"Snake Plant","ascension_level":12}