{"gold_per_floor":[20,20,20,40,60,91,108,27,27,27],"floor_reached":10,"playtime":311,"items_purged":[],"score":68,"play_id":"50bb4d65-2625-48bd-ac93-300957f99f7f","local_time":"20190126192659","is_ascension_mode":false,"campfire_choices":[],"neow_cost":"NO_GOLD","seed_source_timestamp":115482999609854,"circlet_count":0,"master_deck":["Strike_B","Strike_B","Defend_B","Defend_B","Defend_B","Defend_B","Zap","Dualcast","Tempest","Gash","Go for the Eyes","Ball Lightning","Self Repair"],"relics":["Cracked Core","Bird Faced Urn","Unceasing Top","Shovel"],"potions_floor_usage":[6,7],"damage_taken":[{"damage":10,"enemies":"Small Slimes","floor":1,"turns":4},{"damage":6,"enemies":"Jaw Worm","floor":4,"turns":2},{"damage":1,"enemies":"Cultist","floor":5,"turns":3},{"damage":36,"enemies":"Gremlin Nob","floor":6,"turns":4},{"damage":27,"enemies":"Exordium Thugs","floor":7,"turns":5},{"damage":12,"enemies":"Blue Slaver","floor":10,"turns":1}],"seed_played":"7828460414725737731","potions_obtained":[{"floor":1,"key":"Fire Potion"},{"floor":6,"key":"Regen Potion"}],"is_trial":false,"path_per_floor":["M","?","?","M","M","E","M","$","T","M"],"character_chosen":"DEFECT","items_purchased":["Self Repair"],"campfire_rested":0,"item_purchase_floors":[8],"current_hp_per_floor":[65,65,62,56,55,19,6,6,6,0],"gold":27,"neow_bonus":"REMOVE_TWO","is_prod":false,"is_daily":false,"chose_seed":false,"campfire_upgraded":0,"win_rate":0,"timestamp":1548527219,"path_taken":["M","?","?","M","M","E","M","$","T","M"],"build_version":"2019-01-23","purchased_purges":0,"victory":false,"max_hp_per_floor":[75,75,75,75,75,75,75,75,75,75],"card_choices":[{"not_picked":["Aggregate","Rebound"],"picked":"Tempest","floor":1},{"not_picked":["Cold Snap","Hologram"],"picked":"Gash","floor":4},{"not_picked":["Barrage","Redo","Fusion"],"picked":"SKIP","floor":5},{"not_picked":["Hello World","Steam"],"picked":"Go for the Eyes","floor":6},{"not_picked":["Reinforced Body","Rip and Tear"],"picked":"Ball Lightning","floor":7}],"player_experience":198070,"relics_obtained":[{"floor":6,"key":"Unceasing Top"},{"floor":9,"key":"Shovel"}],"event_choices":[{"damage_healed":0,"gold_gain":0,"player_choice":"Leave","damage_taken":0,"max_hp_gain":0,"max_hp_loss":0,"event_name":"The Cleric","floor":2,"gold_loss":0},{"damage_healed":0,"gold_gain":0,"player_choice":"Success","damage_taken":3,"relics_obtained":["Bird Faced Urn"],"max_hp_gain":0,"max_hp_loss":0,"event_name":"Scrap Ooze","floor":3,"gold_loss":0}],"is_beta":false,"boss_relics":[],"items_purged_floors":[],"is_endless":false,"potions_floor_spawned":[1,6],"killed_by":"Blue Slaver","ascension_level":0}