{"gold_per_floor":[119,149,169,180,130,130,144,105,182,182,196,196,208,224,224,320,320,335,349,366,366,366,394,394,423,446,446,446,458,471,483,483,585,585,603,603,618,618,218,251,266,266,290,290,310,320,347,364,364,463,513,530,530,480,480,480,515,515,533,585,182,182,197,197,233,233,359,359,359],"floor_reached":69,"playtime":1946,"items_purged":[],"score":1524,"play_id":"63a94e02-b064-4fa6-b405-3b16e87bff4b","local_time":"20180805112145","daily_mods":["Draft","Heirloom","Time Dilation"],"is_ascension_mode":false,"campfire_choices":[{"data":"Heavy Blade","floor":6,"key":"SMITH"},{"data":"Heavy Blade","floor":10,"key":"SMITH"},{"data":"Inflame","floor":12,"key":"SMITH"},{"data":"Demon Form","floor":15,"key":"SMITH"},{"data":"True Grit","floor":24,"key":"SMITH"},{"data":"Seeing Red","floor":32,"key":"SMITH"},{"data":"Inflame","floor":44,"key":"SMITH"},{"data":"Spot Weakness","floor":49,"key":"SMITH"},{"data":"Apotheosis","floor":62,"key":"SMITH"},{"data":"Madness","floor":66,"key":"SMITH"}],"neow_cost":"","seed_source_timestamp":0,"circlet_count":0,"master_deck":["Spot Weakness","Flex","Anger","Seeing Red+1","Dropkick","Inflame+1","Heavy Blade+1","Sword Boomerang","Thunderclap","Pommel Strike","Clash","Rage+1","Heavy Blade+1","Battle Trance","Battle Trance","Inflame+1","Flex","Demon Form+1","Limit Break+1","Clash","Ghostly Armor+1","Rampage+1","True Grit+1","Heavy Blade+1","Heavy Blade+1","Heavy Blade+1","Offering+1","Heavy Blade+1","Flex","Spot Weakness+1","Flex+1","Limit Break","Metallicize+1","Flash of Steel+1","Dramatic Entrance+1","Finesse+1","Clash+1","Secret Technique","Flash of Steel+1","Clash+1","Spot Weakness+1","Intimidate+1","Battle Trance","Infernal Blade+1","Offering","Twin Strike+1","Thunderclap+1","Anger+1","Secret Technique","Apotheosis+1","Madness+1","Limit Break"],"relics":["Burning Blood","Du-Vu Doll","Tiny Chest","The Courier","Coffee Dripper","Juzu Bracelet","Molten Egg 2","Strawberry","Orrery","Pen Nib","Pantograph","Blue Candle","Potion Belt","Happy Flower","Tiny House","Omamori","Golden Idol","War Paint","Dream Catcher","Odd Mushroom","Snecko Eye"],"potions_floor_usage":[23,23,30,33,37,47,50,67],"damage_taken":[{"damage":0,"enemies":"2 Louse","floor":1,"turns":1},{"damage":0,"enemies":"Cultist","floor":3,"turns":2},{"damage":11,"enemies":"Jaw Worm","floor":4,"turns":2},{"damage":0,"enemies":"Gremlin Gang","floor":7,"turns":3},{"damage":16,"enemies":"Large Slime","floor":11,"turns":2},{"damage":3,"enemies":"Blue Slaver","floor":13,"turns":2},{"damage":0,"enemies":"Exordium Thugs","floor":14,"turns":2},{"damage":21,"enemies":"The Guardian","floor":16,"turns":4},{"damage":12,"enemies":"3 Byrds","floor":18,"turns":3},{"damage":17,"enemies":"2 Thieves","floor":19,"turns":2},{"damage":10,"enemies":"Cultist and Chosen","floor":20,"turns":3},{"damage":10,"enemies":"Slavers","floor":23,"turns":2},{"damage":0,"enemies":"Gremlin Leader","floor":25,"turns":3},{"damage":0,"enemies":"Snake Plant","floor":29,"turns":2},{"damage":0,"enemies":"Snecko","floor":30,"turns":2},{"damage":0,"enemies":"Slaver and Parasite","floor":31,"turns":1},{"damage":32,"enemies":"Automaton","floor":33,"turns":6},{"damage":22,"enemies":"3 Shapes","floor":35,"turns":3},{"damage":31,"enemies":"Flame Bruiser 1 Orb","floor":37,"turns":3},{"damage":10,"enemies":"Nemesis","floor":40,"turns":3},{"damage":9,"enemies":"Sphere and 2 Shapes","floor":41,"turns":2},{"damage":0,"enemies":"Spire Growth","floor":45,"turns":2},{"damage":13,"enemies":"4 Shapes","floor":46,"turns":3},{"damage":30,"enemies":"2 Orb Walkers","floor":47,"turns":3},{"damage":0,"enemies":"Flame Bruiser 2 Orb","floor":48,"turns":2},{"damage":26,"enemies":"Time Eater","floor":50,"turns":2},{"damage":0,"enemies":"2 Louse","floor":52,"turns":1},{"damage":0,"enemies":"Gremlin Nob","floor":57,"turns":2},{"damage":0,"enemies":"Jaw Worm","floor":59,"turns":1},{"damage":0,"enemies":"Small Slimes","floor":63,"turns":2},{"damage":0,"floor":65,"turns":1},{"damage":91,"enemies":"Hexaghost","floor":67,"turns":3},{"damage":10,"enemies":"3 Byrds","floor":69,"turns":2}],"seed_played":"-7215679703390990767","potions_obtained":[{"floor":1,"key":"EssenceOfSteel"},{"floor":4,"key":"Energy Potion"},{"floor":11,"key":"Block Potion"},{"floor":13,"key":"Explosive Potion"},{"floor":16,"key":"FairyPotion"},{"floor":23,"key":"Swift Potion"},{"floor":29,"key":"SkillPotion"},{"floor":31,"key":"SteroidPotion"},{"floor":35,"key":"SkillPotion"},{"floor":37,"key":"EssenceOfSteel"},{"floor":47,"key":"PowerPotion"},{"floor":48,"key":"Swift Potion"},{"floor":51,"key":"Weak Potion"},{"floor":59,"key":"Block Potion"},{"floor":65,"key":"AttackPotion"}],"is_trial":true,"path_per_floor":["M","?","M","M","?","R","M","$","T","R","M","R","M","M","R","B",null,"M","M","M","?","?","E","R","E","T","?","$","M","M","M","R","B",null,"M","?","M","?","$","E","M","T","T","R","M","M","E","M","R","B",null,"M","?","?","?","?","E","?","M","T","$","R","M","?","?","R","B",null],"character_chosen":"IRONCLAD","items_purchased":["Inflame","Pen Nib","Clash+1","Secret Technique","Flash of Steel+1","Secret Technique","Apotheosis","Madness"],"campfire_rested":0,"item_purchase_floors":[8,39,39,39,39,61,61,61],"current_hp_per_floor":[80,80,80,75,75,75,80,80,80,80,70,70,73,79,79,64,80,74,63,59,59,44,40,40,46,53,53,53,59,65,71,71,45,92,76,76,51,41,41,37,34,34,34,34,40,33,9,15,15,20,97,97,90,90,90,66,72,72,78,78,78,78,84,84,90,90,12,97,87],"gold":359,"neow_bonus":"","is_prod":false,"is_daily":false,"chose_seed":false,"campfire_upgraded":10,"win_rate":0,"timestamp":1533435705,"path_taken":["M","?","?","M","?","R","M","$","T","R","M","R","?","M","R","BOSS","M","M","?","?","?","E","R","E","T","?","?","M","M","M","R","BOSS","M","?","M","?","$","E","M","?","T","R","M","M","E","M","R","BOSS","M","?","?","?","?","E","?","M","T","$","R","M","?","?","R","BOSS","M"],"build_version":"2018-08-02","purchased_purges":0,"victory":false,"max_hp_per_floor":[80,80,80,80,80,80,80,80,80,80,80,80,80,80,80,80,80,80,80,80,80,85,85,85,85,92,92,92,92,92,92,92,92,92,92,92,92,92,92,92,92,92,92,92,92,92,92,92,92,92,97,97,97,97,97,97,97,97,97,97,97,97,97,97,97,97,97,97,97],"card_choices":[{"not_picked":["Heavy Blade","Battle Trance"],"picked":"Spot Weakness","floor":0},{"not_picked":["Battle Trance","Clash"],"picked":"Flex","floor":0},{"not_picked":["Uppercut","Body Slam"],"picked":"Anger","floor":0},{"not_picked":["Hemokinesis","Body Slam"],"picked":"Anger","floor":0},{"not_picked":["Burning Pact","Rage"],"picked":"Seeing Red","floor":0},{"not_picked":["Power Through","Wild Strike"],"picked":"Dropkick","floor":0},{"not_picked":["Intimidate","Anger"],"picked":"Inflame","floor":0},{"not_picked":["Corruption","Reckless Charge"],"picked":"Sentinel","floor":0},{"not_picked":["Havoc","Burning Pact"],"picked":"Warcry","floor":0},{"not_picked":["Fire Breathing","Power Through"],"picked":"Rupture","floor":0},{"not_picked":["Armaments","Perfected Strike"],"picked":"Heavy Blade","floor":0},{"not_picked":["Seeing Red","Corruption"],"picked":"Sword Boomerang","floor":0},{"not_picked":["Pommel Strike","Intimidate"],"picked":"Thunderclap","floor":0},{"not_picked":["Feel No Pain","Cleave"],"picked":"Pommel Strike","floor":0},{"not_picked":["Perfected Strike","Thunderclap"],"picked":"Clash","floor":0},{"not_picked":["Pommel Strike","Reckless Charge"],"picked":"Rage","floor":1},{"not_picked":["Rupture","Seeing Red"],"picked":"Heavy Blade","floor":3},{"not_picked":["Body Slam","Shrug It Off"],"picked":"Battle Trance","floor":4},{"not_picked":["Entrench","Ghostly Armor"],"picked":"Battle Trance","floor":7},{"not_picked":["Power Through","Headbutt"],"picked":"Flex","floor":11},{"not_picked":["Second Wind","Warcry"],"picked":"Demon Form","floor":13},{"not_picked":["Iron Wave","Cleave","Combust"],"picked":"SKIP","floor":14},{"not_picked":["Double Tap","Dark Embrace"],"picked":"Limit Break","floor":16},{"not_picked":["Cleave","Havoc"],"picked":"Clash","floor":18},{"not_picked":["Evolve","Sever Soul"],"picked":"Ghostly Armor+1","floor":19},{"not_picked":["Cleave+1","Infernal Blade+1"],"picked":"Rampage+1","floor":20},{"not_picked":["Corruption","Warcry"],"picked":"True Grit","floor":23},{"not_picked":["Armaments","Barricade"],"picked":"Heavy Blade","floor":25},{"not_picked":["Shockwave","Shrug It Off"],"picked":"Heavy Blade+1","floor":29},{"not_picked":["Feel No Pain","Dropkick+1","Hemokinesis+1"],"picked":"SKIP","floor":30},{"not_picked":["Body Slam+1","Iron Wave+1","Armaments"],"picked":"SKIP","floor":31},{"not_picked":["Barricade","Demon Form"],"picked":"Offering","floor":33},{"not_picked":["Thunderclap+1","Pommel Strike+1"],"picked":"Heavy Blade+1","floor":34},{"not_picked":["Rupture","Intimidate"],"picked":"Flex","floor":34},{"not_picked":["Uppercut+1","Heavy Blade+1"],"picked":"Spot Weakness","floor":34},{"not_picked":["Combust","Anger+1"],"picked":"Flex+1","floor":34},{"not_picked":["Power Through","True Grit+1"],"picked":"Limit Break","floor":34},{"not_picked":["Rupture+1","Cleave+1","Uppercut+1"],"picked":"SKIP","floor":35},{"not_picked":["Clash+1","Uppercut+1"],"picked":"Metallicize+1","floor":37},{"not_picked":["Good Instincts","Panacea"],"picked":"Flash of Steel+1","floor":38},{"not_picked":["Good Instincts","Purity"],"picked":"Dramatic Entrance+1","floor":38},{"not_picked":["Thinking Ahead","Good Instincts"],"picked":"Finesse","floor":38},{"not_picked":["Cleave+1","Flame Barrier"],"picked":"Clash+1","floor":40},{"not_picked":["Feel No Pain+1","Clothesline+1"],"picked":"Spot Weakness+1","floor":41},{"not_picked":["Ghostly Armor","Sentinel+1"],"picked":"Intimidate+1","floor":45},{"not_picked":["Disarm","Warcry","Bloodletting+1"],"picked":"SKIP","floor":46},{"not_picked":["Corruption","Body Slam+1"],"picked":"Battle Trance","floor":47},{"not_picked":["True Grit+1","Dark Embrace"],"picked":"Infernal Blade+1","floor":48},{"not_picked":["Impervious","Immolate+1"],"picked":"Offering","floor":50},{"not_picked":["Armaments+1","Flex"],"picked":"Twin Strike+1","floor":51},{"not_picked":["Shrug It Off","Blood for Blood+1","Clothesline+1"],"picked":"SKIP","floor":52},{"not_picked":["Warcry","Whirlwind+1"],"picked":"Thunderclap+1","floor":57},{"not_picked":["Body Slam+1","Uppercut+1"],"picked":"Anger+1","floor":59},{"not_picked":["Warcry","Anger+1","Power Through"],"picked":"SKIP","floor":63},{"not_picked":["Barricade","Juggernaut"],"picked":"Limit Break","floor":67}],"player_experience":253190,"relics_obtained":[{"floor":9,"key":"The Courier"},{"floor":23,"key":"Juzu Bracelet"},{"floor":25,"key":"Molten Egg 2"},{"floor":26,"key":"Strawberry"},{"floor":40,"key":"Pantograph"},{"floor":42,"key":"Blue Candle"},{"floor":43,"key":"Potion Belt"},{"floor":47,"key":"Happy Flower"},{"floor":60,"key":"Dream Catcher"},{"floor":65,"key":"Odd Mushroom"}],"event_choices":[{"event_name":"WeMeetAgain","player_choice":"Potion","floor":2,"damage_taken":0},{"event_name":"The Cleric","player_choice":"Card Removal","floor":5,"damage_taken":0},{"event_name":"Purifier","player_choice":"One Purge","floor":21,"damage_taken":0},{"event_name":"Forgotten Altar","player_choice":"Shed Blood","floor":22,"damage_taken":0},{"event_name":"The Library","player_choice":"Read","floor":27,"damage_taken":0},{"event_name":"Accursed Blacksmith","player_choice":"Forge","floor":36,"damage_taken":0},{"event_name":"SensoryStone","player_choice":"Memory 3","floor":38,"damage_taken":0},{"event_name":"Scrap Ooze","player_choice":"success","floor":53,"damage_taken":7},{"event_name":"The Cleric","player_choice":"Card Removal","floor":54,"damage_taken":0},{"event_name":"Liars Game","player_choice":"disagreed","floor":55,"damage_taken":0},{"event_name":"Golden Idol","player_choice":"Take Damage","floor":56,"damage_taken":0},{"event_name":"Dead Adventurer","player_choice":"Searched \u00271\u0027 times","floor":58,"damage_taken":0},{"event_name":"Purifier","player_choice":"One Purge","floor":64,"damage_taken":0},{"event_name":"Mushrooms","player_choice":"Fought Mushrooms","floor":65,"damage_taken":0}],"is_beta":false,"boss_relics":[{"not_picked":["Mark of Pain","White Beast Statue"],"picked":"Coffee Dripper"},{"not_picked":["Sozu","Runic Pyramid"],"picked":"Orrery"},{"not_picked":["Lizard Tail","Runic Dome"],"picked":"Tiny House"},{"not_picked":["Pandora\u0027s Box","Busted Crown"],"picked":"Snecko Eye"}],"items_purged_floors":[],"is_endless":true,"potions_floor_spawned":[1,4,11,13,16,19,23,29,31,35,37,47,48,59,63,65],"killed_by":"3 Byrds","ascension_level":0}