{"gold_per_floor":[116,135,148,164,42,42,56,89,89,117,117,129,159,177,177,276,276,294,309,183,183,98,129,129,161,187,218,232,232,245,258,258,356,356,372,421,85,185,199,229,239,269,296,296,307,307,341,357,357,357],"floor_reached":51,"playtime":7290,"items_purged":["Strike_R","Strike_R"],"score":1266,"play_id":"fa50d06a-67e2-4294-a2c9-1b2f7456a86c","local_time":"20190429150916","is_ascension_mode":true,"campfire_choices":[{"data":"Body Slam","floor":6,"key":"SMITH"},{"data":"Armaments","floor":11,"key":"SMITH"},{"data":"Flame Barrier","floor":15,"key":"SMITH"},{"data":"Impervious","floor":24,"key":"SMITH"},{"floor":32,"key":"REST"},{"data":"Offering","floor":44,"key":"SMITH"},{"data":"Metallicize","floor":46,"key":"SMITH"},{"data":"Shrug It Off","floor":49,"key":"SMITH"}],"neow_cost":"TEN_PERCENT_HP_LOSS","seed_source_timestamp":1629501613148,"circlet_count":0,"master_deck":["AscendersBane","Strike_R","Defend_R","Defend_R+1","Defend_R","Defend_R","Bash","Clothesline","Armaments+1","Body Slam+1","Impervious+1","Flame Barrier+1","Shrug It Off+1","Headbutt","Thunderclap","Exhume","Body Slam+1","Shrug It Off+1","Disarm","Metallicize+1","Reaper","True Grit+1","Bandage Up","Intimidate+1","Ghostly Armor","Offering+1","Pommel Strike+1","Feel No Pain","Shrug It Off+1"],"relics":["Burning Blood","Sundial","Art of War","Centennial Puzzle","Darkstone Periapt","Philosopher\u0027s Stone","War Paint","Smiling Mask","Mercury Hourglass","Bag of Marbles","Omamori","Cursed Key","Charon\u0027s Ashes","Vajra","Torii","Blue Candle","Pen Nib","Self Forming Clay"],"potions_floor_usage":[10,13,16,16,25,25,25,36,50,50],"damage_taken":[{"damage":9,"enemies":"Jaw Worm","floor":1,"turns":4},{"damage":3,"enemies":"2 Louse","floor":2,"turns":4},{"damage":0,"enemies":"Small Slimes","floor":3,"turns":3},{"damage":13,"enemies":"Red Slaver","floor":4,"turns":3},{"damage":10,"enemies":"Large Slime","floor":7,"turns":8},{"damage":31,"enemies":"Lagavulin","floor":8,"turns":8},{"damage":0,"enemies":"3 Sentries","floor":10,"turns":9},{"damage":0,"enemies":"3 Louse","floor":12,"turns":3},{"damage":12,"enemies":"Gremlin Nob","floor":13,"turns":4},{"damage":0,"enemies":"Blue Slaver","floor":14,"turns":3},{"damage":27,"enemies":"Slime Boss","floor":16,"turns":15},{"damage":5,"enemies":"3 Byrds","floor":18,"turns":1},{"damage":2,"enemies":"Spheric Guardian","floor":19,"turns":4},{"damage":6,"enemies":"Book of Stabbing","floor":23,"turns":4},{"damage":32,"enemies":"Gremlin Leader","floor":25,"turns":6},{"damage":26,"enemies":"Slavers","floor":27,"turns":5},{"damage":0,"enemies":"3 Cultists","floor":28,"turns":4},{"damage":3,"enemies":"Shelled Parasite and Fungi","floor":30,"turns":4},{"damage":0,"enemies":"Snecko","floor":31,"turns":3},{"damage":12,"enemies":"Automaton","floor":33,"turns":11},{"damage":7,"enemies":"Orb Walker","floor":35,"turns":4},{"damage":37,"enemies":"2 Orb Walkers","floor":36,"turns":7},{"damage":11,"enemies":"3 Darklings","floor":39,"turns":4},{"damage":15,"enemies":"Giant Head","floor":40,"turns":8},{"damage":20,"enemies":"Transient","floor":41,"turns":5},{"damage":37,"enemies":"Reptomancer","floor":42,"turns":7},{"damage":7,"enemies":"4 Shapes","floor":45,"turns":2},{"damage":6,"enemies":"Giant Head","floor":47,"turns":7},{"damage":12,"enemies":"Maw","floor":48,"turns":5},{"damage":16,"enemies":"Donu and Deca","floor":50,"turns":11}],"seed_played":"4818175210182204861","potions_obtained":[{"floor":3,"key":"SpeedPotion"},{"floor":8,"key":"Ancient Potion"},{"floor":10,"key":"Block Potion"},{"floor":13,"key":"SteroidPotion"},{"floor":16,"key":"Block Potion"},{"floor":18,"key":"Energy Potion"},{"floor":23,"key":"SkillPotion"},{"floor":28,"key":"Energy Potion"},{"floor":31,"key":"Weak Potion"},{"floor":36,"key":"EssenceOfSteel"}],"is_trial":false,"path_per_floor":["M","M","M","M","$","R","M","E","T","E","R","M","E","M","R","B",null,"M","M","$","?","?","E","R","E","T","E","M","?","M","M","R","B",null,"M","?","$","?","M","E","M","E","T","R","M","R","E","M","R","B",null],"character_chosen":"IRONCLAD","items_purchased":["Flame Barrier","PowerPotion","Shrug It Off","Dexterity Potion","Bandage Up","Vajra"],"campfire_rested":1,"item_purchase_floors":[5,5,20,37,37,37],"current_hp_per_floor":[69,72,72,65,65,65,61,36,36,42,42,48,42,48,48,27,61,62,66,66,66,66,66,66,40,40,20,26,26,29,35,56,50,67,66,47,47,47,67,63,59,36,36,36,72,72,72,72,72,66],"gold":357,"neow_bonus":"REMOVE_TWO","is_prod":false,"is_daily":false,"chose_seed":false,"campfire_upgraded":7,"win_rate":0,"timestamp":1556564956,"path_taken":["M","M","M","M","$","R","M","E","T","E","R","M","E","M","R","BOSS","M","M","$","?","?","E","R","E","T","E","M","?","M","M","R","BOSS","M","?","$","?","M","E","M","E","T","R","M","R","E","?","R","BOSS"],"build_version":"2019-01-23","purchased_purges":2,"victory":true,"max_hp_per_floor":[72,72,72,72,72,72,72,72,72,72,72,72,72,72,72,72,72,72,72,72,72,72,72,72,72,72,72,72,72,72,72,72,72,72,72,72,72,72,72,72,72,72,72,72,72,72,72,72,72,72],"card_choices":[{"not_picked":["Iron Wave","Spot Weakness"],"picked":"Clothesline","floor":1},{"not_picked":["Corruption","Iron Wave"],"picked":"Armaments","floor":2},{"not_picked":["Heavy Blade","Havoc"],"picked":"Body Slam","floor":3},{"not_picked":["Cleave","Flame Barrier"],"picked":"Impervious","floor":4},{"not_picked":["Burning Pact","Anger"],"picked":"Shrug It Off","floor":7},{"not_picked":["Warcry","Infernal Blade","Rage"],"picked":"SKIP","floor":8},{"not_picked":["Bludgeon","Clash"],"picked":"Headbutt","floor":10},{"not_picked":["Twin Strike","Searing Blow","Headbutt"],"picked":"SKIP","floor":12},{"not_picked":["Seeing Red","Flex"],"picked":"Thunderclap","floor":13},{"not_picked":["Dropkick","Headbutt"],"picked":"Exhume","floor":14},{"not_picked":["Clash","Perfected Strike"],"picked":"Body Slam","floor":18},{"not_picked":["Headbutt","Rupture","Uppercut"],"picked":"SKIP","floor":19},{"not_picked":["Iron Wave+1","Brutality","Infernal Blade"],"picked":"SKIP","floor":23},{"not_picked":["Corruption","Combust","Pommel Strike"],"picked":"SKIP","floor":25},{"not_picked":["Rampage","Power Through","Uppercut"],"picked":"SKIP","floor":27},{"not_picked":["Cleave","Spot Weakness+1"],"picked":"Disarm","floor":28},{"not_picked":["Power Through","Heavy Blade+1"],"picked":"Metallicize","floor":30},{"not_picked":["Perfected Strike+1","Cleave","Clothesline"],"picked":"SKIP","floor":31},{"not_picked":["Immolate","Limit Break"],"picked":"Reaper","floor":33},{"not_picked":["Pummel+1","Iron Wave","Warcry"],"picked":"SKIP","floor":35},{"not_picked":["Flex","Clothesline+1"],"picked":"True Grit+1","floor":36},{"not_picked":["Twin Strike+1","Carnage"],"picked":"Intimidate+1","floor":39},{"not_picked":["Anger","Hemokinesis","Dual Wield+1"],"picked":"SKIP","floor":40},{"not_picked":["Pommel Strike","Reckless Charge+1"],"picked":"Ghostly Armor","floor":41},{"not_picked":["Havoc","Body Slam"],"picked":"Offering","floor":42},{"not_picked":["Perfected Strike+1","Thunderclap+1"],"picked":"Pommel Strike+1","floor":45},{"not_picked":["Warcry+1","Headbutt+1"],"picked":"Feel No Pain","floor":47},{"not_picked":["Seeing Red+1","Bloodletting"],"picked":"Shrug It Off+1","floor":48}],"player_experience":325620,"relics_obtained":[{"floor":8,"key":"Sundial"},{"floor":9,"key":"Art of War"},{"floor":10,"key":"Centennial Puzzle"},{"floor":13,"key":"Darkstone Periapt"},{"floor":23,"key":"Smiling Mask"},{"floor":25,"key":"Mercury Hourglass"},{"floor":26,"key":"Bag of Marbles"},{"floor":27,"key":"Omamori"},{"floor":36,"key":"Charon\u0027s Ashes"},{"floor":40,"key":"Torii"},{"floor":42,"key":"Blue Candle"},{"floor":43,"key":"Pen Nib"},{"floor":47,"key":"Self Forming Clay"}],"event_choices":[{"damage_healed":0,"gold_gain":0,"player_choice":"Ignored","damage_taken":0,"max_hp_gain":0,"max_hp_loss":0,"event_name":"Vampires","floor":21,"gold_loss":0},{"damage_healed":0,"gold_gain":0,"player_choice":"Obtained Relic","damage_taken":0,"relics_obtained":["War Paint"],"max_hp_gain":0,"max_hp_loss":0,"event_name":"Addict","floor":22,"gold_loss":85},{"damage_healed":0,"gold_gain":0,"player_choice":"Upgraded","damage_taken":0,"max_hp_gain":0,"max_hp_loss":0,"event_name":"Upgrade Shrine","floor":29,"gold_loss":0,"cards_upgraded":["Body Slam"]},{"damage_healed":0,"gold_gain":0,"player_choice":"Fight","damage_taken":0,"max_hp_gain":0,"max_hp_loss":0,"event_name":"Mysterious Sphere","floor":36,"gold_loss":0},{"damage_healed":0,"gold_gain":100,"player_choice":"Pray","damage_taken":0,"max_hp_gain":0,"max_hp_loss":0,"event_name":"Golden Shrine","floor":38,"gold_loss":0}],"is_beta":false,"boss_relics":[{"not_picked":["Busted Crown","Coffee Dripper"],"picked":"Philosopher\u0027s Stone"},{"not_picked":["Mark of Pain","Eternal Feather"],"picked":"Cursed Key"}],"items_purged_floors":[20,37],"is_endless":false,"potions_floor_spawned":[3,8,10,13,16,18,23,28,31,36,41,42,48],"ascension_level":10}