{"gold_per_floor":[115,115,62,81,94,123,123,142,142,142,159,184,259,271,271,369,369,388,405,422,422],"floor_reached":21,"playtime":840,"items_purged":[],"score":193,"play_id":"fbc38b54-891f-4d64-b28d-b69e4edd2b2a","local_time":"20181125161609","is_ascension_mode":false,"campfire_choices":[{"floor":7,"key":"RECALL"},{"data":"Sunder","floor":15,"key":"SMITH"}],"neow_cost":"NONE","seed_source_timestamp":165939690687021,"circlet_count":0,"master_deck":["Strike_B","Strike_B","Strike_B","Strike_B","Defend_B","Defend_B","Defend_B","Defend_B","Zap","Dualcast","Beam Cell","Ball Lightning","Melter","Leap","Sunder+1","Defragment","Creative AI","Tempest+1","Go for the Eyes","Consume"],"relics":["Cracked Core","NeowsBlessing","Meat on the Bone","Pocketwatch","Sundial","Inserter"],"potions_floor_usage":[11,12,16,18,20],"damage_taken":[{"damage":0,"enemies":"Small Slimes","floor":1,"turns":1},{"damage":0,"enemies":"Cultist","floor":4,"turns":1},{"damage":0,"enemies":"Jaw Worm","floor":5,"turns":1},{"damage":24,"enemies":"3 Sentries","floor":6,"turns":7},{"damage":4,"enemies":"2 Fungi Beasts","floor":8,"turns":2},{"damage":8,"enemies":"Lots of Slimes","floor":11,"turns":4},{"damage":8,"enemies":"Lagavulin","floor":12,"turns":5},{"damage":0,"enemies":"Red Slaver","floor":14,"turns":4},{"damage":18,"enemies":"The Guardian","floor":16,"turns":7},{"damage":12,"enemies":"2 Thieves","floor":18,"turns":4},{"damage":30,"enemies":"3 Byrds","floor":19,"turns":5},{"damage":25,"enemies":"Centurion and Healer","floor":20,"turns":5},{"damage":54,"enemies":"Cultist and Chosen","floor":21,"turns":4}],"seed_played":"8727752764294117257","potions_obtained":[{"floor":2,"key":"LiquidBronze"},{"floor":2,"key":"Weak Potion"},{"floor":2,"key":"Energy Potion"},{"floor":4,"key":"EssenceOfSteel"},{"floor":12,"key":"SpeedPotion"},{"floor":16,"key":"Energy Potion"}],"is_trial":false,"path_per_floor":["M","?","$","M","M","E","R","M","T","?","M","E","?","M","R","B",null,"M","M","M","M"],"character_chosen":"DEFECT","items_purchased":["Ball Lightning"],"campfire_rested":0,"item_purchase_floors":[3],"current_hp_per_floor":[75,75,75,75,75,51,51,47,47,40,44,48,37,49,49,43,75,63,45,32,0],"gold":422,"neow_bonus":"THREE_ENEMY_KILL","is_prod":false,"is_daily":false,"chose_seed":false,"campfire_upgraded":1,"win_rate":0,"timestamp":1543158969,"path_taken":["M","?","$","M","?","E","R","M","T","?","M","E","?","M","R","BOSS","M","M","M","M"],"build_version":"2018-11-15","purchased_purges":0,"victory":false,"max_hp_per_floor":[75,75,75,75,75,75,75,75,75,75,75,75,75,75,75,75,75,75,75,75,75],"card_choices":[{"not_picked":["Hologram","Heatsinks"],"picked":"Beam Cell","floor":1},{"not_picked":["Cold Snap","Streamline","Compile Driver"],"picked":"SKIP","floor":4},{"not_picked":["Redo","Rip and Tear"],"picked":"Melter","floor":5},{"not_picked":["Redo","Coolheaded","Barrage"],"picked":"SKIP","floor":6},{"not_picked":["Streamline","Barrage"],"picked":"Leap","floor":8},{"not_picked":["Stack","Core Surge"],"picked":"Sunder","floor":11},{"not_picked":["Redo","Barrage","Steam Power"],"picked":"SKIP","floor":12},{"not_picked":["Leap","Scrape"],"picked":"Defragment","floor":14},{"not_picked":["Biased Cognition","Rainbow"],"picked":"Creative AI","floor":16},{"not_picked":["Consume+1","Darkness"],"picked":"Tempest+1","floor":18},{"not_picked":["Gash","Sweeping Beam"],"picked":"Go for the Eyes","floor":19},{"not_picked":["Rebound","Sweeping Beam"],"picked":"Consume","floor":20}],"player_experience":137562,"relics_obtained":[{"floor":6,"key":"Meat on the Bone"},{"floor":12,"key":"Sundial"}],"event_choices":[{"damage_healed":0,"gold_gain":0,"player_choice":"Got Potions","damage_taken":0,"max_hp_gain":0,"max_hp_loss":0,"event_name":"Lab","floor":2,"gold_loss":0},{"damage_healed":0,"gold_gain":0,"player_choice":"Success","damage_taken":7,"relics_obtained":["Pocketwatch"],"max_hp_gain":0,"max_hp_loss":0,"event_name":"Scrap Ooze","floor":10,"gold_loss":0},{"damage_healed":0,"gold_gain":75,"player_choice":"Gather Gold","damage_taken":11,"max_hp_gain":0,"max_hp_loss":0,"event_name":"World of Goop","floor":13,"gold_loss":0}],"is_beta":false,"boss_relics":[{"not_picked":["Runic Pyramid","Sozu"],"picked":"Inserter"}],"items_purged_floors":[],"is_endless":false,"potions_floor_spawned":[4,8,12,16],"killed_by":"Cultist and Chosen","ascension_level":0}