{"gold_per_floor":[114,126,142,158,158,191,204,204,256,285,302,302,302],"floor_reached":13,"playtime":639,"items_purged":[],"score":126,"play_id":"5627dc06-10ca-4a4a-a17b-be027d6b6d45","local_time":"20190505092006","is_ascension_mode":true,"campfire_choices":[{"floor":8,"key":"REST"},{"floor":12,"key":"REST"}],"neow_cost":"NONE","seed_source_timestamp":71386940330100,"circlet_count":0,"master_deck":["Strike_B","Strike_B","Strike_B","Strike_B","Defend_B","Defend_B","Defend_B","Defend_B","Zap","Dualcast","Cold Snap","Genetic Algorithm","Conserve Battery","Chill"],"relics":["Runic Dome","WingedGreaves","Ancient Tea Set","Sundial"],"potions_floor_usage":[6,7,13],"damage_taken":[{"damage":6,"enemies":"Cultist","floor":1,"turns":3},{"damage":7,"enemies":"Jaw Worm","floor":2,"turns":2},{"damage":0,"enemies":"Small Slimes","floor":3,"turns":3},{"damage":11,"enemies":"2 Fungi Beasts","floor":4,"turns":4},{"damage":23,"enemies":"3 Sentries","floor":6,"turns":11},{"damage":15,"enemies":"Lots of Slimes","floor":7,"turns":5},{"damage":26,"enemies":"Lagavulin","floor":10,"turns":9},{"damage":14,"enemies":"Large Slime","floor":11,"turns":6},{"damage":47,"enemies":"Gremlin Nob","floor":13,"turns":4}],"seed_played":"3389667863437321794","potions_obtained":[{"floor":1,"key":"Dexterity Potion"},{"floor":4,"key":"Regen Potion"},{"floor":10,"key":"Ancient Potion"},{"floor":11,"key":"SteroidPotion"}],"is_trial":false,"path_per_floor":["M","M","M","M","?","E","M","R","T","E","M","R","E"],"character_chosen":"DEFECT","items_purchased":[],"campfire_rested":2,"item_purchase_floors":[],"current_hp_per_floor":[62,55,55,44,44,36,21,43,43,17,3,25,0],"gold":302,"neow_bonus":"BOSS_RELIC","is_prod":false,"is_daily":false,"chose_seed":false,"campfire_upgraded":0,"win_rate":0,"timestamp":1557062406,"path_taken":["M","?","M","?","?","E","M","R","T","E","M","R","E"],"build_version":"2019-01-23","purchased_purges":0,"victory":false,"max_hp_per_floor":[75,75,75,75,75,75,75,75,75,75,75,75,75],"card_choices":[{"not_picked":["Sweeping Beam","Stack","Hologram"],"picked":"SKIP","floor":1},{"not_picked":["Steam","Lockon"],"picked":"Cold Snap","floor":2},{"not_picked":["Melter","Steam","Compile Driver"],"picked":"SKIP","floor":3},{"not_picked":["Turbo","Conserve Battery"],"picked":"Genetic Algorithm","floor":4},{"not_picked":["Amplify","Rip and Tear"],"picked":"Conserve Battery","floor":6},{"not_picked":["Go for the Eyes","Hologram","Leap"],"picked":"SKIP","floor":7},{"not_picked":["Streamline","Rebound"],"picked":"Chill","floor":10},{"not_picked":["Hologram","Compile Driver","Recycle"],"picked":"SKIP","floor":11}],"player_experience":739298,"relics_obtained":[{"floor":6,"key":"WingedGreaves"},{"floor":9,"key":"Ancient Tea Set"},{"floor":10,"key":"Sundial"}],"event_choices":[{"damage_healed":0,"gold_gain":0,"player_choice":"0 cards matched","damage_taken":0,"max_hp_gain":0,"max_hp_loss":0,"event_name":"Match and Keep!","floor":5,"gold_loss":0,"cards_obtained":[]}],"is_beta":false,"boss_relics":[],"items_purged_floors":[],"is_endless":false,"potions_floor_spawned":[1,4,10,11],"killed_by":"Gremlin Nob","ascension_level":6}