{"gold_per_floor":[114,125,137,137,150,150,150,150,150,150,162,162,172,190,190,294,294,307,5,21,21,32,61,75,75,75,86,96,108,168,186,186,289,289,300,0,15,28,28,61,61,71,144,160,160,179,196,209,209,209,209,209,16,46,46],"floor_reached":56,"playtime":5811,"items_purged":["Regret"],"score":1271,"play_id":"732c6860-0c56-4cd9-be55-03da54a746dc","local_time":"20190118200727","is_ascension_mode":false,"campfire_choices":[{"floor":6.0,"key":"REST"},{"data":"Loop","floor":8.0,"key":"SMITH"},{"floor":15.0,"key":"REST"},{"data":"Storm","floor":25,"key":"SMITH"},{"floor":32,"key":"REST"},{"data":"Storm","floor":41,"key":"SMITH"},{"floor":45,"key":"RECALL"},{"data":"Amplify","floor":49,"key":"SMITH"},{"data":"White Noise","floor":52,"key":"SMITH"}],"neow_cost":"CURSE","seed_source_timestamp":0,"circlet_count":0,"master_deck":["Zap","Dualcast","Doubt","Cold Snap","Streamline","Redo","Loop+1","Parasite","Storm+1","Biased Cognition","Self Repair","Echo Form","Heatsinks","Heatsinks","Fission","Biased Cognition","Scrape+1","Echo Form","Skim","White Noise","Capacitor","Heatsinks","Loop","Storm+1","Steam+1","Genetic Algorithm","Biased Cognition","White Noise+1","Capacitor","Reinforced Body+1","Creative AI","BootSequence+1","Storm+1","Amplify+1","Steam Power+1","Storm+1","Self Repair+1","Skim+1","Heatsinks+1","Reboot","Heatsinks+1","Steam Power+1"],"special_seed":0,"relics":["Cracked Core","Du-Vu Doll","Question Card","Mummified Hand","The Courier","Molten Egg 2","Pandora\u0027s Box","DollysMirror","Bag of Marbles","Potion Belt","Tiny Chest","Coffee Dripper","Frozen Egg 2","Prayer Wheel","Singing Bowl","Dodecahedron"],"potions_floor_usage":[23,30,33,33,44,48,50],"damage_taken":[{"damage":5.0,"enemies":"Cultist","floor":1.0,"turns":4.0},{"damage":6.0,"enemies":"Small Slimes","floor":2.0,"turns":3.0},{"damage":1.0,"enemies":"Jaw Worm","floor":3.0,"turns":3.0},{"damage":23.0,"enemies":"3 Louse","floor":5.0,"turns":4.0},{"damage":5.0,"enemies":"Blue Slaver","floor":11.0,"turns":3.0},{"damage":8.0,"enemies":"Red Slaver","floor":13.0,"turns":2.0},{"damage":14.0,"enemies":"2 Fungi Beasts","floor":14.0,"turns":3.0},{"damage":40.0,"enemies":"Slime Boss","floor":16.0,"turns":8.0},{"damage":12.0,"enemies":"3 Byrds","floor":18.0,"turns":3.0},{"damage":23,"enemies":"2 Thieves","floor":20,"turns":2},{"damage":0,"enemies":"Cultist and Chosen","floor":22,"turns":1},{"damage":21,"enemies":"Gremlin Leader","floor":23,"turns":2},{"damage":1,"enemies":"Sentry and Sphere","floor":24,"turns":3},{"damage":0,"enemies":"Snecko","floor":27,"turns":3},{"damage":9,"enemies":"Chosen and Byrds","floor":28,"turns":2},{"damage":2,"enemies":"Shelled Parasite and Fungi","floor":29,"turns":2},{"damage":7,"enemies":"Book of Stabbing","floor":30,"turns":3},{"damage":11,"enemies":"Centurion and Healer","floor":31,"turns":3},{"damage":18,"enemies":"Collector","floor":33,"turns":4},{"damage":11,"enemies":"Orb Walker","floor":35,"turns":2},{"damage":0,"enemies":"3 Darklings","floor":37,"turns":2},{"damage":11,"enemies":"Sphere and 2 Shapes","floor":38,"turns":3},{"damage":0,"enemies":"Giant Head","floor":40,"turns":2},{"damage":26,"enemies":"Writhing Mass","floor":42,"turns":3},{"damage":0,"enemies":"4 Shapes","floor":44,"turns":1},{"damage":5,"enemies":"Sphere and 2 Shapes","floor":46,"turns":2},{"damage":0,"enemies":"Spire Growth","floor":47,"turns":2},{"damage":0,"enemies":"Jaw Worm Horde","floor":48,"turns":2},{"damage":13,"enemies":"Time Eater","floor":50,"turns":3},{"damage":21,"enemies":"Shield and Spear","floor":54,"turns":3},{"damage":102,"enemies":"The Heart","floor":55,"turns":4}],"seed_played":"-496158817715474738","potions_obtained":[{"floor":1.0,"key":"AttackPotion"},{"floor":2.0,"key":"Fruit Juice"},{"floor":5.0,"key":"Explosive Potion"},{"floor":18.0,"key":"Explosive Potion"},{"floor":20,"key":"Energy Potion"},{"floor":22,"key":"Energy Potion"},{"floor":27,"key":"LiquidBronze"},{"floor":33,"key":"Fire Potion"},{"floor":35,"key":"Poison Potion"},{"floor":44,"key":"FairyPotion"},{"floor":46,"key":"PowerPotion"},{"floor":47,"key":"PowerPotion"}],"is_trial":false,"path_per_floor":["M","M","M","?","M","R","?","R","T","T","M","?","M","M","R","B",null,"M","$","M","?","M","E","M","R","T","M","M","M","E","M","R","B",null,"M","$","M","M","?","E","R","M","T","M","R","M","M","M","R","B",null,"R","$","E","B",null],"character_chosen":"DEFECT","items_purchased":["Capacitor","Heatsinks","Loop","DollysMirror","Frozen Egg 2","Storm+1","Swift Potion","Heatsinks+1","AttackPotion","Fire Potion"],"campfire_rested":3,"item_purchase_floors":[19,19,19,19,36,36,36,53,53,53],"current_hp_per_floor":[70,69,68,68,45,69,80,80,80,80,75,63,55,41,65,32,80,68,68,52,52,59,45,51,51,51,51,42,40,33,22,46,28,80,76,76,80,69,69,76,76,50,50,52,52,51,70,70,70,64,88,88,88,67,6],"gold":46,"neow_bonus":"ONE_RARE_RELIC","is_prod":false,"is_daily":false,"chose_seed":false,"campfire_upgraded":5,"win_rate":0,"timestamp":1547860047,"path_taken":["M","?","M","?","M","R","?","R","T","?","M","?","M","M","R","BOSS","M","$","M","?","M","E","M","R","T","M","M","M","E","?","R","BOSS","M","$","M","M","?","E","R","M","T","?","R","M","M","M","R","BOSS","R","$","E","BOSS"],"build_version":"2019-01-17v2","purchased_purges":1,"victory":true,"max_hp_per_floor":[75,80,80,80,80,80,80,80,80,80,80,80,80,80,80,80,80,80,80,80,80,80,80,80,80,80,80,80,80,80,80,80,80,80,80,80,80,80,80,80,80,80,80,82,82,86,88,88,88,88,88,88,88,88,88],"card_choices":[{"not_picked":["Loop","Steam Power"],"picked":"Cold Snap","floor":1.0},{"not_picked":["Beam Cell","Leap"],"picked":"Streamline","floor":2.0},{"not_picked":["Double Energy","Streamline"],"picked":"Redo","floor":3.0},{"not_picked":["Leap","Sunder","Rebound"],"picked":"Loop","floor":5.0},{"not_picked":["Auto Shields","Cold Snap","Doom and Gloom"],"picked":"Storm","floor":11.0},{"not_picked":["Beam Cell+1","Steam","Barrage+1"],"picked":"Biased Cognition","floor":13.0},{"not_picked":["Coolheaded","Streamline+1","Steam"],"picked":"Self Repair","floor":14.0},{"not_picked":["Reboot","Buffer","Biased Cognition"],"picked":"Echo Form","floor":16.0},{"not_picked":["Sweeping Beam+1","Cold Snap+1","Scrape+1"],"picked":"White Noise","floor":18.0},{"not_picked":["Sweeping Beam+1","Compile Driver+1","Go for the Eyes+1"],"picked":"Steam+1","floor":20},{"not_picked":["Redo","Undo","Cold Snap+1"],"picked":"Genetic Algorithm","floor":22},{"not_picked":["Leap","Steam+1","Conserve Battery"],"picked":"Biased Cognition","floor":23},{"not_picked":["Streamline+1","Cold Snap+1","Go for the Eyes+1","Leap"],"picked":"SKIP","floor":24},{"not_picked":["Conserve Battery","Hologram","Rebound+1"],"picked":"White Noise","floor":27},{"not_picked":["Cold Snap+1","Turbo","Ball Lightning+1","Meteor Strike+1"],"picked":"SKIP","floor":28},{"not_picked":["Undo+1","Sweeping Beam+1","Glacier+1","Gash+1"],"picked":"SKIP","floor":29},{"not_picked":["Consume","White Noise","Stack"],"picked":"Capacitor","floor":30},{"not_picked":["Stack+1","Gash+1","Rebound+1"],"picked":"Reinforced Body+1","floor":31},{"not_picked":["Reboot","Biased Cognition","Fission"],"picked":"Creative AI","floor":33},{"not_picked":["Turbo+1","Redo+1","Sweeping Beam+1"],"picked":"BootSequence+1","floor":35},{"not_picked":["Conserve Battery+1","Streamline+1","Leap","Barrage+1"],"picked":"SKIP","floor":37},{"not_picked":["Conserve Battery","Redo","Chaos+1"],"picked":"Amplify","floor":38},{"not_picked":["Ball Lightning+1","Compile Driver+1","Consume+1","Beam Cell+1"],"picked":"SKIP","floor":40},{"not_picked":["Stack+1","Ball Lightning+1","Loop+1"],"picked":"Steam Power+1","floor":42},{"not_picked":["Leap+1","Beam Cell+1","Turbo"],"picked":"Storm+1","floor":42},{"not_picked":["Beam Cell+1","Ball Lightning+1","Barrage+1","Cold Snap+1"],"picked":"Singing Bowl","floor":44},{"not_picked":["Barrage+1","Seek","Rebound+1"],"picked":"Self Repair+1","floor":44},{"not_picked":["Undo+1","Reprogram+1","Go for the Eyes+1","Tempest"],"picked":"Singing Bowl","floor":46},{"not_picked":["Turbo","Fusion","Chill+1","Cold Snap+1"],"picked":"Singing Bowl","floor":46},{"not_picked":["Fusion","Leap","Turbo+1"],"picked":"Skim+1","floor":47},{"not_picked":["Redo","Turbo+1","Gash+1","Sweeping Beam+1"],"picked":"Singing Bowl","floor":47},{"not_picked":["Ball Lightning+1","Melter+1","Cold Snap+1"],"picked":"Heatsinks+1","floor":48},{"not_picked":["Melter+1","Self Repair+1","Barrage+1"],"picked":"Reboot","floor":48},{"not_picked":["Chill+1","Turbo","Lockon+1"],"picked":"Steam Power+1","floor":54}],"player_experience":67074,"relics_obtained":[{"floor":9.0,"key":"Mummified Hand"},{"floor":10.0,"key":"The Courier"},{"floor":23,"key":"Potion Belt"},{"floor":30,"key":"Tiny Chest"},{"floor":40,"key":"Prayer Wheel"},{"floor":43,"key":"Singing Bowl"},{"floor":54,"key":"Dodecahedron"}],"event_choices":[{"damage_healed":0.0,"max_hp_gain":0.0,"max_hp_loss":0.0,"gold_gain":0.0,"event_name":"Big Fish","player_choice":"Box","floor":4.0,"gold_loss":0.0,"damage_taken":0.0,"relics_obtained":["Question Card"],"cards_obtained":["Regret"]},{"damage_healed":20.0,"max_hp_gain":0.0,"max_hp_loss":0.0,"gold_gain":0.0,"event_name":"Mushrooms","player_choice":"Healed and dodged fight","floor":7.0,"gold_loss":0.0,"damage_taken":0.0,"cards_obtained":["Parasite"]},{"damage_healed":0.0,"max_hp_gain":0.0,"max_hp_loss":0.0,"gold_gain":0.0,"event_name":"Scrap Ooze","player_choice":"Success","floor":12.0,"gold_loss":0.0,"damage_taken":12.0,"relics_obtained":["Molten Egg 2"]},{"cards_removed":["Chaos"],"damage_healed":0,"gold_gain":0,"player_choice":"Gave Card","damage_taken":0,"relics_obtained":["Bag of Marbles"],"max_hp_gain":0,"max_hp_loss":0,"event_name":"WeMeetAgain","floor":21,"gold_loss":0},{"damage_healed":0,"gold_gain":0,"player_choice":"Leave","damage_taken":0,"max_hp_gain":0,"max_hp_loss":0,"event_name":"FaceTrader","floor":39,"gold_loss":0}],"is_beta":false,"boss_relics":[{"not_picked":["FrozenCore","Busted Crown"],"picked":"Pandora\u0027s Box"},{"not_picked":["Lizard Tail","Sozu"],"picked":"Coffee Dripper"}],"items_purged_floors":[53],"is_endless":false,"potions_floor_spawned":[1,2,5,18,20,22,27,33,35,44,46,47],"ascension_level":0}