{"gold_per_floor":[114,114,79,90,18,18,51,51,119,119,21,21,21,39,39,39],"floor_reached":16,"playtime":721,"items_purged":[],"score":120,"play_id":"6be116aa-9724-40e8-a06a-483a0205560c","local_time":"20190504120652","is_ascension_mode":true,"campfire_choices":[{"data":"Double Energy","floor":6,"key":"SMITH"},{"floor":8,"key":"REST"},{"data":"Chill","floor":10,"key":"SMITH"},{"data":"Blind","floor":12,"key":"SMITH"},{"data":"White Noise","floor":15,"key":"SMITH"}],"neow_cost":"PERCENT_DAMAGE","seed_source_timestamp":235167254674197,"circlet_count":0,"master_deck":["Strike_B","Strike_B","Strike_B","Strike_B","Defend_B","Defend_B","Defend_B","Defend_B","Zap+1","Dualcast","Chill+1","Double Energy+1","BootSequence","Conserve Battery","Blind+1","White Noise+1"],"relics":["Cracked Core","Thread and Needle","Pantograph","Gremlin Horn"],"potions_floor_usage":[7,14],"damage_taken":[{"damage":0,"enemies":"2 Louse","floor":1,"turns":2},{"damage":4,"enemies":"Small Slimes","floor":4,"turns":3},{"damage":12,"enemies":"Lagavulin","floor":7,"turns":9},{"damage":0,"enemies":"Jaw Worm","floor":14,"turns":2},{"damage":75,"enemies":"Hexaghost","floor":16,"turns":14}],"seed_played":"4199126401180639329","potions_obtained":[{"floor":4,"key":"Weak Potion"},{"floor":7,"key":"Swift Potion"}],"is_trial":false,"path_per_floor":["M","?","?","M","$","R","E","R","T","R","$","R","?","M","R","B"],"character_chosen":"DEFECT","items_purchased":["BootSequence","Blind"],"campfire_rested":1,"item_purchase_floors":[5,11],"current_hp_per_floor":[54,54,72,68,68,68,56,75,75,75,75,75,75,75,75,0],"gold":39,"neow_bonus":"ONE_RARE_RELIC","is_prod":false,"is_daily":false,"chose_seed":false,"campfire_upgraded":4,"win_rate":0,"timestamp":1556996812,"path_taken":["M","?","?","M","$","R","E","R","T","R","?","R","?","M","R","BOSS"],"build_version":"2019-01-23","purchased_purges":0,"victory":false,"max_hp_per_floor":[75,75,75,75,75,75,75,75,75,75,75,75,75,75,75,75],"card_choices":[{"not_picked":["Steam","Loop"],"picked":"Chill","floor":1},{"not_picked":["Conserve Battery","Aggregate"],"picked":"Double Energy","floor":4},{"not_picked":["Consume","Skim"],"picked":"Conserve Battery","floor":7},{"not_picked":["Cold Snap","Stack"],"picked":"White Noise","floor":14}],"player_experience":261392,"relics_obtained":[{"floor":7,"key":"Pantograph"},{"floor":9,"key":"Gremlin Horn"}],"event_choices":[{"damage_healed":0,"gold_gain":0,"player_choice":"Ignored","damage_taken":0,"max_hp_gain":0,"max_hp_loss":0,"event_name":"Shining Light","floor":2,"gold_loss":0},{"damage_healed":18,"gold_gain":0,"player_choice":"Healed","damage_taken":0,"max_hp_gain":0,"max_hp_loss":0,"event_name":"The Cleric","floor":3,"gold_loss":35},{"damage_healed":0,"gold_gain":0,"player_choice":"Upgraded","damage_taken":0,"max_hp_gain":0,"max_hp_loss":0,"event_name":"Upgrade Shrine","floor":13,"gold_loss":0,"cards_upgraded":["Zap"]}],"is_beta":false,"boss_relics":[],"items_purged_floors":[],"is_endless":false,"potions_floor_spawned":[4,7],"killed_by":"Hexaghost","ascension_level":5}