{"gold_per_floor":[111,129,129,79,4,48,72,72,98,98,121,121,121,160,160,288,288,307,11,110,128,128,128,159,190,190,209,134,175,188,88,88,211,211,235,360,360,376,15,55,69,104,149,163,194,206,218,269,281,293],"floor_reached":51,"playtime":3438,"items_purged":["Defend_R","Defend_R"],"score":1167,"play_id":"d49b6858-a536-4235-b0e8-30abae97f5b6","local_time":"20190322023107","is_ascension_mode":true,"campfire_choices":[{"data":"Perfected Strike","floor":8,"key":"SMITH"},{"data":"Perfected Strike","floor":10,"key":"SMITH"},{"data":"Bash","floor":13,"key":"SMITH"},{"data":"Battle Trance","floor":15,"key":"SMITH"},{"data":"Berserk","floor":23,"key":"SMITH"},{"data":"Pommel Strike","floor":32,"key":"SMITH"},{"data":"Armaments","floor":49,"key":"SMITH"}],"neow_cost":"NONE","seed_source_timestamp":2103130795418416,"circlet_count":0,"master_deck":["Strike_R","Strike_R","Strike_R+1","Strike_R","Defend_R","Bash+1","Shrug It Off","Perfected Strike+1","Perfected Strike+1","Battle Trance+1","Feed","Berserk+1","Shrug It Off","Twin Strike","Metallicize+1","Wild Strike+1","Flame Barrier","Shrug It Off","Pommel Strike+1","Impervious","Twin Strike","Burning Pact","Violence","Armaments+1","Perfected Strike+1","Inflame","Wild Strike","Wild Strike+1","Shrug It Off"],"relics":["Burning Blood","NeowsBlessing","Golden Idol","Bronze Scales","Potion Belt","Thread and Needle","Busted Crown","Anchor","Dream Catcher","Bag of Marbles","Red Mask","Mercury Hourglass","Shuriken","Velvet Choker","Prayer Wheel","Vajra","Bottled Tornado","Dodecahedron","Whetstone","MawBank","Champion Belt"],"potions_floor_usage":[24,29,33,45,50,50,50,50,50],"damage_taken":[{"damage":0,"enemies":"Jaw Worm","floor":1,"turns":1},{"damage":0,"enemies":"Small Slimes","floor":2,"turns":1},{"damage":0,"enemies":"3 Sentries","floor":6,"turns":2},{"damage":0,"enemies":"2 Louse","floor":7,"turns":2},{"damage":9,"enemies":"2 Fungi Beasts","floor":11,"turns":2},{"damage":16,"enemies":"Gremlin Nob","floor":14,"turns":3},{"damage":41,"enemies":"Hexaghost","floor":16,"turns":9},{"damage":12,"enemies":"Spheric Guardian","floor":18,"turns":3},{"damage":0,"enemies":"3 Byrds","floor":21,"turns":3},{"damage":30,"enemies":"Book of Stabbing","floor":24,"turns":4},{"damage":16,"enemies":"Masked Bandits","floor":25,"turns":4},{"damage":0,"enemies":"Snecko","floor":27,"turns":3},{"damage":0,"enemies":"Gremlin Leader","floor":29,"turns":4},{"damage":0,"enemies":"Cultist and Chosen","floor":30,"turns":4},{"damage":6,"enemies":"Champ","floor":33,"turns":7},{"damage":0,"enemies":"3 Shapes","floor":35,"turns":3},{"damage":0,"enemies":"Mind Bloom Boss Battle","floor":36,"turns":4},{"damage":0,"enemies":"Orb Walker","floor":38,"turns":3},{"damage":5,"enemies":"Nemesis","floor":40,"turns":5},{"damage":0,"enemies":"Transient","floor":41,"turns":5},{"damage":56,"enemies":"Reptomancer","floor":42,"turns":3},{"damage":0,"enemies":"3 Darklings","floor":44,"turns":3},{"damage":20,"enemies":"Nemesis","floor":45,"turns":5},{"damage":27,"enemies":"Giant Head","floor":48,"turns":7},{"damage":9,"enemies":"Donu and Deca","floor":50,"turns":6}],"seed_played":"1151956481625924731","potions_obtained":[{"floor":2,"key":"Fire Potion"},{"floor":11,"key":"Ancient Potion"},{"floor":18,"key":"EssenceOfSteel"},{"floor":24,"key":"Swift Potion"},{"floor":27,"key":"Dexterity Potion"},{"floor":30,"key":"Poison Potion"},{"floor":38,"key":"Block Potion"},{"floor":41,"key":"Strength Potion"},{"floor":44,"key":"GamblersBrew"},{"floor":45,"key":"LiquidBronze"}],"is_trial":false,"path_per_floor":["M","M","?","?","$","E","M","R","T","R","M","?","R","E","R","B",null,"M","$","?","M","?","R","E","?","T","M","?","E","M","$","R","B",null,"M","?","?","M","$","E","M","E","T","M","E","?","?","E","R","B",null],"character_chosen":"IRONCLAD","items_purchased":["Shrug It Off","Twin Strike","Anchor","Metallicize","Vajra","Violence","Armaments"],"campfire_rested":0,"item_purchase_floors":[19,19,19,19,39,39,39],"current_hp_per_floor":[78,80,60,60,60,66,72,72,72,72,69,74,74,64,64,32,74,71,71,71,80,80,80,56,49,49,58,58,64,70,70,70,70,93,102,103,103,103,103,103,103,56,56,62,48,93,93,72,72,69],"gold":305,"neow_bonus":"THREE_ENEMY_KILL","is_prod":false,"is_daily":false,"chose_seed":false,"campfire_upgraded":7,"win_rate":0,"timestamp":1553236267,"path_taken":["M","M","?","?","$","E","M","R","T","R","M","?","R","E","R","BOSS","M","$","?","M","?","R","E","?","T","M","?","E","M","?","R","BOSS","M","?","?","M","$","E","M","E","T","?","E","?","?","E","R","BOSS"],"build_version":"2019-01-23","purchased_purges":2,"victory":true,"max_hp_per_floor":[80,80,80,80,80,80,80,80,80,80,80,85,85,85,85,88,88,91,91,91,94,94,94,94,97,97,100,100,100,100,100,100,100,100,103,103,103,103,103,103,103,106,106,106,106,93,93,93,93,93],"card_choices":[{"not_picked":["Combust","Bloodletting"],"picked":"Shrug It Off","floor":1},{"not_picked":["Clothesline","Sword Boomerang"],"picked":"Perfected Strike","floor":2},{"not_picked":["Dual Wield","Intimidate"],"picked":"Perfected Strike","floor":6},{"not_picked":["Headbutt","Rupture","Anger"],"picked":"SKIP","floor":7},{"not_picked":["Iron Wave","Anger"],"picked":"Battle Trance","floor":11},{"not_picked":["Reckless Charge","Rampage"],"picked":"Feed","floor":14},{"not_picked":["Feed","Bludgeon"],"picked":"Berserk","floor":16},{"not_picked":["Havoc"],"picked":"SKIP","floor":18},{"not_picked":[],"picked":"Wild Strike","floor":21},{"not_picked":[],"picked":"Flame Barrier","floor":24},{"not_picked":[],"picked":"Shrug It Off","floor":25},{"not_picked":["Whirlwind+1"],"picked":"SKIP","floor":27},{"not_picked":["Whirlwind+1"],"picked":"SKIP","floor":27},{"not_picked":["Sever Soul+1"],"picked":"SKIP","floor":29},{"not_picked":[],"picked":"Pommel Strike","floor":30},{"not_picked":[],"picked":"Impervious","floor":33},{"not_picked":[],"picked":"Twin Strike","floor":35},{"not_picked":[],"picked":"Burning Pact","floor":38},{"not_picked":["Second Wind"],"picked":"SKIP","floor":38},{"not_picked":["Iron Wave"],"picked":"SKIP","floor":40},{"not_picked":[],"picked":"Perfected Strike+1","floor":41},{"not_picked":["Intimidate"],"picked":"SKIP","floor":41},{"not_picked":[],"picked":"Inflame","floor":42},{"not_picked":[],"picked":"Wild Strike","floor":44},{"not_picked":[],"picked":"Wild Strike+1","floor":44},{"not_picked":[],"picked":"Shrug It Off","floor":45},{"not_picked":["Body Slam+1"],"picked":"SKIP","floor":48}],"player_experience":237226,"relics_obtained":[{"floor":6,"key":"Bronze Scales"},{"floor":9,"key":"Potion Belt"},{"floor":14,"key":"Thread and Needle"},{"floor":24,"key":"Bag of Marbles"},{"floor":25,"key":"Red Mask"},{"floor":26,"key":"Mercury Hourglass"},{"floor":29,"key":"Shuriken"},{"floor":36,"key":"Prayer Wheel"},{"floor":40,"key":"Bottled Tornado"},{"floor":42,"key":"Dodecahedron"},{"floor":43,"key":"Whetstone"},{"floor":45,"key":"MawBank"},{"floor":48,"key":"Champion Belt"}],"event_choices":[{"damage_healed":0,"gold_gain":0,"player_choice":"Take Damage","damage_taken":20,"relics_obtained":["Golden Idol"],"max_hp_gain":0,"max_hp_loss":0,"event_name":"Golden Idol","floor":3,"gold_loss":0},{"cards_removed":["Strike_R"],"damage_healed":0,"gold_gain":0,"player_choice":"Card Removal","damage_taken":0,"max_hp_gain":0,"max_hp_loss":0,"event_name":"The Cleric","floor":4,"gold_loss":50},{"damage_healed":0,"gold_gain":0,"player_choice":"Donut","damage_taken":0,"max_hp_gain":5,"max_hp_loss":0,"event_name":"Big Fish","floor":12,"gold_loss":0},{"damage_healed":0,"gold_gain":99,"player_choice":"Stole From Cult","damage_taken":0,"max_hp_gain":0,"max_hp_loss":0,"event_name":"Nest","floor":20,"gold_loss":0},{"damage_healed":0,"gold_gain":0,"player_choice":"Opened","damage_taken":0,"relics_obtained":["Dream Catcher"],"max_hp_gain":0,"max_hp_loss":0,"event_name":"The Mausoleum","floor":22,"gold_loss":0},{"damage_healed":0,"gold_gain":0,"player_choice":"Fought Bandits","damage_taken":0,"max_hp_gain":0,"max_hp_loss":0,"event_name":"Masked Bandits","floor":25,"gold_loss":0},{"cards_removed":["Defend_R"],"damage_healed":0,"gold_gain":0,"player_choice":"Gave Gold","damage_taken":0,"max_hp_gain":0,"max_hp_loss":0,"event_name":"Beggar","floor":28,"gold_loss":75},{"damage_healed":0,"gold_gain":0,"player_choice":"Fight","damage_taken":0,"max_hp_gain":0,"max_hp_loss":0,"event_name":"MindBloom","floor":36,"gold_loss":0},{"damage_healed":0,"gold_gain":0,"player_choice":"Upgraded","damage_taken":0,"max_hp_gain":0,"max_hp_loss":0,"event_name":"Upgrade Shrine","floor":37,"gold_loss":0,"cards_upgraded":["Metallicize"]},{"damage_healed":93,"gold_gain":0,"player_choice":"Heal","damage_taken":0,"max_hp_gain":0,"max_hp_loss":13,"event_name":"The Moai Head","floor":46,"gold_loss":0},{"damage_healed":0,"gold_gain":0,"player_choice":"Ignored","damage_taken":0,"max_hp_gain":0,"max_hp_loss":0,"event_name":"SecretPortal","floor":47,"gold_loss":0}],"is_beta":false,"boss_relics":[{"not_picked":["Pandora\u0027s Box","Black Star"],"picked":"Busted Crown"},{"not_picked":["Astrolabe","Calling Bell"],"picked":"Velvet Choker"}],"items_purged_floors":[5,31],"is_endless":false,"potions_floor_spawned":[2,11,18,24,27,30,38,41,42,44,45],"ascension_level":7}