{"gold_per_floor":[117,117,67,93,109,149,164,199,199,199,199,242,167,167,167,291,291,311,311,410,431,446,446,446,484,554,554,590,603,647,131,131,260,260,280,295,39,64,88,131,131,154,178,217,217,232,232,357,357,357],"floor_reached":51,"playtime":1867,"items_purged":["Strike_R"],"score":959,"play_id":"168116ec-a058-4293-9423-686cf87ee75e","local_time":"20190604140400","is_ascension_mode":true,"campfire_choices":[{"data":"Rampage","floor":10,"key":"SMITH"},{"data":"Offering","floor":15,"key":"SMITH"},{"data":"Disarm","floor":23,"key":"SMITH"},{"data":"Limit Break","floor":32,"key":"SMITH"},{"data":"Sword Boomerang","floor":41,"key":"SMITH"},{"floor":45,"key":"REST"},{"data":"Anger","floor":47,"key":"SMITH"},{"data":"Exhume","floor":49,"key":"SMITH"}],"neow_cost":"NONE","seed_source_timestamp":24529106391854,"circlet_count":0,"master_deck":["Strike_R+1","Strike_R+1","Defend_R+1","Defend_R+1","Defend_R+1","Bash+1","Anger+1","Cleave+1","Reaper","Rampage+1","Offering+1","Disarm+1","Inflame+1","Flex+1","Limit Break+1","Iron Wave+1","Exhume+1","Exhume","Thunderclap+1","Sword Boomerang+1","Metallicize+1","Metallicize+1","Cleave+1"],"special_seed":0,"relics":["Burning Blood","NeowsBlessing","Golden Idol","Blood Vial","Incense Burner","Self Forming Clay","Pear","PreservedInsect","Ginger","Philosopher\u0027s Stone","Pantograph","Darkstone Periapt","Art of War","Unceasing Top","Pen Nib","HandDrill","Omamori","Velvet Choker","Paper Frog","Smiling Mask","Whetstone","Strawberry","Calipers"],"potions_floor_usage":[16,16,29,29,29,38,44,48,48,50],"damage_taken":[{"damage":0.0,"enemies":"Jaw Worm","floor":1.0,"turns":1.0},{"damage":0.0,"enemies":"2 Louse","floor":5.0,"turns":1.0},{"damage":0.0,"enemies":"Lagavulin","floor":6.0,"turns":1.0},{"damage":10.0,"enemies":"Small Slimes","floor":7.0,"turns":3.0},{"damage":31.0,"enemies":"3 Sentries","floor":8.0,"turns":7.0},{"damage":2,"enemies":"Gremlin Nob","floor":12,"turns":3},{"damage":30,"enemies":"Slime Boss","floor":16,"turns":6},{"damage":25,"enemies":"2 Thieves","floor":18,"turns":3},{"damage":11,"enemies":"3 Byrds","floor":21,"turns":4},{"damage":16,"enemies":"Centurion and Healer","floor":22,"turns":4},{"damage":33,"enemies":"Gremlin Leader","floor":25,"turns":2},{"damage":33,"enemies":"Book of Stabbing","floor":28,"turns":3},{"damage":0,"enemies":"Snake Plant","floor":29,"turns":2},{"damage":6,"enemies":"Gremlin Leader","floor":30,"turns":4},{"damage":9,"enemies":"Champ","floor":33,"turns":4},{"damage":36,"enemies":"3 Darklings","floor":35,"turns":3},{"damage":27,"enemies":"Orb Walker","floor":36,"turns":3},{"damage":17,"enemies":"Jaw Worm Horde","floor":38,"turns":3},{"damage":18,"enemies":"Transient","floor":39,"turns":5},{"damage":42,"enemies":"Nemesis","floor":40,"turns":5},{"damage":26,"enemies":"Sphere and 2 Shapes","floor":42,"turns":4},{"damage":40,"enemies":"Reptomancer","floor":44,"turns":4},{"damage":20,"enemies":"Maw","floor":46,"turns":5},{"damage":35,"enemies":"Mind Bloom Boss Battle","floor":48,"turns":5},{"damage":29,"enemies":"Time Eater","floor":50,"turns":9}],"seed_played":"-6990715005639574400","potions_obtained":[{"floor":5.0,"key":"Fire Potion"},{"floor":12,"key":"GamblersBrew"},{"floor":22,"key":"FearPotion"},{"floor":25,"key":"Strength Potion"},{"floor":28,"key":"SteroidPotion"},{"floor":33,"key":"Dexterity Potion"},{"floor":36,"key":"Swift Potion"},{"floor":39,"key":"LiquidBronze"},{"floor":40,"key":"SpeedPotion"},{"floor":42,"key":"EssenceOfSteel"},{"floor":48,"key":"Explosive Potion"}],"is_trial":false,"path_per_floor":["M","?","?","T","M","E","M","E","T","R","?","E","$","?","R","B",null,"M","?","?","M","M","R","?","E","T","?","E","M","E","$","R","B",null,"M","M","$","M","M","E","R","M","T","E","R","M","R","?","R","B",null],"character_chosen":"IRONCLAD","items_purchased":["Pen Nib","HandDrill","Omamori","Paper Frog"],"campfire_rested":1,"item_purchase_floors":[31,31,31,37],"current_hp_per_floor":[80,60,60,60,68,76,74,55,65,65,65,71,71,64,64,42,90,76,76,76,82,86,86,86,90,90,90,79,90,90,90,90,90,90,90,69,69,84,90,54,54,52,52,55,84,96,96,80,80,97],"gold":357,"neow_bonus":"THREE_ENEMY_KILL","is_prod":false,"is_daily":false,"chose_seed":false,"campfire_upgraded":7,"win_rate":0,"timestamp":1559649840,"path_taken":["M","?","?","?","M","E","M","E","T","R","?","E","$","?","R","BOSS","M","?","?","M","M","R","?","E","T","?","E","M","E","$","R","BOSS","M","?","?","M","M","E","R","M","T","E","R","M","R","?","R","BOSS"],"build_version":"2019-01-23","purchased_purges":1,"victory":true,"max_hp_per_floor":[80,80,80,80,80,80,80,80,90,90,90,90,90,90,90,90,90,90,90,90,90,90,90,90,90,90,90,90,90,90,90,90,90,90,90,90,90,90,90,90,90,90,90,97,97,97,97,97,97,97],"card_choices":[{"not_picked":["Combust","Havoc"],"picked":"Anger","floor":1.0},{"not_picked":["Heavy Blade","Iron Wave"],"picked":"Cleave","floor":5.0},{"not_picked":["Body Slam","Intimidate"],"picked":"Reaper","floor":6.0},{"not_picked":["Iron Wave","Flame Barrier"],"picked":"Rampage","floor":7.0},{"not_picked":["Thunderclap","Body Slam"],"picked":"Offering","floor":8},{"not_picked":["Battle Trance","Impervious"],"picked":"Disarm","floor":12},{"not_picked":["Carnage","Thunderclap"],"picked":"Inflame+1","floor":18},{"not_picked":["Twin Strike","Clothesline"],"picked":"Flex+1","floor":21},{"not_picked":["Pommel Strike","Carnage","Entrench"],"picked":"SKIP","floor":22},{"not_picked":["Carnage","Second Wind+1","Bloodletting+1"],"picked":"SKIP","floor":25},{"not_picked":["Corruption","Second Wind"],"picked":"Iron Wave+1","floor":28},{"not_picked":["Perfected Strike+1","Pommel Strike","Clothesline"],"picked":"SKIP","floor":29},{"not_picked":["Havoc+1","Spot Weakness"],"picked":"Exhume","floor":30},{"not_picked":["Limit Break","Immolate"],"picked":"Exhume","floor":33},{"not_picked":["Twin Strike","Sword Boomerang"],"picked":"Thunderclap+1","floor":35},{"not_picked":["Blood for Blood","Reckless Charge+1"],"picked":"Sword Boomerang","floor":36},{"not_picked":["Evolve+1","Thunderclap"],"picked":"Metallicize+1","floor":38},{"not_picked":["Pommel Strike","Corruption"],"picked":"Metallicize+1","floor":39},{"not_picked":["Rampage","Berserk","Pommel Strike+1"],"picked":"SKIP","floor":40},{"not_picked":["Headbutt+1","Dropkick"],"picked":"Cleave+1","floor":42},{"not_picked":["Bloodletting+1","Wild Strike+1","Battle Trance+1"],"picked":"SKIP","floor":44},{"not_picked":["Warcry+1","Cleave+1","Hemokinesis"],"picked":"SKIP","floor":46}],"player_experience":300124,"relics_obtained":[{"floor":4.0,"key":"Blood Vial"},{"floor":6.0,"key":"Incense Burner"},{"floor":8,"key":"Self Forming Clay"},{"floor":9,"key":"Pear"},{"floor":12,"key":"PreservedInsect"},{"floor":25,"key":"Pantograph"},{"floor":26,"key":"Darkstone Periapt"},{"floor":28,"key":"Art of War"},{"floor":30,"key":"Unceasing Top"},{"floor":40,"key":"Smiling Mask"},{"floor":43,"key":"Whetstone"},{"floor":44,"key":"Strawberry"},{"floor":48,"key":"Calipers"}],"event_choices":[{"damage_healed":0.0,"max_hp_gain":0.0,"max_hp_loss":0.0,"gold_gain":0.0,"event_name":"Golden Idol","player_choice":"Take Damage","floor":2.0,"gold_loss":0.0,"damage_taken":20.0,"relics_obtained":["Golden Idol"]},{"cards_removed":["Strike_R"],"damage_healed":0.0,"max_hp_gain":0.0,"max_hp_loss":0.0,"gold_gain":0.0,"event_name":"The Cleric","player_choice":"Card Removal","floor":3.0,"gold_loss":50.0,"damage_taken":0.0},{"cards_removed":["Strike_R"],"damage_healed":0,"gold_gain":0,"player_choice":"Forget","damage_taken":0,"max_hp_gain":0,"max_hp_loss":0,"event_name":"Living Wall","floor":11,"gold_loss":0},{"damage_healed":0,"gold_gain":0,"player_choice":"Success","damage_taken":7,"relics_obtained":["Ginger"],"max_hp_gain":0,"max_hp_loss":0,"event_name":"Scrap Ooze","floor":14,"gold_loss":0},{"damage_healed":0,"gold_gain":0,"player_choice":"Simplicity","damage_taken":0,"max_hp_gain":0,"max_hp_loss":0,"event_name":"Back to Basics","floor":19,"gold_loss":0,"cards_upgraded":["Strike_R","Strike_R","Defend_R","Defend_R","Defend_R","Defend_R"]},{"damage_healed":0,"gold_gain":99,"player_choice":"Stole From Cult","damage_taken":0,"max_hp_gain":0,"max_hp_loss":0,"event_name":"Nest","floor":20,"gold_loss":0},{"damage_healed":0,"gold_gain":0,"player_choice":"Read","damage_taken":0,"max_hp_gain":0,"max_hp_loss":0,"event_name":"The Library","floor":24,"gold_loss":0,"cards_obtained":["Limit Break"]},{"cards_removed":["Defend_R"],"damage_healed":0,"gold_gain":0,"player_choice":"Offered Basic","damage_taken":0,"max_hp_gain":0,"max_hp_loss":0,"event_name":"Bonfire Elementals","floor":27,"gold_loss":0},{"damage_healed":0,"gold_gain":0,"player_choice":"Fight","damage_taken":0,"max_hp_gain":0,"max_hp_loss":0,"event_name":"MindBloom","floor":48,"gold_loss":0}],"is_beta":false,"boss_relics":[{"not_picked":["Orrery","Coffee Dripper"],"picked":"Philosopher\u0027s Stone"},{"not_picked":["White Beast Statue","Eternal Feather"],"picked":"Velvet Choker"}],"items_purged_floors":[13],"is_endless":false,"potions_floor_spawned":[5,12,22,25,28,33,36,39,40,42,48],"ascension_level":2}