{"gold_per_floor":[119,69,69,86,86,117,117,135,161,113,113,129,129,145,145,276,276,297,69,94,118,137,137],"floor_reached":23,"playtime":552,"items_purged":[],"score":305,"play_id":"df922029-9989-4619-a123-3f308e8cd77d","local_time":"20190603033427","is_ascension_mode":true,"campfire_choices":[{"data":"Bouncing Flask","floor":7.0,"key":"SMITH"},{"data":"Deadly Poison","floor":13.0,"key":"SMITH"},{"data":"Bane","floor":15.0,"key":"SMITH"}],"neow_cost":"NONE","seed_source_timestamp":75723465203600,"circlet_count":0,"master_deck":["Defend_G","Defend_G","Defend_G","Defend_G","Defend_G","Strike_G","Strike_G","Strike_G","Strike_G","Survivor","Neutralize+1","Prepared","Bouncing Flask+1","Bane+1","Deflect","Dagger Spray+1","Deadly Poison+1","Outmaneuver","Corpse Explosion","Backflip","Noxious Fumes"],"special_seed":0,"relics":["Ring of the Snake","NeowsBlessing","Golden Idol","Vajra","PreservedInsect","Lizard Tail","Oddly Smooth Stone"],"potions_floor_usage":[22,22,22,22,23],"damage_taken":[{"damage":0.0,"enemies":"Small Slimes","floor":1.0,"turns":1.0},{"damage":0.0,"enemies":"2 Louse","floor":4.0,"turns":1.0},{"damage":0.0,"enemies":"Gremlin Nob","floor":6.0,"turns":1.0},{"damage":0.0,"enemies":"Cultist","floor":8.0,"turns":3.0},{"damage":0.0,"enemies":"Blue Slaver","floor":12.0,"turns":4.0},{"damage":4.0,"enemies":"Looter","floor":14.0,"turns":3.0},{"damage":6.0,"enemies":"The Guardian","floor":16.0,"turns":7.0},{"damage":11.0,"enemies":"2 Thieves","floor":18.0,"turns":2.0},{"damage":14.0,"enemies":"Shell Parasite","floor":20.0,"turns":4.0},{"damage":16.0,"enemies":"Snake Plant","floor":21.0,"turns":4.0},{"damage":24,"enemies":"Sentry and Sphere","floor":22,"turns":4},{"damage":38,"enemies":"Book of Stabbing","floor":23,"turns":5}],"seed_played":"8794898468709526407","potions_obtained":[{"floor":6.0,"key":"Strength Potion"},{"floor":12.0,"key":"Weak Potion"},{"floor":21.0,"key":"EntropicBrew"},{"floor":22,"key":"GhostInAJar"}],"is_trial":false,"path_per_floor":["M","?","$","M","?","E","R","M","T","$","?","M","R","M","R","B",null,"M","$","M","M","M","E"],"character_chosen":"THE_SILENT","items_purchased":["Dagger Spray","Noxious Fumes","Oddly Smooth Stone"],"campfire_rested":0,"item_purchase_floors":[10,19,19],"current_hp_per_floor":[63,63,63,63,63,63,63,63,63,63,50,50,50,46,46,40,59,48,48,34,18,32,0],"gold":137,"neow_bonus":"THREE_ENEMY_KILL","is_prod":false,"is_daily":false,"chose_seed":false,"campfire_upgraded":3,"win_rate":0,"timestamp":1559558067,"path_taken":["M","?","$","M","?","E","R","M","T","$","?","M","R","M","R","BOSS","M","$","M","M","M","E"],"build_version":"2019-01-23","purchased_purges":0,"victory":false,"max_hp_per_floor":[70,70,70,70,65,65,65,65,65,65,65,65,65,65,65,65,65,65,65,65,65,65,65],"card_choices":[{"not_picked":["Flechettes","Expertise"],"picked":"Prepared","floor":1.0},{"not_picked":["Deadly Poison","PiercingWail"],"picked":"Bouncing Flask","floor":4.0},{"not_picked":["Flechettes","Slice"],"picked":"Bane","floor":6.0},{"not_picked":["Cloak And Dagger","Sucker Punch"],"picked":"Deflect","floor":8.0},{"not_picked":["Underhanded Strike","Bouncing Flask"],"picked":"Deadly Poison","floor":12.0},{"not_picked":["Finisher","Backstab"],"picked":"Outmaneuver","floor":14.0},{"not_picked":["A Thousand Cuts","Die Die Die"],"picked":"Corpse Explosion","floor":16.0},{"not_picked":["Acrobatics","Heel Hook"],"picked":"Backflip","floor":18.0},{"not_picked":["Blade Dance","Expertise","Acrobatics"],"picked":"SKIP","floor":20.0},{"not_picked":["Bane","Flying Knee","Tactician"],"picked":"SKIP","floor":21.0},{"not_picked":["Infinite Blades","Outmaneuver","Endless Agony+1"],"picked":"SKIP","floor":22}],"player_experience":226699,"relics_obtained":[{"floor":6.0,"key":"Vajra"},{"floor":9.0,"key":"PreservedInsect"}],"event_choices":[{"cards_removed":["Strike_G"],"damage_healed":0.0,"max_hp_gain":0.0,"max_hp_loss":0.0,"gold_gain":0.0,"event_name":"The Cleric","player_choice":"Card Removal","floor":2.0,"gold_loss":50.0,"damage_taken":0.0},{"damage_healed":0.0,"max_hp_gain":0.0,"max_hp_loss":5.0,"gold_gain":0.0,"event_name":"Golden Idol","player_choice":"Lose Max HP","floor":5.0,"gold_loss":0.0,"damage_taken":0.0,"relics_obtained":["Golden Idol"]},{"damage_healed":0.0,"max_hp_gain":0.0,"max_hp_loss":0.0,"gold_gain":0.0,"event_name":"Shining Light","player_choice":"Entered Light","floor":11.0,"gold_loss":0.0,"damage_taken":13.0,"cards_upgraded":["Neutralize","Dagger Spray"]}],"is_beta":false,"boss_relics":[{"not_picked":["Snecko Eye","Pandora\u0027s Box"],"picked":"Lizard Tail"}],"items_purged_floors":[],"is_endless":false,"potions_floor_spawned":[6,12,21,22],"killed_by":"Book of Stabbing","ascension_level":8}