{"gold_per_floor":[113,133,144,164,178,205,218,253,280,299,299,264,275,305,305,403,403,421,421,15,34,50,76,96,195,195,221,221],"floor_reached":28,"playtime":1775,"items_purged":[],"score":332,"play_id":"fec9078e-9e97-4e23-90dc-b1698f295a96","local_time":"20190525225525","is_ascension_mode":true,"campfire_choices":[{"floor":11.0,"key":"REST"},{"floor":15.0,"key":"REST"}],"neow_cost":"NONE","seed_source_timestamp":366139322673000,"circlet_count":0,"master_deck":["Strike_B","Strike_B","Strike_B","Defend_B","Defend_B","Defend_B","Defend_B","Zap","Dualcast+1","Gash","Hologram","Cold Snap","Beam Cell","Sweeping Beam","Cold Snap","Capacitor","Defragment","Gash","Buffer","Coolheaded+1","Streamline","Blizzard"],"special_seed":0,"relics":["Cracked Core","Unceasing Top","Du-Vu Doll","Vajra","Bottled Tornado","Nuclear Battery","Kunai","Happy Flower","Dream Catcher","Prayer Wheel","Regal Pillow"],"potions_floor_usage":[23],"damage_taken":[{"damage":0.0,"enemies":"Small Slimes","floor":1.0,"turns":2.0},{"damage":7.0,"enemies":"Jaw Worm","floor":2.0,"turns":3.0},{"damage":0.0,"enemies":"Cultist","floor":3.0,"turns":3.0},{"damage":10.0,"enemies":"Exordium Wildlife","floor":4.0,"turns":3.0},{"damage":6.0,"enemies":"3 Louse","floor":5.0,"turns":3.0},{"damage":15.0,"enemies":"Gremlin Nob","floor":6.0,"turns":4.0},{"damage":1.0,"enemies":"Blue Slaver","floor":7.0,"turns":3.0},{"damage":11.0,"enemies":"Lagavulin","floor":8.0,"turns":7.0},{"damage":3.0,"enemies":"Looter","floor":10.0,"turns":2.0},{"damage":16.0,"enemies":"Exordium Thugs","floor":13.0,"turns":4.0},{"damage":19.0,"enemies":"3 Sentries","floor":14.0,"turns":5.0},{"damage":11.0,"enemies":"Slime Boss","floor":16.0,"turns":8.0},{"damage":5.0,"enemies":"3 Byrds","floor":18.0,"turns":4.0},{"damage":15,"enemies":"Shell Parasite","floor":21,"turns":5},{"damage":38,"enemies":"Shelled Parasite and Fungi","floor":22,"turns":6},{"damage":0,"enemies":"Gremlin Leader","floor":23,"turns":14},{"damage":12,"enemies":"3 Cultists","floor":24,"turns":5},{"damage":14,"enemies":"Snecko","floor":28,"turns":3}],"seed_played":"-5572743230413968001","potions_obtained":[{"floor":2.0,"key":"SpeedPotion"},{"floor":6.0,"key":"Weak Potion"},{"floor":10.0,"key":"Block Potion"},{"floor":14.0,"key":"AttackPotion"},{"floor":22,"key":"GamblersBrew"},{"floor":23,"key":"FocusPotion"}],"is_trial":false,"path_per_floor":["M","M","M","M","M","E","M","E","T","M","R","?","M","E","R","B",null,"M","?","$","M","M","E","M","?","T","T","M"],"character_chosen":"DEFECT","items_purchased":["Kunai","Happy Flower"],"campfire_rested":2,"item_purchase_floors":[20,20],"current_hp_per_floor":[75,68,68,58,52,37,36,25,25,22,44,62,46,27,49,38,75,70,70,70,55,17,17,5,5,5,5,0],"gold":221,"neow_bonus":"UPGRADE_CARD","is_prod":false,"is_daily":false,"chose_seed":false,"campfire_upgraded":0,"win_rate":0,"timestamp":1558850125,"path_taken":["M","M","M","M","M","E","M","E","T","M","R","?","M","E","R","BOSS","M","?","$","M","M","E","?","?","T","?","M"],"build_version":"2019-01-23","purchased_purges":0,"victory":false,"max_hp_per_floor":[75,75,75,75,75,75,75,75,75,75,75,75,75,75,75,75,75,75,75,75,75,75,75,75,75,75,75,75],"card_choices":[{"not_picked":["Turbo","Fusion","Stack"],"picked":"SKIP","floor":1.0},{"not_picked":["Steam Power","Steam"],"picked":"Gash","floor":2.0},{"not_picked":["Coolheaded","Rip and Tear"],"picked":"Hologram","floor":3.0},{"not_picked":["Leap","Ball Lightning"],"picked":"Cold Snap","floor":4.0},{"not_picked":["Leap","Fusion"],"picked":"Beam Cell","floor":5.0},{"not_picked":["Hologram","Stack"],"picked":"Sweeping Beam","floor":6.0},{"not_picked":["Fission","Leap"],"picked":"Cold Snap","floor":7.0},{"not_picked":["Scrape","Leap"],"picked":"Capacitor","floor":8.0},{"not_picked":["Rebound","Compile Driver"],"picked":"Defragment","floor":10.0},{"not_picked":["Go for the Eyes","Undo","Turbo"],"picked":"SKIP","floor":13.0},{"not_picked":["Sweeping Beam","Fusion"],"picked":"Gash","floor":14.0},{"not_picked":["Rainbow","Biased Cognition"],"picked":"Buffer","floor":16.0},{"not_picked":["Stack","Reinforced Body","Rip and Tear"],"picked":"SKIP","floor":18.0},{"not_picked":["Stack","Recycle"],"picked":"Coolheaded+1","floor":21},{"not_picked":["Tempest","Static Discharge+1","Rebound"],"picked":"SKIP","floor":22},{"not_picked":["Reboot","Thunder Strike"],"picked":"Streamline","floor":23},{"not_picked":["Consume","Beam Cell+1"],"picked":"Blizzard","floor":24}],"player_experience":97095,"relics_obtained":[{"floor":6.0,"key":"Unceasing Top"},{"floor":8.0,"key":"Du-Vu Doll"},{"floor":9.0,"key":"Vajra"},{"floor":14.0,"key":"Bottled Tornado"},{"floor":23,"key":"Dream Catcher"},{"floor":26,"key":"Prayer Wheel"},{"floor":27,"key":"Regal Pillow"}],"event_choices":[{"damage_healed":18.0,"max_hp_gain":0.0,"max_hp_loss":0.0,"gold_gain":0.0,"event_name":"The Cleric","player_choice":"Healed","floor":12.0,"gold_loss":35.0,"damage_taken":0.0},{"cards_removed":["Strike_B"],"damage_healed":0,"gold_gain":0,"player_choice":"Offered Basic","damage_taken":0,"max_hp_gain":0,"max_hp_loss":0,"event_name":"Bonfire Elementals","floor":19,"gold_loss":0},{"damage_healed":0,"gold_gain":99,"player_choice":"Stole From Cult","damage_taken":0,"max_hp_gain":0,"max_hp_loss":0,"event_name":"Nest","floor":25,"gold_loss":0}],"is_beta":false,"boss_relics":[{"not_picked":["Pandora\u0027s Box","Calling Bell"],"picked":"Nuclear Battery"}],"items_purged_floors":[],"is_endless":false,"potions_floor_spawned":[2,6,10,14,22,23,24],"killed_by":"Snecko","ascension_level":3}