{"gold_per_floor":[115,128,139,314,389,420,420,420,447,218,218,24,43,53,53,151,151,164,181,181],"floor_reached":20,"playtime":1225,"items_purged":[],"score":174,"play_id":"27aff515-9b7d-442c-a013-1812568ac70c","local_time":"20190524003839","is_ascension_mode":false,"campfire_choices":[{"data":"White Noise","floor":7.0,"key":"SMITH"},{"floor":11.0,"key":"REST"},{"data":"Redo","floor":15.0,"key":"SMITH"}],"neow_cost":"NONE","seed_source_timestamp":200101892088400,"circlet_count":0,"master_deck":["Strike_B","Strike_B","Strike_B","Strike_B","Defend_B","Defend_B","Defend_B","Defend_B","Zap","Dualcast+1","Barrage","White Noise+1","Coolheaded","Redo+1","Capacitor","Barrage","Turbo","Fission","Sweeping Beam"],"special_seed":0,"relics":["Cracked Core","Vajra","Lantern","Anchor","Membership Card","Inserter"],"potions_floor_usage":[],"damage_taken":[{"damage":1.0,"enemies":"Cultist","floor":1.0,"turns":3.0},{"damage":7.0,"enemies":"2 Louse","floor":2.0,"turns":2.0},{"damage":0.0,"enemies":"Jaw Worm","floor":3.0,"turns":3.0},{"damage":15.0,"enemies":"3 Sentries","floor":6.0,"turns":12.0},{"damage":0.0,"enemies":"Large Slime","floor":13.0,"turns":4.0},{"damage":0.0,"enemies":"3 Louse","floor":14.0,"turns":3.0},{"damage":19.0,"enemies":"Slime Boss","floor":16.0,"turns":9.0},{"damage":4.0,"enemies":"Chosen","floor":18.0,"turns":5.0},{"damage":10.0,"enemies":"3 Byrds","floor":19.0,"turns":3.0},{"damage":71,"enemies":"Cultist and Chosen","floor":20,"turns":8}],"seed_played":"8929945951874636404","potions_obtained":[{"floor":1.0,"key":"Weak Potion"},{"floor":3.0,"key":"Poison Potion"},{"floor":14.0,"key":"SmokeBomb"},{"floor":16.0,"key":"EssenceOfSteel"}],"is_trial":false,"path_per_floor":["M","M","M","?","?","E","R","?","T","$","R","$","M","M","R","B",null,"M","M","M"],"character_chosen":"DEFECT","items_purchased":["Anchor","Capacitor","Membership Card"],"campfire_rested":1,"item_purchase_floors":[10,10,12],"current_hp_per_floor":[74,67,67,67,56,41,41,34,34,34,56,56,56,56,56,37,75,71,61,0],"gold":181,"neow_bonus":"UPGRADE_CARD","is_prod":false,"is_daily":false,"chose_seed":false,"campfire_upgraded":2,"win_rate":0.0,"timestamp":1558683519,"path_taken":["M","M","M","?","?","E","R","?","T","$","R","$","M","M","R","BOSS","M","M","M"],"build_version":"2019-01-23","purchased_purges":0,"victory":false,"max_hp_per_floor":[75,75,75,75,75,75,75,75,75,75,75,75,75,75,75,75,75,75,75,75],"card_choices":[{"not_picked":["Chaos","Stack"],"picked":"Barrage","floor":1.0},{"not_picked":["Storm","Stack"],"picked":"White Noise","floor":2.0},{"not_picked":["Doom and Gloom","Hello World"],"picked":"Coolheaded","floor":3.0},{"not_picked":["Aggregate","Gash"],"picked":"Redo","floor":6.0},{"not_picked":["Go for the Eyes","Gash"],"picked":"Barrage","floor":13.0},{"not_picked":["Barrage","Streamline"],"picked":"Turbo","floor":14.0},{"not_picked":["Creative AI","Meteor Strike"],"picked":"Fission","floor":16.0},{"not_picked":["Streamline","Coolheaded"],"picked":"Sweeping Beam","floor":18.0},{"not_picked":["Sweeping Beam","Hologram","Scrape+1"],"picked":"SKIP","floor":19.0}],"player_experience":47697,"relics_obtained":[{"floor":6.0,"key":"Vajra"},{"floor":9.0,"key":"Lantern"}],"event_choices":[{"damage_healed":0.0,"max_hp_gain":0.0,"max_hp_loss":0.0,"gold_gain":175.0,"event_name":"Liars Game","player_choice":"AGREE","floor":4.0,"gold_loss":0.0,"damage_taken":0.0,"cards_obtained":["Doubt"]},{"damage_healed":0.0,"max_hp_gain":0.0,"max_hp_loss":0.0,"gold_gain":75.0,"event_name":"World of Goop","player_choice":"Gather Gold","floor":5.0,"gold_loss":0.0,"damage_taken":11.0},{"cards_removed":["Doubt"],"damage_healed":0.0,"max_hp_gain":0.0,"max_hp_loss":0.0,"gold_gain":0.0,"event_name":"Golden Wing","player_choice":"Card Removal","floor":8.0,"gold_loss":0.0,"damage_taken":7.0}],"is_beta":false,"boss_relics":[{"not_picked":["Sozu","Snecko Eye"],"picked":"Inserter"}],"items_purged_floors":[],"is_endless":false,"potions_floor_spawned":[1,3,14,16,18],"killed_by":"Cultist and Chosen","ascension_level":0}