{"gold_per_floor":[117,117,136,150,150,150,150,185,262,293,313,332,332,352,352,449,449,462,234,252,269,269,269,283,283,306,306,306,306,331,356,356,455,455,455,470,520,284,284,9,26,126,126,126,126,161,161,173,173,173],"floor_reached":51,"playtime":1917,"items_purged":["Defend_R","Defend_R+1"],"score":703,"play_id":"15f17528-fb3b-4293-8a00-73ae2c051f28","local_time":"20181130220845","is_ascension_mode":false,"campfire_choices":[{"data":"Rage","floor":6,"key":"SMITH"},{"floor":13,"key":"REST"},{"data":"Rage","floor":15,"key":"SMITH"},{"data":"Armaments","floor":23,"key":"SMITH"},{"floor":25,"key":"REST"},{"data":"Anger","floor":28,"key":"SMITH"},{"data":"Demon Form","floor":32,"key":"SMITH"},{"floor":44,"key":"REST"},{"data":"Apotheosis","floor":49,"key":"SMITH"}],"neow_cost":"NONE","seed_source_timestamp":30482352717107,"circlet_count":0,"master_deck":["Strike_R+1","Strike_R+1","Strike_R+1","Strike_R+1","Strike_R+1","Bash","Rage+1","Cleave","Rage+1","Anger+1","Pommel Strike","Battle Trance","Demon Form+1","Armaments+1","Flex","Burning Pact+1","Intimidate","Dark Embrace","Berserk","Mayhem","Pommel Strike","Apotheosis+1","Magnetism","Anger+1"],"relics":["Black Blood","Omamori","Mummified Hand","Incense Burner","Self Forming Clay","Orichalcum","Lizard Tail","Anchor","Necronomicon","Red Skull","Boot","Red Mask","StoneCalendar","Nunchaku","Bottled Tornado","Smiling Mask"],"potions_floor_usage":[16,24,33,33,35,37,41,48,50],"damage_taken":[{"damage":4,"enemies":"2 Louse","floor":1,"turns":3},{"damage":5,"enemies":"Jaw Worm","floor":3,"turns":2},{"damage":0,"enemies":"Cultist","floor":4,"turns":3},{"damage":35,"enemies":"Lagavulin","floor":8,"turns":8},{"damage":14,"enemies":"3 Sentries","floor":10,"turns":7},{"damage":8,"enemies":"Exordium Thugs","floor":11,"turns":6},{"damage":2,"enemies":"Blue Slaver","floor":12,"turns":3},{"damage":0,"enemies":"Large Slime","floor":14,"turns":4},{"damage":21,"enemies":"Hexaghost","floor":16,"turns":10},{"damage":1,"enemies":"Shell Parasite","floor":18,"turns":6},{"damage":0,"enemies":"Chosen","floor":20,"turns":4},{"damage":23,"enemies":"Shelled Parasite and Fungi","floor":21,"turns":7},{"damage":19,"enemies":"Snecko","floor":24,"turns":5},{"damage":2,"enemies":"Book of Stabbing","floor":30,"turns":5},{"damage":0,"enemies":"Masked Bandits","floor":31,"turns":4},{"damage":13,"enemies":"Champ","floor":33,"turns":8},{"damage":0,"enemies":"3 Darklings","floor":35,"turns":2},{"damage":18,"enemies":"Orb Walker","floor":36,"turns":4},{"damage":80,"enemies":"2 Orb Walkers","floor":37,"turns":6},{"damage":24,"enemies":"Spire Growth","floor":41,"turns":3},{"damage":0,"enemies":"Mind Bloom Boss Battle","floor":42,"turns":6},{"damage":9,"enemies":"Giant Head","floor":46,"turns":5},{"damage":8,"enemies":"Maw","floor":48,"turns":5},{"damage":60,"enemies":"Time Eater","floor":50,"turns":6}],"seed_played":"7391340686941566801","potions_obtained":[{"floor":1,"key":"FearPotion"},{"floor":11,"key":"Energy Potion"},{"floor":12,"key":"Regen Potion"},{"floor":21,"key":"SmokeBomb"},{"floor":31,"key":"Fire Potion"},{"floor":33,"key":"BloodPotion"},{"floor":37,"key":"AttackPotion"},{"floor":41,"key":"Weak Potion"},{"floor":48,"key":"LiquidBronze"}],"is_trial":false,"path_per_floor":["M","?","M","M","?","R","T","E","T","E","M","M","R","M","R","B",null,"M","$","M","M","?","R","M","R","T","?","R","?","E","?","R","B",null,"M","M","?","$","?","$","M","?","T","R","?","E","?","M","R","B",null],"character_chosen":"IRONCLAD","items_purchased":["Anchor","Mayhem","Pommel Strike","Magnetism"],"campfire_rested":3,"item_purchase_floors":[19,38,38,40],"current_hp_per_floor":[80,64,65,71,71,71,71,42,42,34,32,36,60,66,66,51,80,80,80,80,63,47,47,48,72,72,72,72,72,76,80,80,73,80,80,72,50,50,50,50,36,46,46,70,70,71,71,73,73,23],"gold":173,"neow_bonus":"RANDOM_COMMON_RELIC","is_prod":false,"is_daily":false,"chose_seed":false,"campfire_upgraded":6,"win_rate":0,"timestamp":1543612125,"path_taken":["M","?","M","M","?","R","?","E","T","E","M","M","R","?","R","BOSS","M","$","M","M","?","R","M","R","T","?","R","?","E","?","R","BOSS","M","M","?","$","?","$","M","?","T","R","?","E","?","M","R","BOSS"],"build_version":"2018-11-15","purchased_purges":2,"victory":true,"max_hp_per_floor":[80,80,80,80,80,80,80,80,80,80,80,80,80,80,80,80,80,80,80,80,80,80,80,80,80,80,80,80,80,80,80,80,80,80,80,80,80,80,80,80,80,80,80,80,80,80,76,76,76,76],"card_choices":[{"not_picked":["Clash","Clothesline"],"picked":"Rage","floor":1},{"not_picked":["Blood for Blood","True Grit"],"picked":"Cleave","floor":3},{"not_picked":["Battle Trance","Pommel Strike"],"picked":"Rage","floor":4},{"not_picked":["Disarm","Headbutt"],"picked":"Anger","floor":8},{"not_picked":["Rupture","Reaper"],"picked":"Pommel Strike","floor":10},{"not_picked":["Feel No Pain","Iron Wave","Pummel"],"picked":"SKIP","floor":11},{"not_picked":["Havoc","Flame Barrier"],"picked":"Shockwave","floor":12},{"not_picked":["Sever Soul","Sentinel"],"picked":"Battle Trance","floor":14},{"not_picked":["Feed","Juggernaut"],"picked":"Demon Form","floor":16},{"not_picked":["Uppercut+1","Clash"],"picked":"Armaments","floor":18},{"not_picked":["Inflame","Corruption"],"picked":"Flex","floor":20},{"not_picked":["Armaments","Entrench","Sentinel"],"picked":"SKIP","floor":21},{"not_picked":["Searing Blow","Flex"],"picked":"Burning Pact+1","floor":24},{"not_picked":["Perfected Strike+1","Havoc","Iron Wave+1"],"picked":"SKIP","floor":30},{"not_picked":["Fiend Fire","Offering"],"picked":"Berserk","floor":33},{"not_picked":["Twin Strike+1","Clothesline+1","Flex"],"picked":"SKIP","floor":36},{"not_picked":["Sadistic Nature","Panacea"],"picked":"Apotheosis","floor":39},{"not_picked":["Warcry","Spot Weakness","Sword Boomerang"],"picked":"SKIP","floor":41},{"not_picked":["Sword Boomerang","Armaments+1"],"picked":"Anger+1","floor":42},{"not_picked":["Clothesline","Dark Embrace","Evolve"],"picked":"SKIP","floor":46},{"not_picked":["Headbutt+1","Twin Strike","Evolve"],"picked":"SKIP","floor":48}],"player_experience":159113,"relics_obtained":[{"floor":8,"key":"Incense Burner"},{"floor":9,"key":"Self Forming Clay"},{"floor":10,"key":"Orichalcum"},{"floor":22,"key":"Necronomicon"},{"floor":26,"key":"Red Skull"},{"floor":30,"key":"Boot"},{"floor":31,"key":"Red Mask"},{"floor":37,"key":"StoneCalendar"},{"floor":42,"key":"Nunchaku"},{"floor":43,"key":"Bottled Tornado"},{"floor":46,"key":"Smiling Mask"}],"event_choices":[{"damage_healed":0,"gold_gain":0,"player_choice":"Entered Light","damage_taken":16,"max_hp_gain":0,"max_hp_loss":0,"event_name":"Shining Light","floor":2,"gold_loss":0,"cards_upgraded":["Strike_R","Defend_R"]},{"damage_healed":0,"gold_gain":0,"player_choice":"Box","damage_taken":0,"relics_obtained":["Mummified Hand"],"max_hp_gain":0,"max_hp_loss":0,"event_name":"Big Fish","floor":5,"gold_loss":0,"cards_obtained":["Regret"]},{"damage_healed":0,"gold_gain":0,"player_choice":"Obtained Book","damage_taken":16,"max_hp_gain":0,"max_hp_loss":0,"event_name":"Cursed Tome","floor":22,"gold_loss":0},{"damage_healed":0,"gold_gain":0,"cards_transformed":["Defend_R","Defend_R"],"player_choice":"Became Test Subject","damage_taken":0,"max_hp_gain":0,"max_hp_loss":0,"event_name":"Drug Dealer","floor":27,"gold_loss":0,"cards_obtained":["Intimidate","Dark Embrace"]},{"damage_healed":0,"gold_gain":0,"player_choice":"Simplicity","damage_taken":0,"max_hp_gain":0,"max_hp_loss":0,"event_name":"Back to Basics","floor":29,"gold_loss":0,"cards_upgraded":["Strike_R","Strike_R","Strike_R","Strike_R"]},{"damage_healed":0,"gold_gain":0,"player_choice":"Fought Bandits","damage_taken":0,"max_hp_gain":0,"max_hp_loss":0,"event_name":"Masked Bandits","floor":31,"gold_loss":0},{"damage_healed":0,"gold_gain":0,"player_choice":"Fight","damage_taken":0,"max_hp_gain":0,"max_hp_loss":0,"event_name":"Mysterious Sphere","floor":37,"gold_loss":0},{"damage_healed":0,"gold_gain":0,"player_choice":"Memory 1","damage_taken":0,"max_hp_gain":0,"max_hp_loss":0,"event_name":"SensoryStone","floor":39,"gold_loss":0},{"damage_healed":0,"gold_gain":0,"player_choice":"Fight","damage_taken":0,"max_hp_gain":0,"max_hp_loss":0,"event_name":"MindBloom","floor":42,"gold_loss":0},{"cards_removed":["Shockwave"],"damage_healed":0,"gold_gain":0,"player_choice":"Removed Skill","damage_taken":0,"max_hp_gain":0,"max_hp_loss":0,"event_name":"Falling","floor":45,"gold_loss":0},{"damage_healed":0,"gold_gain":0,"player_choice":"Max HP","damage_taken":0,"max_hp_gain":0,"max_hp_loss":4,"event_name":"Winding Halls","floor":47,"gold_loss":0}],"is_beta":false,"boss_relics":[{"not_picked":["Orrery","Runic Pyramid"],"picked":"Lizard Tail"},{"not_picked":["White Beast Statue","Tiny House"],"picked":"Black Blood"}],"items_purged_floors":[19,40],"is_endless":false,"potions_floor_spawned":[1,11,12,14,21,31,33,37,41,48],"ascension_level":0}