{"gold_per_floor":[109,129,204,222,222,248,260,260,260,292,274,284,284,312,312,408,408,421,440,458,73,73,73],"floor_reached":23,"playtime":794,"items_purged":[],"score":213,"play_id":"5747d9bc-92bd-4b92-ae09-28eb1f459b6c","local_time":"20190423202835","is_ascension_mode":false,"campfire_choices":[{"floor":8,"key":"REST"},{"floor":13,"key":"REST"},{"floor":15,"key":"REST"}],"neow_cost":"NONE","seed_source_timestamp":747509079322780,"circlet_count":0,"master_deck":["Strike_B","Strike_B","Strike_B","Defend_B","Defend_B","Defend_B","Defend_B","Zap","Dualcast","Capacitor","Storm","Blizzard","Go for the Eyes","Coolheaded","Cold Snap","Chill","Barrage","Rainbow","Conserve Battery","Self Repair"],"relics":["Cracked Core","NeowsBlessing","Ancient Tea Set","PreservedInsect","Darkstone Periapt","Boot","Velvet Choker","Question Card","NlothsMask"],"potions_floor_usage":[11,14,16,18,18,23],"damage_taken":[{"damage":0,"enemies":"Cultist","floor":1,"turns":1},{"damage":0,"enemies":"2 Louse","floor":2,"turns":1},{"damage":0,"enemies":"Small Slimes","floor":4,"turns":1},{"damage":39,"enemies":"Gremlin Nob","floor":6,"turns":5},{"damage":7,"enemies":"Looter","floor":7,"turns":3},{"damage":16,"enemies":"3 Sentries","floor":10,"turns":8},{"damage":10,"enemies":"Exordium Thugs","floor":11,"turns":5},{"damage":0,"enemies":"Large Slime","floor":12,"turns":4},{"damage":14,"enemies":"Gremlin Nob","floor":14,"turns":3},{"damage":21,"enemies":"Slime Boss","floor":16,"turns":11},{"damage":21,"enemies":"2 Thieves","floor":18,"turns":3},{"damage":19,"enemies":"3 Byrds","floor":19,"turns":5},{"damage":11,"enemies":"Cultist and Chosen","floor":20,"turns":6},{"damage":32,"enemies":"Gremlin Leader","floor":23,"turns":7}],"seed_played":"-3526987855077774052","potions_obtained":[{"floor":7,"key":"Poison Potion"},{"floor":10,"key":"PowerPotion"},{"floor":12,"key":"Swift Potion"},{"floor":14,"key":"Energy Potion"},{"floor":16,"key":"Swift Potion"},{"floor":20,"key":"AttackPotion"}],"is_trial":false,"path_per_floor":["M","M","?","M","?","E","M","R","T","E","M","M","R","E","R","B",null,"M","M","M","$","?","E"],"character_chosen":"DEFECT","items_purchased":["Conserve Battery","Self Repair","Question Card"],"campfire_rested":3,"item_purchase_floors":[21,21,21],"current_hp_per_floor":[75,75,64,64,64,25,18,40,40,24,14,14,36,22,44,23,75,54,35,24,24,24,0],"gold":73,"neow_bonus":"THREE_ENEMY_KILL","is_prod":false,"is_daily":false,"chose_seed":false,"campfire_upgraded":0,"win_rate":0,"timestamp":1556044115,"path_taken":["M","?","?","M","?","E","M","R","T","E","M","M","R","E","R","BOSS","M","M","M","$","?","E"],"build_version":"2019-01-23","purchased_purges":0,"victory":false,"max_hp_per_floor":[75,75,75,75,75,75,75,75,75,75,75,75,75,75,75,75,75,75,75,75,75,75,75],"card_choices":[{"not_picked":["Coolheaded","Hologram"],"picked":"Capacitor","floor":1},{"not_picked":["Aggregate","Cold Snap"],"picked":"Storm","floor":2},{"not_picked":["Hologram","Steam"],"picked":"Blizzard","floor":4},{"not_picked":["Gash","Genetic Algorithm"],"picked":"Go for the Eyes","floor":6},{"not_picked":["Steam","Compile Driver"],"picked":"Coolheaded","floor":7},{"not_picked":["Fission","Lockon"],"picked":"Cold Snap","floor":10},{"not_picked":["Undo","Reinforced Body"],"picked":"Chill","floor":11},{"not_picked":["Beam Cell","Compile Driver"],"picked":"Barrage","floor":12},{"not_picked":["Compile Driver","Turbo","Stack"],"picked":"SKIP","floor":14},{"not_picked":["Buffer","Meteor Strike"],"picked":"Rainbow","floor":16},{"not_picked":["Compile Driver","Storm","Stack"],"picked":"SKIP","floor":18},{"not_picked":["Hologram+1","Lockon","Turbo"],"picked":"SKIP","floor":19},{"not_picked":["Hologram","Gash","Lockon+1"],"picked":"SKIP","floor":20}],"player_experience":268683,"relics_obtained":[{"floor":6,"key":"Ancient Tea Set"},{"floor":9,"key":"PreservedInsect"},{"floor":10,"key":"Darkstone Periapt"},{"floor":14,"key":"Boot"}],"event_choices":[{"damage_healed":0,"gold_gain":75,"player_choice":"Gather Gold","damage_taken":11,"max_hp_gain":0,"max_hp_loss":0,"event_name":"World of Goop","floor":3,"gold_loss":0},{"cards_removed":["Strike_B"],"damage_healed":0,"gold_gain":0,"player_choice":"Forget","damage_taken":0,"max_hp_gain":0,"max_hp_loss":0,"event_name":"Living Wall","floor":5,"gold_loss":0},{"damage_healed":0,"gold_gain":0,"player_choice":"Trade","damage_taken":0,"relics_obtained":["NlothsMask"],"max_hp_gain":0,"max_hp_loss":0,"event_name":"FaceTrader","floor":22,"gold_loss":0}],"is_beta":false,"boss_relics":[{"not_picked":["Fusion Hammer","Ectoplasm"],"picked":"Velvet Choker"}],"items_purged_floors":[],"is_endless":false,"potions_floor_spawned":[7,10,12,14,16,20],"killed_by":"Gremlin Leader","ascension_level":0}