{"gold_per_floor":[111,125,200,200,200,200,215,248,328,341,341,360,380,390,390,485,485,502,468,383,401,401],"floor_reached":22,"playtime":1301,"items_purged":[],"score":190,"play_id":"44ed69e2-41d4-4e32-bc33-817321d67566","local_time":"20180623161034","is_ascension_mode":false,"campfire_choices":[{"floor":6,"key":"REST"},{"floor":11,"key":"REST"},{"floor":15,"key":"REST"}],"neow_cost":"NONE","seed_source_timestamp":97850186012918,"circlet_count":0,"master_deck":["Strike_B","Strike_B","Strike_B+1","Strike_B","Defend_B","Defend_B+1","Defend_B","Defend_B","Zap","Dualcast","Creative AI","FTL","Self Repair","Defragment","Defragment","Go for the Eyes","Go for the Eyes","Chill+1","Steam+1","Fission+1","Capacitor+1","Defragment+1","Conserve Battery+1"],"relics":["Cracked Core","Ancient Tea Set","Sundial","Toxic Egg 2","Fusion Hammer","Bird Faced Urn"],"potions_floor_usage":[16,16,16,22],"damage_taken":[{"damage":1,"enemies":"Cultist","floor":1,"turns":3},{"damage":6,"enemies":"2 Louse","floor":2,"turns":2},{"damage":1,"enemies":"Jaw Worm","floor":7,"turns":3},{"damage":30,"enemies":"Gremlin Nob","floor":8,"turns":5},{"damage":19,"enemies":"Large Slime","floor":10,"turns":7},{"damage":3,"enemies":"Blue Slaver","floor":12,"turns":3},{"damage":10,"enemies":"3 Louse","floor":13,"turns":3},{"damage":4,"enemies":"Gremlin Gang","floor":14,"turns":6},{"damage":9,"enemies":"Hexaghost","floor":16,"turns":8},{"damage":28,"enemies":"Spheric Guardian","floor":18,"turns":7},{"damage":14,"enemies":"2 Thieves","floor":19,"turns":5},{"damage":24,"enemies":"Snake Plant","floor":21,"turns":6},{"damage":50,"floor":22,"turns":5}],"seed_played":"7235865960468855788","potions_obtained":[{"floor":1,"key":"SteroidPotion"},{"floor":10,"key":"Dexterity Potion"},{"floor":12,"key":"Weak Potion"},{"floor":14,"key":"PowerPotion"},{"floor":21,"key":"Swift Potion"}],"is_trial":false,"path_per_floor":["M","M","?","?","?","R","M","E","T","M","R","M","M","M","R","B",null,"M","M","?","M"],"character_chosen":"DEFECT","items_purchased":[],"campfire_rested":3,"item_purchase_floors":[],"current_hp_per_floor":[74,68,57,42,30,52,51,28,28,16,38,42,39,42,64,62,75,54,47,47,40,0],"gold":401,"neow_bonus":"ONE_RANDOM_RARE_CARD","is_prod":false,"is_daily":false,"chose_seed":false,"campfire_upgraded":0,"win_rate":0.0,"timestamp":1529763034,"path_taken":["M","?","?","?","?","R","M","E","T","M","R","M","M","?","R","BOSS","M","M","?","M","?"],"build_version":"2018-06-21v2","purchased_purges":0,"victory":false,"max_hp_per_floor":[75,75,75,75,75,75,75,75,75,75,75,75,75,75,75,75,75,75,75,75,75,75],"card_choices":[{"not_picked":["Lockon","Coolheaded"],"picked":"FTL","floor":1},{"not_picked":["Genetic Algorithm","Double Energy"],"picked":"Self Repair","floor":2},{"not_picked":["Beam Cell","Stack"],"picked":"Defragment","floor":7},{"not_picked":["Streamline","Steam"],"picked":"Defragment","floor":8},{"not_picked":["Skim+1","FTL"],"picked":"Go for the Eyes","floor":10},{"not_picked":["Cold Snap","Blizzard"],"picked":"Go for the Eyes","floor":12},{"not_picked":["Thunder Strike","Aggregate+1"],"picked":"Chill+1","floor":13},{"not_picked":["Streamline","Rip and Tear"],"picked":"Steam+1","floor":14},{"not_picked":["Seek+1","Thunder Strike"],"picked":"Fission+1","floor":16},{"not_picked":["Steam+1","Storm"],"picked":"Capacitor+1","floor":18},{"not_picked":["Sweeping Beam","Coolheaded+1"],"picked":"Defragment+1","floor":19},{"not_picked":["Barrage+1","Leap+1"],"picked":"Conserve Battery+1","floor":21}],"player_experience":21116,"relics_obtained":[{"floor":8,"key":"Sundial"},{"floor":9,"key":"Toxic Egg 2"}],"event_choices":[{"event_name":"World of Goop","player_choice":"Gather Gold","floor":3,"damage_taken":0},{"event_name":"Shining Light","player_choice":"Entered Light","floor":4,"damage_taken":0},{"event_name":"Scrap Ooze","player_choice":"success","floor":5,"damage_taken":12},{"event_name":"Addict","player_choice":"Obtained Relic","floor":20,"damage_taken":0},{"event_name":"Masked Bandits","player_choice":"Fought over 401 gold","floor":22,"damage_taken":0}],"boss_relics":[{"not_picked":["Tiny House","White Beast Statue"],"picked":"Fusion Hammer"}],"items_purged_floors":[],"is_endless":false,"potions_floor_spawned":[1,10,12,14,21],"ascension_level":0}