{"gold_per_floor":[113,113,113,123,139,170,188,188,188,188,223,223,240,286,286,364,364,384,25,22,22,35,35],"floor_reached":23,"playtime":2130,"items_purged":["Strike_G"],"score":407,"play_id":"39f03452-5bdd-4766-b603-ce9e32ce48f0","local_time":"20190526171350","is_ascension_mode":true,"campfire_choices":[{"data":"Crippling Poison","floor":10.0,"key":"SMITH"},{"data":"Predator","floor":12.0,"key":"SMITH"},{"floor":15.0,"key":"REST"}],"neow_cost":"NONE","seed_source_timestamp":0,"circlet_count":0,"master_deck":["AscendersBane","Defend_G","Defend_G","Defend_G","Defend_G","Defend_G","Strike_G","Strike_G","Strike_G","Survivor","Neutralize+1","Dash","Predator+1","Leg Sweep","Crippling Poison+1","Well Laid Plans","Night Terror","Slice","Cloak And Dagger","PiercingWail","A Thousand Cuts","Deflect","Blur"],"special_seed":0,"relics":["Ring of the Snake","FaceOfCleric","FossilizedHelix","Singing Bowl","Shuriken","Lantern","Orrery","ClockworkSouvenir","Enchiridion"],"potions_floor_usage":[],"damage_taken":[{"damage":1.0,"enemies":"Jaw Worm","floor":1.0,"turns":6.0},{"damage":0.0,"enemies":"2 Louse","floor":4.0,"turns":5.0},{"damage":0.0,"enemies":"Cultist","floor":5.0,"turns":3.0},{"damage":30.0,"enemies":"3 Sentries","floor":6.0,"turns":11.0},{"damage":0.0,"enemies":"2 Fungi Beasts","floor":7.0,"turns":4.0},{"damage":0.0,"enemies":"Lagavulin","floor":11.0,"turns":6.0},{"damage":0.0,"enemies":"Exordium Wildlife","floor":13.0,"turns":5.0},{"damage":37.0,"enemies":"Slime Boss","floor":16.0,"turns":18.0},{"damage":23.0,"enemies":"Shell Parasite","floor":18.0,"turns":7.0},{"damage":8.0,"enemies":"2 Thieves","floor":20.0,"turns":5.0},{"damage":0,"enemies":"Centurion and Healer","floor":22,"turns":11},{"damage":24,"enemies":"Slavers","floor":23,"turns":4}],"seed_played":"1265354583719444698","potions_obtained":[{"floor":1.0,"key":"FearPotion"},{"floor":11.0,"key":"Poison Potion"},{"floor":18.0,"key":"GhostInAJar"}],"is_trial":false,"path_per_floor":["M","?","?","M","M","E","M","?","T","R","E","R","M","T","R","B",null,"M","$","M","?","M","E"],"character_chosen":"THE_SILENT","items_purchased":["ClockworkSouvenir","Blur"],"campfire_rested":1,"item_purchase_floors":[19,19],"current_hp_per_floor":[58,58,58,59,60,31,32,32,32,32,35,35,36,36,58,22,64,42,42,37,16,19,0],"gold":35,"neow_bonus":"UPGRADE_CARD","is_prod":false,"is_daily":false,"chose_seed":false,"campfire_upgraded":2,"win_rate":0,"timestamp":1558905230,"path_taken":["M","?","?","M","?","E","M","?","T","R","E","R","M","?","R","BOSS","M","$","M","?","M","E"],"build_version":"2019-01-23","purchased_purges":1,"victory":false,"max_hp_per_floor":[66,66,66,67,68,69,70,70,70,70,73,73,74,74,74,75,77,78,78,81,81,84,84],"card_choices":[{"not_picked":["Dagger Throw","Dodge and Roll"],"picked":"Dash","floor":1.0},{"not_picked":["Acrobatics","Dodge and Roll"],"picked":"Predator","floor":4.0},{"not_picked":["Calculated Gamble","Acrobatics"],"picked":"Leg Sweep","floor":5.0},{"not_picked":["Acrobatics","Sucker Punch","Flying Knee"],"picked":"SKIP","floor":6.0},{"not_picked":["Flying Knee","Catalyst"],"picked":"Crippling Poison","floor":7.0},{"not_picked":["Dagger Throw","Acrobatics","Flying Knee"],"picked":"Singing Bowl","floor":11.0},{"not_picked":["Deadly Poison","Envenom"],"picked":"Well Laid Plans","floor":13.0},{"not_picked":["A Thousand Cuts","Wraith Form v2"],"picked":"Night Terror","floor":16.0},{"not_picked":["Quick Slash","Prepared"],"picked":"Slice","floor":17.0},{"not_picked":["Dagger Throw","Bouncing Flask"],"picked":"Cloak And Dagger","floor":17.0},{"not_picked":["Slice","Flechettes"],"picked":"PiercingWail","floor":17.0},{"not_picked":["Dodge and Roll","Deadly Poison"],"picked":"A Thousand Cuts","floor":17.0},{"not_picked":["Poisoned Stab","Sucker Punch","Outmaneuver"],"picked":"Singing Bowl","floor":17.0},{"not_picked":["Sucker Punch","Deadly Poison"],"picked":"Deflect","floor":18.0},{"not_picked":["Heel Hook","Backflip","Deadly Poison"],"picked":"Singing Bowl","floor":20},{"not_picked":["Acrobatics","Quick Slash","Deadly Poison"],"picked":"Singing Bowl","floor":22}],"player_experience":2189179,"relics_obtained":[{"floor":6.0,"key":"FossilizedHelix"},{"floor":9.0,"key":"Singing Bowl"},{"floor":11.0,"key":"Shuriken"},{"floor":14.0,"key":"Lantern"},{"floor":21,"key":"Enchiridion"}],"event_choices":[{"cards_removed":["Strike_G"],"damage_healed":0.0,"max_hp_gain":0.0,"max_hp_loss":0.0,"gold_gain":0.0,"event_name":"Living Wall","player_choice":"Forget","floor":2.0,"gold_loss":0.0,"damage_taken":0.0},{"damage_healed":0.0,"max_hp_gain":0.0,"max_hp_loss":0.0,"gold_gain":0.0,"event_name":"FaceTrader","player_choice":"Trade","floor":3.0,"gold_loss":0.0,"damage_taken":0.0,"relics_obtained":["FaceOfCleric"]},{"damage_healed":0.0,"max_hp_gain":0.0,"max_hp_loss":0.0,"gold_gain":0.0,"event_name":"Liars Game","player_choice":"Ignored","floor":8.0,"gold_loss":0.0,"damage_taken":0.0},{"damage_healed":0,"gold_gain":0,"player_choice":"Obtained Book","damage_taken":21,"max_hp_gain":0,"max_hp_loss":0,"event_name":"Cursed Tome","floor":21,"gold_loss":0}],"is_beta":false,"boss_relics":[{"not_picked":["Eternal Feather","Black Star"],"picked":"Orrery"}],"items_purged_floors":[19],"is_endless":false,"potions_floor_spawned":[1,11,18],"killed_by":"Slavers","ascension_level":16}