{"gold_per_floor":[360,11,31,50,70,70,70,70,94,118,118,159,85,85],"floor_reached":14,"playtime":297,"items_purged":[],"score":90,"play_id":"050171b5-3666-4581-b6be-192efc4ad3e1","local_time":"20190521234222","is_ascension_mode":false,"campfire_choices":[{"data":"Strike_B","floor":6,"key":"PURGE"},{"data":"Self Repair","floor":11,"key":"SMITH"}],"neow_cost":"PERCENT_DAMAGE","seed_source_timestamp":286216277616331,"circlet_count":0,"master_deck":["Strike_B","Strike_B","Strike_B","Defend_B","Defend_B","Defend_B","Defend_B","Zap","Dualcast","Streamline","Gash","Core Surge","Consume","Self Repair+1","Capacitor"],"relics":["Cracked Core","Peace Pipe","Bag of Marbles","Golden Idol","Lantern","Pen Nib"],"potions_floor_usage":[12,12],"damage_taken":[{"damage":0,"enemies":"2 Louse","floor":1,"turns":3},{"damage":6,"enemies":"Jaw Worm","floor":3,"turns":2},{"damage":5,"enemies":"Small Slimes","floor":4,"turns":2},{"damage":8,"enemies":"Gremlin Gang","floor":5,"turns":4},{"damage":4,"enemies":"Blue Slaver","floor":10,"turns":3},{"damage":16,"enemies":"Lagavulin","floor":12,"turns":6},{"damage":20,"enemies":"Exordium Wildlife","floor":14,"turns":3}],"seed_played":"4473951917537754164","potions_obtained":[{"floor":5,"key":"Explosive Potion"},{"floor":10,"key":"Fire Potion"}],"is_trial":false,"path_per_floor":["M","$","M","M","M","R","?","?","T","M","R","E","$","M"],"character_chosen":"DEFECT","items_purchased":["Peace Pipe","Gash","Capacitor"],"campfire_rested":0,"item_purchase_floors":[2,2,13],"current_hp_per_floor":[54,54,48,43,35,35,23,23,23,19,19,13,13,0],"gold":85,"neow_bonus":"TWO_FIFTY_GOLD","is_prod":false,"is_daily":false,"chose_seed":false,"campfire_upgraded":1,"win_rate":0,"timestamp":1558449742,"path_taken":["M","$","M","M","M","R","?","?","T","M","R","E","$","M"],"build_version":"2019-01-23","purchased_purges":0,"victory":false,"max_hp_per_floor":[75,75,75,75,75,75,75,69,69,69,69,69,69,69],"card_choices":[{"not_picked":["Leap","Rebound"],"picked":"Streamline","floor":1},{"not_picked":["Steam","Rebound"],"picked":"Core Surge","floor":3},{"not_picked":["Hologram","Coolheaded"],"picked":"Consume","floor":4},{"not_picked":["Conserve Battery","Rip and Tear","Beam Cell"],"picked":"SKIP","floor":5},{"not_picked":["Sweeping Beam","Blizzard"],"picked":"Self Repair","floor":10},{"not_picked":["Multi-Cast","Chaos","Hello World"],"picked":"SKIP","floor":12}],"player_experience":443380,"relics_obtained":[{"floor":9,"key":"Lantern"},{"floor":12,"key":"Pen Nib"}],"event_choices":[{"damage_healed":0,"gold_gain":0,"player_choice":"Success","damage_taken":12,"relics_obtained":["Bag of Marbles"],"max_hp_gain":0,"max_hp_loss":0,"event_name":"Scrap Ooze","floor":7,"gold_loss":0},{"damage_healed":0,"gold_gain":0,"player_choice":"Lose Max HP","damage_taken":0,"relics_obtained":["Golden Idol"],"max_hp_gain":0,"max_hp_loss":6,"event_name":"Golden Idol","floor":8,"gold_loss":0}],"is_beta":false,"boss_relics":[],"items_purged_floors":[],"is_endless":false,"potions_floor_spawned":[5,10],"killed_by":"Exordium Wildlife","ascension_level":0}