{"gold_per_floor":[114,114,131,131,34,64,64,94,143,154,154,154,3,83,83,181,181,198,215,215,215,244,244,244,244,298,298,19,35,35,45,45,45],"floor_reached":33,"playtime":1707,"items_purged":["Strike_B"],"score":313,"play_id":"50cc2453-c649-41e9-abff-1cee5bb3926e","local_time":"20190507100409","is_ascension_mode":true,"campfire_choices":[{"floor":7,"key":"REST"},{"data":"Zap","floor":11,"key":"SMITH"},{"data":"Sweeping Beam","floor":15,"key":"SMITH"},{"floor":24,"key":"REST"},{"floor":27,"key":"REST"},{"floor":32,"key":"REST"}],"neow_cost":"NONE","seed_source_timestamp":275021739435639,"circlet_count":0,"master_deck":["Strike_B","Strike_B","Strike_B","Defend_B","Defend_B","Defend_B","Defend_B","Zap+1","Dualcast","Self Repair+1","Cold Snap","Sweeping Beam+1","Steam","BootSequence","Bandage Up","Core Surge","Melter","Chill","Necronomicurse","Steam","Decay","Melter+1","Capacitor"],"relics":["Philosopher\u0027s Stone","Blood Vial","Pen Nib","Bottled Tornado","Sozu","Necronomicon","Red Mask","Bag of Preparation","Membership Card","Lantern","Cables"],"potions_floor_usage":[6,16,25],"damage_taken":[{"damage":2,"enemies":"2 Louse","floor":1,"turns":2},{"damage":2,"enemies":"Cultist","floor":3,"turns":3},{"damage":18,"enemies":"Lagavulin","floor":6,"turns":8},{"damage":3,"enemies":"Small Slimes","floor":10,"turns":4},{"damage":45,"enemies":"The Guardian","floor":16,"turns":15},{"damage":42,"enemies":"3 Byrds","floor":18,"turns":6},{"damage":19,"enemies":"2 Thieves","floor":19,"turns":5},{"damage":51,"enemies":"Masked Bandits","floor":22,"turns":6},{"damage":12,"enemies":"Chosen and Byrds","floor":25,"turns":6},{"damage":36,"enemies":"Centurion and Healer","floor":29,"turns":11},{"damage":7,"enemies":"Snecko","floor":31,"turns":5},{"damage":95,"enemies":"Champ","floor":33,"turns":11}],"seed_played":"-5252944224323831117","potions_obtained":[{"floor":1,"key":"LiquidBronze"},{"floor":12,"key":"EssenceOfSteel"},{"floor":12,"key":"SmokeBomb"},{"floor":12,"key":"FairyPotion"}],"is_trial":false,"path_per_floor":["M","?","M","?","$","E","R","?","T","M","R","?","$","T","R","B",null,"M","M","?","?","?","?","R","M","T","R","$","M","T","M","R","B"],"character_chosen":"DEFECT","items_purchased":["Cold Snap","BootSequence","Bandage Up","Membership Card","Lantern"],"campfire_rested":4,"item_purchase_floors":[5,13,13,28,28],"current_hp_per_floor":[66,66,74,74,74,66,75,75,75,75,75,75,75,75,75,44,67,41,38,63,47,12,12,34,38,38,60,60,40,40,49,71,0],"gold":45,"neow_bonus":"BOSS_RELIC","is_prod":false,"is_daily":false,"chose_seed":false,"campfire_upgraded":2,"win_rate":0,"timestamp":1557248649,"path_taken":["M","?","?","?","?","E","R","?","T","?","R","?","$","?","R","BOSS","M","M","?","?","?","?","R","M","T","R","$","M","?","M","R","BOSS"],"build_version":"2019-01-23","purchased_purges":1,"victory":false,"max_hp_per_floor":[75,75,75,75,75,75,75,75,75,75,75,75,75,75,75,75,75,75,75,75,75,75,75,75,75,75,75,75,75,75,75,75,75],"card_choices":[{"not_picked":["Compile Driver","Hello World"],"picked":"Self Repair","floor":1},{"not_picked":["Recycle","Streamline","Hologram"],"picked":"SKIP","floor":3},{"not_picked":["Ball Lightning","Turbo"],"picked":"Sweeping Beam","floor":6},{"not_picked":["Glacier","Sweeping Beam"],"picked":"Steam","floor":10},{"not_picked":["Hyperbeam","Multi-Cast"],"picked":"Core Surge","floor":16},{"not_picked":["Reprogram","Ball Lightning"],"picked":"Melter","floor":18},{"not_picked":["Glacier+1","Hologram"],"picked":"Chill","floor":19},{"not_picked":["Hello World","Redo"],"picked":"Steam","floor":22},{"not_picked":["Compile Driver+1","Stack"],"picked":"Melter+1","floor":29},{"not_picked":["Ball Lightning","Turbo"],"picked":"Capacitor","floor":31}],"player_experience":292794,"relics_obtained":[{"floor":6,"key":"Blood Vial"},{"floor":9,"key":"Pen Nib"},{"floor":14,"key":"Bottled Tornado"},{"floor":21,"key":"Necronomicon"},{"floor":22,"key":"Red Mask"},{"floor":26,"key":"Bag of Preparation"},{"floor":30,"key":"Cables"}],"event_choices":[{"damage_healed":0,"gold_gain":0,"player_choice":"Upgraded","damage_taken":0,"max_hp_gain":0,"max_hp_loss":0,"event_name":"Upgrade Shrine","floor":2,"gold_loss":0,"cards_upgraded":["Self Repair"]},{"damage_healed":0,"gold_gain":0,"player_choice":"Ignored","damage_taken":0,"max_hp_gain":0,"max_hp_loss":0,"event_name":"Liars Game","floor":4,"gold_loss":0},{"damage_healed":0,"gold_gain":30,"player_choice":"Searched \u00271\u0027 times","damage_taken":0,"max_hp_gain":0,"max_hp_loss":0,"event_name":"Dead Adventurer","floor":8,"gold_loss":0},{"damage_healed":0,"gold_gain":0,"player_choice":"Got Potions","damage_taken":0,"max_hp_gain":0,"max_hp_loss":0,"event_name":"Lab","floor":12,"gold_loss":0},{"damage_healed":25,"gold_gain":0,"player_choice":"Heal","damage_taken":0,"max_hp_gain":0,"max_hp_loss":0,"event_name":"The Library","floor":20,"gold_loss":0},{"damage_healed":0,"gold_gain":0,"player_choice":"Obtained Book","damage_taken":16,"max_hp_gain":0,"max_hp_loss":0,"event_name":"Cursed Tome","floor":21,"gold_loss":0},{"damage_healed":0,"gold_gain":0,"player_choice":"Fought Bandits","damage_taken":0,"max_hp_gain":0,"max_hp_loss":0,"event_name":"Masked Bandits","floor":22,"gold_loss":0},{"damage_healed":0,"gold_gain":0,"player_choice":"Smashed Altar","damage_taken":0,"max_hp_gain":0,"max_hp_loss":0,"event_name":"Forgotten Altar","floor":23,"gold_loss":0,"cards_obtained":["Decay"]}],"is_beta":false,"boss_relics":[{"not_picked":["Fusion Hammer","Black Star"],"picked":"Sozu"}],"items_purged_floors":[5],"is_endless":false,"potions_floor_spawned":[1,22,31],"killed_by":"Champ","ascension_level":6}