{"gold_per_floor":[114,39,39,52,63,63,94,94,120,145,56,56,76,93,93,171,171,184,204,204,129,149,149,168,168,241,251,251,283,302,302,302,376,376,391,129,129,149,99,99,99,119,119,134,84,13,24,36,36,36],"floor_reached":50,"playtime":3086,"items_purged":["Shame","Writhe","Defend_B"],"score":910,"play_id":"c4679ba8-29fc-4538-ba85-c0b6be944c9b","local_time":"20190526113709","is_ascension_mode":true,"campfire_choices":[{"data":"Sunder","floor":6,"key":"SMITH"},{"data":"Zap","floor":8,"key":"SMITH"},{"floor":12,"key":"REST"},{"data":"Doom and Gloom","floor":15,"key":"SMITH"},{"data":"Buffer","floor":23,"key":"SMITH"},{"floor":25,"key":"REST"},{"data":"Sunder","floor":28,"key":"SMITH"},{"floor":32,"key":"REST"},{"floor":40,"key":"REST"},{"floor":49,"key":"REST"}],"neow_cost":"NONE","seed_source_timestamp":178435597762557,"circlet_count":0,"master_deck":["AscendersBane","Defend_B","Defend_B","Defend_B","Zap+1","Dualcast","Sunder+1","Ball Lightning","Glacier","Cold Snap","Doom and Gloom+1","Compile Driver","Buffer+1","Reinforced Body","Sunder+1","Hologram","Conserve Battery+1","Fission+1","Rainbow+1","Biased Cognition+1","Recycle+1","Stack+1","Undo+1","Conserve Battery+1","Glacier+1","Glacier+1","Coolheaded+1","BootSequence+1"],"relics":["Cracked Core","NeowsBlessing","WarpedTongs","Pen Nib","Oddly Smooth Stone","Boot","Snecko Eye","Toxic Egg 2","Red Mask","Smiling Mask","Astrolabe","Chemical X","Regal Pillow","Turnip"],"potions_floor_usage":[7,10,33,33,44,50,50],"damage_taken":[{"damage":0,"enemies":"Small Slimes","floor":1,"turns":1},{"damage":0,"enemies":"Cultist","floor":4,"turns":1},{"damage":1,"enemies":"2 Louse","floor":5,"turns":1},{"damage":1,"enemies":"Gremlin Nob","floor":7,"turns":3},{"damage":28,"enemies":"Lagavulin","floor":10,"turns":5},{"damage":0,"enemies":"Looter","floor":13,"turns":2},{"damage":0,"enemies":"2 Fungi Beasts","floor":14,"turns":2},{"damage":7,"enemies":"Slime Boss","floor":16,"turns":7},{"damage":5,"enemies":"2 Thieves","floor":18,"turns":3},{"damage":4,"enemies":"Spheric Guardian","floor":19,"turns":4},{"damage":4,"enemies":"Cultist and Chosen","floor":22,"turns":4},{"damage":17,"enemies":"Centurion and Healer","floor":24,"turns":4},{"damage":0,"enemies":"Chosen and Byrds","floor":27,"turns":5},{"damage":6,"enemies":"Masked Bandits","floor":29,"turns":3},{"damage":11,"enemies":"Snake Plant","floor":30,"turns":3},{"damage":23,"enemies":"Champ","floor":33,"turns":8},{"damage":21,"enemies":"Orb Walker","floor":35,"turns":3},{"damage":34,"enemies":"3 Darklings","floor":38,"turns":6},{"damage":0,"enemies":"Sphere and 2 Shapes","floor":42,"turns":4},{"damage":15,"enemies":"Maw","floor":44,"turns":10},{"damage":0,"enemies":"4 Shapes","floor":47,"turns":7},{"damage":0,"enemies":"3 Darklings","floor":48,"turns":3},{"damage":79,"enemies":"Donu and Deca","floor":50,"turns":14}],"seed_played":"6743937554338898319","potions_obtained":[{"floor":1,"key":"Weak Potion"},{"floor":4,"key":"AttackPotion"},{"floor":10,"key":"Fire Potion"},{"floor":14,"key":"SteroidPotion"},{"floor":22,"key":"FocusPotion"},{"floor":27,"key":"Block Potion"},{"floor":38,"key":"Block Potion"},{"floor":44,"key":"Weak Potion"},{"floor":48,"key":"Explosive Potion"}],"is_trial":false,"path_per_floor":["M","?","?","M","M","R","E","R","T","E","$","R","M","M","R","B",null,"M","M","?","?","M","R","M","R","T","M","R","?","M","?","R","B",null,"M","$","?","M","$","R","?","M","T","M","$","?","M","M","R","B"],"character_chosen":"DEFECT","items_purchased":["Doom and Gloom","Chemical X"],"campfire_rested":5,"item_purchase_floors":[11,36],"current_hp_per_floor":[64,64,64,64,63,63,62,62,62,34,34,55,55,55,55,48,65,60,56,56,56,52,52,35,56,56,56,56,50,39,39,60,37,63,42,42,71,37,37,58,58,58,58,43,43,43,43,43,71,0],"gold":36,"neow_bonus":"THREE_ENEMY_KILL","is_prod":false,"is_daily":false,"chose_seed":false,"campfire_upgraded":5,"win_rate":0,"timestamp":1558895829,"path_taken":["M","?","?","?","?","R","E","R","T","E","$","R","M","?","R","BOSS","M","M","?","?","M","R","M","R","T","M","R","?","M","?","R","BOSS","M","$","?","M","?","R","?","?","T","M","$","?","M","M","R","BOSS"],"build_version":"2019-01-23","purchased_purges":3,"victory":false,"max_hp_per_floor":[71,71,71,71,71,71,71,71,71,71,71,71,71,71,71,71,71,71,71,71,71,71,71,71,71,71,71,71,71,71,71,71,71,71,71,71,71,71,71,71,71,71,71,71,71,71,71,71,71,71],"card_choices":[{"not_picked":["Skim","Lockon"],"picked":"Sunder","floor":1},{"not_picked":["Coolheaded","Beam Cell"],"picked":"Ball Lightning","floor":4},{"not_picked":["Redo","Reprogram"],"picked":"Glacier","floor":5},{"not_picked":["Recycle","Redo"],"picked":"Cold Snap","floor":7},{"not_picked":["Force Field","Sweeping Beam"],"picked":"Recycle","floor":10},{"not_picked":["Go for the Eyes","Beam Cell"],"picked":"Compile Driver","floor":13},{"not_picked":["Doom and Gloom","Skim","Turbo"],"picked":"SKIP","floor":14},{"not_picked":["Hyperbeam","Reboot"],"picked":"Buffer","floor":16},{"not_picked":["Barrage","BootSequence"],"picked":"Reinforced Body","floor":18},{"not_picked":["Beam Cell","Barrage","Ball Lightning"],"picked":"SKIP","floor":19},{"not_picked":["Double Energy","Compile Driver"],"picked":"Sunder","floor":22},{"not_picked":["Scrape","Gash"],"picked":"Hologram","floor":24},{"not_picked":["Blizzard","Gash+1","Stack+1"],"picked":"SKIP","floor":27},{"not_picked":["Static Discharge","Self Repair"],"picked":"Conserve Battery+1","floor":29},{"not_picked":["Chill+1","Defragment"],"picked":"Fission+1","floor":30},{"not_picked":["Thunder Strike","Hyperbeam"],"picked":"Rainbow+1","floor":33},{"not_picked":["Capacitor+1","Chaos+1"],"picked":"Stack+1","floor":35},{"not_picked":["Cold Snap","Barrage"],"picked":"Undo+1","floor":38},{"not_picked":["Heatsinks","Recycle+1"],"picked":"Glacier+1","floor":42},{"not_picked":["Stack+1","Chill+1"],"picked":"Coolheaded+1","floor":44},{"not_picked":["Rebound","Storm","Leap+1"],"picked":"SKIP","floor":47},{"not_picked":["Aggregate+1","Leap+1"],"picked":"BootSequence+1","floor":48}],"player_experience":745953,"relics_obtained":[{"floor":7,"key":"Pen Nib"},{"floor":9,"key":"Oddly Smooth Stone"},{"floor":10,"key":"Boot"},{"floor":26,"key":"Toxic Egg 2"},{"floor":29,"key":"Red Mask"},{"floor":43,"key":"Regal Pillow"}],"event_choices":[{"cards_removed":["Strike_B"],"damage_healed":0,"gold_gain":0,"player_choice":"Card Removal","damage_taken":0,"max_hp_gain":0,"max_hp_loss":0,"event_name":"The Cleric","floor":2,"gold_loss":75},{"damage_healed":0,"gold_gain":0,"player_choice":"Rummage","damage_taken":0,"relics_obtained":["WarpedTongs"],"max_hp_gain":0,"max_hp_loss":0,"event_name":"Accursed Blacksmith","floor":3,"gold_loss":0,"cards_obtained":["Pain"]},{"damage_healed":0,"gold_gain":0,"player_choice":"Ignored","damage_taken":0,"max_hp_gain":0,"max_hp_loss":0,"event_name":"Vampires","floor":20,"gold_loss":0},{"cards_removed":["Strike_B"],"damage_healed":0,"gold_gain":0,"player_choice":"Gave Gold","damage_taken":0,"max_hp_gain":0,"max_hp_loss":0,"event_name":"Beggar","floor":21,"gold_loss":75},{"damage_healed":0,"gold_gain":0,"player_choice":"Fought Bandits","damage_taken":0,"max_hp_gain":0,"max_hp_loss":0,"event_name":"Masked Bandits","floor":29,"gold_loss":0},{"damage_healed":0,"gold_gain":0,"player_choice":"Opened","damage_taken":0,"relics_obtained":["Smiling Mask"],"max_hp_gain":0,"max_hp_loss":0,"event_name":"The Mausoleum","floor":31,"gold_loss":0,"cards_obtained":["Writhe"]},{"cards_removed":["Recycle"],"damage_healed":29,"gold_gain":0,"player_choice":"Offered Uncommon","damage_taken":0,"max_hp_gain":0,"max_hp_loss":0,"event_name":"Bonfire Elementals","floor":37,"gold_loss":0},{"damage_healed":0,"gold_gain":0,"player_choice":"2 cards matched","damage_taken":0,"max_hp_gain":0,"max_hp_loss":0,"event_name":"Match and Keep!","floor":41,"gold_loss":0,"cards_obtained":["Conserve Battery","Glacier"]},{"damage_healed":0,"gold_gain":0,"player_choice":"Paid Gold","damage_taken":0,"relics_obtained":["Turnip"],"max_hp_gain":0,"max_hp_loss":0,"event_name":"WeMeetAgain","floor":46,"gold_loss":71}],"is_beta":false,"boss_relics":[{"not_picked":["White Beast Statue","Ectoplasm"],"picked":"Snecko Eye"},{"not_picked":["Busted Crown","Cursed Key"],"picked":"Astrolabe"}],"items_purged_floors":[36,39,45],"is_endless":false,"potions_floor_spawned":[1,4,10,14,22,27,29,38,44,48],"killed_by":"Donu and Deca","ascension_level":18}