{"gold_per_floor":[118,68,68,68,78,78,112,112,139,154,166,176,196,215,215,313,313,331,343,343,268,368,368,388,388,415,514,537,567,579,617,629,746,758,786,817,829,841,953,997,1009,1032,1044,1072,1306,373,373,373,373,373,373,373,31,66,66],"floor_reached":55,"playtime":1569,"items_purged":["Clash"],"score":745,"play_id":"be6cf4e1-f694-4579-b3bd-1df883649b41","local_time":"20190322202626","is_ascension_mode":false,"campfire_choices":[{"data":"Perfected Strike","floor":6,"key":"SMITH"},{"data":"Armaments","floor":8,"key":"SMITH"},{"floor":15,"key":"RECALL"},{"data":"Perfected Strike","floor":23,"key":"SMITH"},{"data":"Impervious","floor":25,"key":"SMITH"},{"data":"Sever Soul","floor":32,"key":"SMITH"},{"data":"Secret Weapon","floor":47,"key":"SMITH"},{"data":"Dual Wield","floor":49,"key":"SMITH"},{"data":"Enlightenment","floor":52,"key":"SMITH"}],"neow_cost":"NONE","seed_source_timestamp":82503546465667,"circlet_count":0,"master_deck":["Strike_R+1","Strike_R+1","Strike_R","Strike_R","Strike_R","Bash","Perfected Strike+1","Armaments+1","Flex","Sever Soul+1","Impervious+1","Perfected Strike+1","Wild Strike+1","Pommel Strike","Pommel Strike","Flex","Twin Strike","Clash","Twin Strike","Immolate","True Grit+1","Dual Wield+1","Enlightenment+1","Panacea","Madness","Madness","Madness","Twin Strike+1","Pommel Strike","Perfected Strike+1","Power Through+1","Flex","Secret Weapon+1","Evolve","True Grit+1"],"relics":["Burning Blood","NeowsBlessing","Orichalcum","Boot","Coffee Dripper","Incense Burner","Question Card","MawBank","Red Mask","Snecko Eye","FossilizedHelix","Red Skull","Strawberry","PreservedInsect","Oddly Smooth Stone","Sling","Happy Flower","Whetstone","Lantern"],"potions_floor_usage":[16,22,33,33,46,55,55,55],"damage_taken":[{"damage":0,"enemies":"Small Slimes","floor":1,"turns":1},{"damage":0,"enemies":"Jaw Worm","floor":5,"turns":1},{"damage":0,"enemies":"Gremlin Nob","floor":7,"turns":1},{"damage":0,"enemies":"Cultist","floor":10,"turns":2},{"damage":0,"enemies":"Exordium Wildlife","floor":11,"turns":2},{"damage":4,"enemies":"2 Fungi Beasts","floor":12,"turns":3},{"damage":11,"enemies":"Large Slime","floor":13,"turns":3},{"damage":5,"enemies":"Looter","floor":14,"turns":2},{"damage":56,"enemies":"Hexaghost","floor":16,"turns":9},{"damage":4,"enemies":"Spheric Guardian","floor":18,"turns":3},{"damage":4,"enemies":"Chosen","floor":19,"turns":3},{"damage":17,"enemies":"Colosseum Slavers","floor":22,"turns":3},{"damage":0,"enemies":"Colosseum Nobs","floor":22,"turns":3},{"damage":13,"enemies":"3 Cultists","floor":24,"turns":5},{"damage":0,"enemies":"Shelled Parasite and Fungi","floor":29,"turns":2},{"damage":15,"enemies":"Masked Bandits","floor":31,"turns":4},{"damage":67,"enemies":"Collector","floor":33,"turns":10},{"damage":2,"enemies":"3 Darklings","floor":35,"turns":4},{"damage":1,"enemies":"Orb Walker","floor":36,"turns":2},{"damage":0,"enemies":"Mind Bloom Boss Battle","floor":39,"turns":4},{"damage":16,"enemies":"Nemesis","floor":40,"turns":3},{"damage":8,"enemies":"Maw","floor":42,"turns":7},{"damage":0,"enemies":"Jaw Worm Horde","floor":44,"turns":2},{"damage":50,"enemies":"Donu and Deca","floor":50,"turns":6},{"damage":51,"enemies":"Shield and Spear","floor":54,"turns":4},{"damage":47,"enemies":"The Heart","floor":55,"turns":3}],"seed_played":"-382095715553843702","potions_obtained":[{"floor":1,"key":"Regen Potion"},{"floor":10,"key":"Dexterity Potion"},{"floor":11,"key":"Regen Potion"},{"floor":12,"key":"Weak Potion"},{"floor":14,"key":"Energy Potion"},{"floor":22,"key":"Swift Potion"},{"floor":24,"key":"Regen Potion"},{"floor":29,"key":"Ancient Potion"},{"floor":33,"key":"FairyPotion"},{"floor":36,"key":"SteroidPotion"}],"is_trial":false,"path_per_floor":["M","?","?","$","M","R","E","R","T","M","M","M","M","M","R","B",null,"M","M","?","?","?","R","M","R","T","?","T","M","$","?","R","B",null,"M","M","?","?","?","E","$","M","T","M","?","$","R","?","R","B",null,"R","$","E","B"],"character_chosen":"IRONCLAD","items_purchased":["Fruit Juice","Flex","Secret Weapon","PowerPotion","PreservedInsect","Oddly Smooth Stone","Sling","Happy Flower","Whetstone","Evolve"],"campfire_rested":0,"item_purchase_floors":[46,46,46,46,46,46,46,53,53,53],"current_hp_per_floor":[80,80,80,80,80,80,80,80,80,80,80,80,75,76,76,26,80,80,80,80,80,80,80,73,73,73,73,73,79,79,70,70,14,80,80,80,70,60,66,56,56,54,61,67,67,72,72,72,72,28,92,92,92,47,0],"gold":66,"neow_bonus":"THREE_ENEMY_KILL","is_prod":false,"is_daily":false,"chose_seed":false,"campfire_upgraded":8,"win_rate":0,"timestamp":1553253986,"path_taken":["M","?","?","$","M","R","E","R","T","M","M","M","M","?","R","BOSS","M","M","?","?","?","R","M","R","T","?","?","?","?","?","R","BOSS","M","M","?","?","?","E","?","?","T","M","?","$","R","?","R","BOSS","R","$","E","BOSS"],"build_version":"2019-01-23","purchased_purges":1,"victory":false,"max_hp_per_floor":[80,80,80,80,80,80,80,80,80,80,80,80,80,80,80,80,80,80,80,80,80,80,80,80,80,80,80,80,80,80,80,80,80,80,80,80,80,80,80,80,80,80,87,87,87,92,92,92,92,92,92,92,92,92,92],"card_choices":[{"not_picked":["Seeing Red","Inflame"],"picked":"Perfected Strike","floor":1},{"not_picked":["Corruption","Shrug It Off"],"picked":"Wild Strike","floor":5},{"not_picked":["Body Slam","Shrug It Off"],"picked":"Armaments","floor":7},{"not_picked":["Warcry","Feel No Pain"],"picked":"Flex","floor":10},{"not_picked":["Clash","Fiend Fire"],"picked":"Sever Soul","floor":11},{"not_picked":["Searing Blow","Armaments","Feel No Pain"],"picked":"SKIP","floor":12},{"not_picked":["Heavy Blade","Sword Boomerang","Fiend Fire"],"picked":"SKIP","floor":13},{"not_picked":["Pommel Strike","Armaments"],"picked":"Clash","floor":14},{"not_picked":["Dark Embrace","Exhume"],"picked":"Impervious","floor":16},{"not_picked":["Pommel Strike","Bloodletting"],"picked":"Perfected Strike","floor":18},{"not_picked":["Body Slam","Uppercut+1"],"picked":"Wild Strike+1","floor":19},{"not_picked":["Body Slam","Iron Wave"],"picked":"Flex","floor":22},{"not_picked":["Iron Wave","Warcry","Clothesline+1"],"picked":"Twin Strike","floor":24},{"not_picked":["Entrench+1","Thunderclap","Fire Breathing"],"picked":"Clash","floor":29},{"not_picked":["Iron Wave","Thunderclap","Entrench"],"picked":"Twin Strike","floor":31},{"not_picked":["Exhume","Impervious","Juggernaut"],"picked":"Immolate","floor":33},{"not_picked":["Havoc","Dropkick","Flex"],"picked":"True Grit+1","floor":35},{"not_picked":["Sword Boomerang","Headbutt+1","Wild Strike+1"],"picked":"Dual Wield","floor":36},{"not_picked":["Finesse","Forethought","Impatience"],"picked":"Enlightenment","floor":37},{"not_picked":["Magnetism","Discovery","Dark Shackles"],"picked":"Panacea","floor":37},{"not_picked":["Trip","Blind","Secret Weapon"],"picked":"Madness","floor":37},{"not_picked":["Uppercut","Inflame","Reckless Charge"],"picked":"Twin Strike+1","floor":39},{"not_picked":["Clothesline+1","Sentinel","Shrug It Off+1"],"picked":"Pommel Strike","floor":40},{"not_picked":["Dark Embrace","Thunderclap+1","Anger+1"],"picked":"Perfected Strike+1","floor":42},{"not_picked":["Cleave+1","Perfected Strike","Havoc"],"picked":"Power Through+1","floor":44},{"not_picked":["Rampage","Immolate","Fire Breathing"],"picked":"True Grit+1","floor":54}],"player_experience":354785,"relics_obtained":[{"floor":7,"key":"Orichalcum"},{"floor":9,"key":"Boot"},{"floor":22,"key":"Incense Burner"},{"floor":22,"key":"Question Card"},{"floor":28,"key":"MawBank"},{"floor":31,"key":"Red Mask"},{"floor":39,"key":"FossilizedHelix"},{"floor":40,"key":"Red Skull"},{"floor":43,"key":"Strawberry"},{"floor":54,"key":"Lantern"}],"event_choices":[{"cards_removed":["Defend_R"],"damage_healed":0,"gold_gain":0,"player_choice":"Card Removal","damage_taken":0,"max_hp_gain":0,"max_hp_loss":0,"event_name":"The Cleric","floor":2,"gold_loss":50},{"cards_removed":["Defend_R"],"damage_healed":0,"gold_gain":0,"player_choice":"Purged","damage_taken":0,"max_hp_gain":0,"max_hp_loss":0,"event_name":"Purifier","floor":3,"gold_loss":0},{"damage_healed":0,"gold_gain":0,"cards_transformed":["Defend_R","Defend_R"],"player_choice":"Became Test Subject","damage_taken":0,"max_hp_gain":0,"max_hp_loss":0,"event_name":"Drug Dealer","floor":20,"gold_loss":0,"cards_obtained":["Pommel Strike","Pommel Strike"]},{"cards_removed":["Wild Strike"],"damage_healed":0,"gold_gain":0,"player_choice":"Gave Gold","damage_taken":0,"max_hp_gain":0,"max_hp_loss":0,"event_name":"Beggar","floor":21,"gold_loss":75},{"damage_healed":0,"gold_gain":0,"player_choice":"Fight","damage_taken":0,"max_hp_gain":0,"max_hp_loss":0,"event_name":"Colosseum","floor":22,"gold_loss":0},{"damage_healed":0,"gold_gain":0,"player_choice":"Fought Nobs","damage_taken":0,"max_hp_gain":0,"max_hp_loss":0,"event_name":"Colosseum","floor":22,"gold_loss":0},{"damage_healed":0,"gold_gain":99,"player_choice":"Stole From Cult","damage_taken":0,"max_hp_gain":0,"max_hp_loss":0,"event_name":"Nest","floor":27,"gold_loss":0},{"damage_healed":0,"gold_gain":0,"player_choice":"Fought Bandits","damage_taken":0,"max_hp_gain":0,"max_hp_loss":0,"event_name":"Masked Bandits","floor":31,"gold_loss":0},{"damage_healed":0,"gold_gain":0,"player_choice":"Memory 3","damage_taken":10,"max_hp_gain":0,"max_hp_loss":0,"event_name":"SensoryStone","floor":37,"gold_loss":0},{"damage_healed":0,"gold_gain":0,"player_choice":"Embrace Madness","damage_taken":10,"max_hp_gain":0,"max_hp_loss":0,"event_name":"Winding Halls","floor":38,"gold_loss":0,"cards_obtained":["Madness","Madness"]},{"damage_healed":0,"gold_gain":0,"player_choice":"Fight","damage_taken":0,"max_hp_gain":0,"max_hp_loss":0,"event_name":"MindBloom","floor":39,"gold_loss":0},{"damage_healed":0,"gold_gain":222,"player_choice":"Wore Mask","damage_taken":0,"max_hp_gain":0,"max_hp_loss":0,"event_name":"Tomb of Lord Red Mask","floor":45,"gold_loss":0},{"damage_healed":0,"gold_gain":0,"player_choice":"Ignored","damage_taken":0,"max_hp_gain":0,"max_hp_loss":0,"event_name":"Mysterious Sphere","floor":48,"gold_loss":0}],"is_beta":false,"boss_relics":[{"not_picked":["Cursed Key","Pandora\u0027s Box"],"picked":"Coffee Dripper"},{"not_picked":["Eternal Feather","Runic Pyramid"],"picked":"Snecko Eye"}],"items_purged_floors":[46],"is_endless":false,"potions_floor_spawned":[1,10,11,12,14,22,22,24,29,33,36,42],"killed_by":"The Heart","ascension_level":0}