{"gold_per_floor":[112],"floor_reached":1,"playtime":76,"items_purged":[],"score":157,"play_id":"f8f82f4b-401d-45b8-805b-ec92ba146a82","local_time":"20180806110240","daily_mods":["Draft","Heirloom","Time Dilation","Vintage","Hoarder"],"is_ascension_mode":false,"campfire_choices":[],"neow_cost":"","seed_source_timestamp":0,"circlet_count":0,"master_deck":["Heavy Blade","Heavy Blade","Heavy Blade","Cleave","Cleave","Cleave","Burning Pact","Burning Pact","Burning Pact","Anger","Anger","Anger","Twin Strike","Twin Strike","Twin Strike","Pommel Strike","Pommel Strike","Pommel Strike","Twin Strike","Twin Strike","Twin Strike","Flex","Flex","Flex","Twin Strike","Twin Strike","Twin Strike","Shrug It Off","Shrug It Off","Shrug It Off","Clash","Clash","Clash","Burning Pact","Burning Pact","Burning Pact","Thunderclap","Thunderclap","Thunderclap","Carnage","Carnage","Carnage","Flex","Flex","Flex"],"relics":["Burning Blood","Thread and Needle","StoneCalendar"],"potions_floor_usage":[],"damage_taken":[{"damage":6,"enemies":"Jaw Worm","floor":1,"turns":2}],"seed_played":"-8609639081695003070","potions_obtained":[],"is_trial":true,"path_per_floor":[],"character_chosen":"IRONCLAD","items_purchased":[],"campfire_rested":0,"item_purchase_floors":[],"current_hp_per_floor":[80],"gold":112,"neow_bonus":"","is_prod":false,"is_daily":false,"chose_seed":false,"campfire_upgraded":0,"win_rate":0,"timestamp":1533520960,"path_taken":["M"],"build_version":"2018-08-02","purchased_purges":0,"victory":false,"max_hp_per_floor":[80],"card_choices":[{"not_picked":["Combust","Pommel Strike"],"picked":"Heavy Blade","floor":0},{"not_picked":["Bloodletting","Armaments"],"picked":"Cleave","floor":0},{"not_picked":["True Grit","Entrench"],"picked":"Burning Pact","floor":0},{"not_picked":["Iron Wave","Infernal Blade"],"picked":"Anger","floor":0},{"not_picked":["Metallicize","Cleave"],"picked":"Twin Strike","floor":0},{"not_picked":["Shrug It Off","Shockwave"],"picked":"Pommel Strike","floor":0},{"not_picked":["Heavy Blade","Searing Blow"],"picked":"Twin Strike","floor":0},{"not_picked":["Heavy Blade","Cleave"],"picked":"Flex","floor":0},{"not_picked":["Heavy Blade","Metallicize"],"picked":"Twin Strike","floor":0},{"not_picked":["Carnage","Cleave"],"picked":"Shrug It Off","floor":0},{"not_picked":["True Grit","Shrug It Off"],"picked":"Clash","floor":0},{"not_picked":["True Grit","Body Slam"],"picked":"Burning Pact","floor":0},{"not_picked":["Heavy Blade","Warcry"],"picked":"Thunderclap","floor":0},{"not_picked":["Shockwave","Entrench"],"picked":"Carnage","floor":0},{"not_picked":["Iron Wave","Fire Breathing"],"picked":"Flex","floor":0}],"player_experience":257069,"relics_obtained":[{"floor":1,"key":"StoneCalendar"}],"event_choices":[],"is_beta":false,"boss_relics":[],"items_purged_floors":[],"is_endless":true,"potions_floor_spawned":[],"killed_by":"Jaw Worm","ascension_level":0}