{"gold_per_floor":[117,117,117,132,6,6,39,57,57,72,95,113,152,175,175,266,266,289,89,89],"floor_reached":20,"playtime":1195,"items_purged":["Strike_R","Strike_R"],"score":307,"play_id":"767b82e4-54e1-4bfd-9d9d-a444c7165bd4","local_time":"20190529011713","is_ascension_mode":true,"campfire_choices":[{"data":"Anger","floor":6,"key":"SMITH"},{"floor":15,"key":"REST"}],"neow_cost":"TEN_PERCENT_HP_LOSS","seed_source_timestamp":715473578542687,"circlet_count":0,"master_deck":["AscendersBane","Strike_R","Defend_R","Defend_R","Defend_R","Defend_R","Bash","Clothesline","Anger+1","Thunderclap","Demon Form","Armaments","Sword Boomerang","Feed","Pommel Strike","Barricade","True Grit"],"relics":["Burning Blood","Golden Idol","Calipers","Singing Bowl","PreservedInsect","Philosopher\u0027s Stone"],"potions_floor_usage":[16,20],"damage_taken":[{"damage":0,"enemies":"2 Louse","floor":1,"turns":5},{"damage":5,"enemies":"Cultist","floor":4,"turns":5},{"damage":37,"enemies":"3 Sentries","floor":7,"turns":9},{"damage":2,"enemies":"Jaw Worm","floor":8,"turns":3},{"damage":6,"enemies":"Looter","floor":10,"turns":3},{"damage":5,"enemies":"2 Fungi Beasts","floor":11,"turns":4},{"damage":4,"enemies":"3 Louse","floor":12,"turns":3},{"damage":10,"enemies":"Lagavulin","floor":13,"turns":5},{"damage":12,"enemies":"Exordium Wildlife","floor":14,"turns":4},{"damage":48,"enemies":"The Guardian","floor":16,"turns":13},{"damage":45,"enemies":"2 Thieves","floor":18,"turns":5},{"damage":38,"enemies":"3 Byrds","floor":20,"turns":2}],"seed_played":"-2467152017708805560","potions_obtained":[{"floor":7,"key":"Swift Potion"},{"floor":11,"key":"SpeedPotion"}],"is_trial":false,"path_per_floor":["M","?","?","M","$","R","E","M","T","M","M","M","E","M","R","B",null,"M","$","M"],"character_chosen":"IRONCLAD","items_purchased":["Thunderclap","True Grit","PowerPotion"],"campfire_rested":1,"item_purchase_floors":[5,19,19],"current_hp_per_floor":[72,54,54,55,55,55,24,28,28,30,33,35,31,28,51,9,62,28,28,0],"gold":89,"neow_bonus":"REMOVE_TWO","is_prod":false,"is_daily":false,"chose_seed":false,"campfire_upgraded":1,"win_rate":0,"timestamp":1559107033,"path_taken":["M","?","?","M","$","R","E","M","T","M","M","?","E","M","R","BOSS","M","$","M"],"build_version":"2019-01-23","purchased_purges":2,"victory":false,"max_hp_per_floor":[72,72,72,72,72,72,72,72,72,74,76,76,76,79,79,79,79,84,84,84],"card_choices":[{"not_picked":["True Grit","Sentinel"],"picked":"Clothesline","floor":1},{"not_picked":["Armaments","Burning Pact"],"picked":"Anger","floor":4},{"not_picked":["Heavy Blade","Headbutt"],"picked":"Demon Form","floor":7},{"not_picked":["Perfected Strike","Iron Wave"],"picked":"Armaments","floor":8},{"not_picked":["Warcry","Reckless Charge","Clothesline"],"picked":"Singing Bowl","floor":10},{"not_picked":["Thunderclap","Infernal Blade","Rupture"],"picked":"Singing Bowl","floor":11},{"not_picked":["Heavy Blade","Headbutt"],"picked":"Sword Boomerang","floor":12},{"not_picked":["Flex","Wild Strike"],"picked":"Feed","floor":13},{"not_picked":["Armaments","Rupture"],"picked":"Pommel Strike","floor":14},{"not_picked":["Juggernaut","Dark Embrace"],"picked":"Barricade","floor":16},{"not_picked":["Warcry","Infernal Blade","Feel No Pain"],"picked":"Singing Bowl","floor":18}],"player_experience":427040,"relics_obtained":[{"floor":7,"key":"Calipers"},{"floor":9,"key":"Singing Bowl"},{"floor":13,"key":"PreservedInsect"}],"event_choices":[{"damage_healed":0,"gold_gain":0,"player_choice":"Take Damage","damage_taken":18,"relics_obtained":["Golden Idol"],"max_hp_gain":0,"max_hp_loss":0,"event_name":"Golden Idol","floor":2,"gold_loss":0},{"damage_healed":0,"gold_gain":0,"player_choice":"0 cards matched","damage_taken":0,"max_hp_gain":0,"max_hp_loss":0,"event_name":"Match and Keep!","floor":3,"gold_loss":0,"cards_obtained":[]}],"is_beta":false,"boss_relics":[{"not_picked":["Cursed Key","Black Blood"],"picked":"Philosopher\u0027s Stone"}],"items_purged_floors":[5,19],"is_endless":false,"potions_floor_spawned":[7,11,13],"killed_by":"3 Byrds","ascension_level":13}