{"gold_per_floor":[109,109,132,159,171,216,228,271,310,354,366,394,418,445,457,469],"floor_reached":16,"playtime":400,"items_purged":[],"score":283,"play_id":"44956b17-4271-4099-a6b8-0b1e128864f9","local_time":"20190424111430","is_ascension_mode":true,"campfire_choices":[{"data":"Havoc","floor":7.0,"key":"SMITH"},{"data":"Bash","floor":11.0,"key":"SMITH"},{"data":"Havoc","floor":15.0,"key":"SMITH"}],"neow_cost":"NONE","seed_source_timestamp":0,"circlet_count":0,"master_deck":["AscendersBane","Strike_R+1","Strike_R+1","Strike_R","Strike_R","Strike_R","Defend_R","Defend_R","Defend_R","Defend_R","Bash+1","Pommel Strike","Havoc+1","Havoc+1","Power Through","Shrug It Off","Twin Strike","Shrug It Off","Whirlwind","True Grit","True Grit"],"special_seed":0,"relics":["Burning Blood","NeowsBlessing","MawBank","The Courier","Bottled Lightning","Bag of Preparation","Ancient Tea Set"],"potions_floor_usage":[16],"damage_taken":[{"damage":0.0,"enemies":"Small Slimes","floor":1.0,"turns":1.0},{"damage":0.0,"enemies":"Jaw Worm","floor":4.0,"turns":1.0},{"damage":0.0,"enemies":"Gremlin Nob","floor":6.0,"turns":1.0},{"damage":35.0,"enemies":"Lagavulin","floor":8.0,"turns":10.0},{"damage":31.0,"enemies":"Gremlin Nob","floor":10.0,"turns":4.0},{"damage":0.0,"enemies":"2 Louse","floor":12.0,"turns":1.0},{"damage":1.0,"enemies":"Red Slaver","floor":13.0,"turns":3.0},{"damage":0.0,"enemies":"2 Fungi Beasts","floor":14.0,"turns":4.0},{"damage":16,"enemies":"Hexaghost","floor":16,"turns":7}],"seed_played":"-4337377498779171522","potions_obtained":[{"floor":4.0,"key":"Dexterity Potion"},{"floor":6.0,"key":"Fire Potion"},{"floor":8.0,"key":"SpeedPotion"},{"floor":10.0,"key":"Strength Potion"}],"is_trial":false,"path_per_floor":["M","?","T","M","?","E","R","E","T","E","R","M","M","M","R","B"],"character_chosen":"IRONCLAD","items_purchased":[],"campfire_rested":0,"item_purchase_floors":[],"current_hp_per_floor":[74,51,51,57,57,63,63,34,34,9,9,15,20,26,26,10],"gold":469,"neow_bonus":"THREE_ENEMY_KILL","is_prod":false,"is_daily":false,"chose_seed":false,"campfire_upgraded":3,"win_rate":0,"timestamp":1556079270,"path_taken":["M","?","?","M","?","E","R","E","T","E","R","?","M","M","R","BOSS"],"build_version":"2019-01-23","purchased_purges":0,"victory":false,"max_hp_per_floor":[75,75,75,75,75,75,75,75,75,75,75,75,75,75,75,75],"card_choices":[{"not_picked":["Pummel","Bloodletting"],"picked":"Pommel Strike","floor":1.0},{"not_picked":["Wild Strike","Twin Strike"],"picked":"Havoc","floor":4.0},{"not_picked":["Dual Wield","Corruption"],"picked":"Shrug It Off","floor":6.0},{"not_picked":["Fire Breathing","Thunderclap"],"picked":"Twin Strike","floor":8.0},{"not_picked":["Flex","Brutality"],"picked":"Shrug It Off","floor":10.0},{"not_picked":["Warcry","Second Wind"],"picked":"Whirlwind","floor":12.0},{"not_picked":["Twin Strike","Evolve"],"picked":"True Grit","floor":13.0},{"not_picked":["Bloodletting","Clash"],"picked":"True Grit","floor":14.0}],"player_experience":432045,"relics_obtained":[{"floor":3.0,"key":"MawBank"},{"floor":6.0,"key":"The Courier"},{"floor":8.0,"key":"Bottled Lightning"},{"floor":9.0,"key":"Bag of Preparation"},{"floor":10.0,"key":"Ancient Tea Set"}],"event_choices":[{"damage_healed":0.0,"max_hp_gain":0.0,"max_hp_loss":0.0,"gold_gain":0.0,"event_name":"Shining Light","player_choice":"Entered Light","floor":2.0,"gold_loss":0.0,"damage_taken":23.0,"cards_upgraded":["Strike_R","Strike_R"]},{"damage_healed":0.0,"max_hp_gain":0.0,"max_hp_loss":0.0,"gold_gain":0.0,"event_name":"Match and Keep!","player_choice":"2 cards matched","floor":5.0,"gold_loss":0.0,"damage_taken":0.0,"cards_obtained":["Havoc","Power Through"]}],"is_beta":false,"boss_relics":[],"items_purged_floors":[],"is_endless":false,"potions_floor_spawned":[4,6,8,10],"killed_by":"Hexaghost","ascension_level":19}