{"gold_per_floor":[116,116,116,127,141,151,151,179,179,34,60,78,88,120,120,217,217,236,236,252,252,265,291,291,319,319,332,232,412,412,431,431,535,535,548,548,55,71,86,86,112,112,162,182,0,0,34,57,69,81,93,105,117,161,173],"floor_reached":56,"playtime":1560,"items_purged":["Strike_R","Strike_R","Strike_R"],"score":1418,"play_id":"faec54eb-ea12-41d6-9aee-2a4ca74def57","local_time":"20190508164248","is_ascension_mode":true,"campfire_choices":[{"data":"Whirlwind","floor":7.0,"key":"SMITH"},{"data":"Bash","floor":15.0,"key":"SMITH"},{"floor":24.0,"key":"RECALL"},{"floor":30.0,"key":"REST"},{"floor":32.0,"key":"REST"},{"floor":40.0,"key":"REST"},{"floor":46.0,"key":"REST"},{"floor":49.0,"key":"REST"},{"floor":52,"key":"REST"}],"neow_cost":"NONE","seed_source_timestamp":65551529526394,"circlet_count":0,"master_deck":["Defend_R","Defend_R","Defend_R","Defend_R","Bash+1","Clothesline+1","Whirlwind+1","Sword Boomerang+1","Iron Wave","True Grit+1","Havoc+1","Spot Weakness+1","Pommel Strike+1","Exhume+1","Disarm+1","Spot Weakness+1","Pommel Strike+1","Evolve","Battle Trance+1","Heavy Blade+1","Flame Barrier+1","Shrug It Off+1","Battle Trance+1","Limit Break+1","Corruption","Shrug It Off+1","Spot Weakness+1","Secret Technique+1","Panache","Shockwave+1","Reaper+1"],"special_seed":0,"relics":["Burning Blood","Art of War","Singing Bowl","Toxic Egg 2","Molten Egg 2","Bag of Preparation","Fusion Hammer","Meat on the Bone","Bag of Marbles","Torii","Philosopher\u0027s Stone","Letter Opener","MawBank","Whetstone"],"potions_floor_usage":[55,55,55],"damage_taken":[{"damage":0.0,"enemies":"Small Slimes","floor":1.0,"turns":3.0},{"damage":2.0,"enemies":"2 Louse","floor":4.0,"turns":3.0},{"damage":6.0,"enemies":"Jaw Worm","floor":5.0,"turns":4.0},{"damage":9.0,"enemies":"Red Slaver","floor":6.0,"turns":4.0},{"damage":22.0,"enemies":"3 Sentries","floor":8.0,"turns":5.0},{"damage":11.0,"enemies":"Gremlin Nob","floor":11.0,"turns":4.0},{"damage":5.0,"enemies":"Looter","floor":12.0,"turns":2.0},{"damage":8.0,"enemies":"Exordium Thugs","floor":13.0,"turns":3.0},{"damage":11.0,"enemies":"Lagavulin","floor":14.0,"turns":5.0},{"damage":21.0,"enemies":"Hexaghost","floor":16.0,"turns":7.0},{"damage":0.0,"enemies":"3 Byrds","floor":18.0,"turns":3.0},{"damage":11.0,"enemies":"Spheric Guardian","floor":20.0,"turns":4.0},{"damage":12.0,"enemies":"3 Cultists","floor":22.0,"turns":4.0},{"damage":26.0,"enemies":"Book of Stabbing","floor":23.0,"turns":4.0},{"damage":32.0,"enemies":"Slavers","floor":25.0,"turns":3.0},{"damage":11.0,"enemies":"Snake Plant","floor":27.0,"turns":3.0},{"damage":0.0,"enemies":"Centurion and Healer","floor":31.0,"turns":5.0},{"damage":23.0,"enemies":"Collector","floor":33.0,"turns":6.0},{"damage":0.0,"enemies":"3 Darklings","floor":35.0,"turns":2.0},{"damage":0.0,"enemies":"3 Shapes","floor":38.0,"turns":2.0},{"damage":0.0,"enemies":"3 Darklings","floor":39.0,"turns":2.0},{"damage":0.0,"enemies":"Giant Head","floor":41.0,"turns":5.0},{"damage":0.0,"enemies":"Maw","floor":44.0,"turns":3.0},{"damage":34.0,"enemies":"Nemesis","floor":47.0,"turns":3.0},{"damage":24.0,"enemies":"Spire Growth","floor":48.0,"turns":3.0},{"damage":8,"enemies":"Donu and Deca","floor":50,"turns":4},{"damage":0,"enemies":"Shield and Spear","floor":54,"turns":2},{"damage":70,"enemies":"The Heart","floor":55,"turns":9}],"seed_played":"-6624414244091462995","potions_obtained":[{"floor":1.0,"key":"Dexterity Potion"},{"floor":8.0,"key":"PowerPotion"},{"floor":11.0,"key":"Energy Potion"},{"floor":13.0,"key":"Dexterity Potion"},{"floor":22.0,"key":"PowerPotion"},{"floor":33.0,"key":"Dexterity Potion"}],"is_trial":false,"path_per_floor":["M","?","?","M","M","M","R","E","T","$","E","M","M","E","R","B",null,"M","?","M","?","M","E","R","E","T","M","$","?","R","M","R","B",null,"M","?","$","M","M","R","E","?","T","M","$","R","E","M","R","B",null,"R","$","E","B",null],"character_chosen":"IRONCLAD","items_purchased":["True Grit+1","Havoc+1","Corruption","Shrug It Off+1","Spot Weakness+1","Secret Technique+1","Panache"],"campfire_rested":6,"item_purchase_floors":[10,10,37,37,37,37,45],"current_hp_per_floor":[80,73,78,82,82,79,79,65,65,65,60,61,61,58,58,43,91,91,91,86,86,80,60,60,46,46,53,53,26,53,59,86,69,91,93,93,93,95,97,97,99,99,99,101,101,101,73,67,97,95,101,101,101,103,64],"gold":185,"neow_bonus":"RANDOM_COMMON_RELIC","is_prod":false,"is_daily":false,"chose_seed":false,"campfire_upgraded":2,"win_rate":0,"timestamp":1557308568,"path_taken":["M","?","?","M","M","M","R","E","T","$","E","M","M","E","R","BOSS","M","?","?","?","M","E","R","E","T","?","$","?","R","?","R","BOSS","M","?","$","M","M","R","E","?","T","?","$","R","E","M","R","BOSS","R","$","E","BOSS"],"build_version":"2019-01-23","purchased_purges":3,"victory":true,"max_hp_per_floor":[80,80,85,85,85,85,85,87,87,87,87,87,89,91,91,91,91,91,91,91,91,91,91,91,91,91,91,91,91,91,91,91,91,91,93,93,93,95,97,97,99,99,99,101,101,101,101,101,101,101,101,101,101,103,103],"card_choices":[{"not_picked":["Sever Soul","Clash"],"picked":"Clothesline","floor":1.0},{"not_picked":["Metallicize","Wild Strike"],"picked":"Whirlwind","floor":4.0},{"not_picked":["Flex","Wild Strike"],"picked":"Sword Boomerang","floor":5.0},{"not_picked":["Seeing Red","Perfected Strike"],"picked":"Iron Wave","floor":6.0},{"not_picked":["Bludgeon","Thunderclap","Wild Strike"],"picked":"Singing Bowl","floor":8.0},{"not_picked":["Body Slam","Wild Strike"],"picked":"Spot Weakness+1","floor":11.0},{"not_picked":["Flex+1","Wild Strike+1"],"picked":"Pommel Strike+1","floor":12.0},{"not_picked":["Second Wind+1","Wild Strike+1","Pummel+1"],"picked":"Singing Bowl","floor":13.0},{"not_picked":["Bloodletting+1","Anger+1","Flex+1"],"picked":"Singing Bowl","floor":14.0},{"not_picked":["Juggernaut","Brutality"],"picked":"Exhume+1","floor":16.0},{"not_picked":["Wild Strike+1","Sword Boomerang+1"],"picked":"Disarm+1","floor":18.0},{"not_picked":["Iron Wave+1","Anger+1"],"picked":"Pommel Strike+1","floor":20.0},{"not_picked":["Evolve","Disarm+1"],"picked":"Battle Trance+1","floor":22.0},{"not_picked":["Evolve+1","Shrug It Off+1"],"picked":"Heavy Blade+1","floor":23.0},{"not_picked":["Entrench+1","Perfected Strike+1"],"picked":"Flame Barrier+1","floor":25.0},{"not_picked":["Perfected Strike+1","Body Slam+1"],"picked":"Shrug It Off+1","floor":27.0},{"not_picked":["Cleave+1","Thunderclap+1"],"picked":"Battle Trance+1","floor":31.0},{"not_picked":["Impervious+1","Feed+1"],"picked":"Limit Break+1","floor":33.0},{"not_picked":["Burning Pact+1","Cleave+1","Heavy Blade+1"],"picked":"Singing Bowl","floor":35.0},{"not_picked":["Pommel Strike+1","Sentinel+1","Reckless Charge+1"],"picked":"Singing Bowl","floor":38.0},{"not_picked":["Cleave+1","Thunderclap+1","Rampage+1"],"picked":"Singing Bowl","floor":39.0},{"not_picked":["Warcry+1","Cleave+1","Anger+1"],"picked":"Singing Bowl","floor":41.0},{"not_picked":["Pommel Strike+1","Disarm+1","Headbutt+1"],"picked":"Singing Bowl","floor":44.0},{"not_picked":["Havoc+1","Flame Barrier+1"],"picked":"Shockwave+1","floor":47.0},{"not_picked":["Clothesline+1","Inflame"],"picked":"Reaper+1","floor":48.0},{"not_picked":["Searing Blow+1","Pummel+1","Heavy Blade+1"],"picked":"Singing Bowl","floor":54}],"player_experience":471274,"relics_obtained":[{"floor":8.0,"key":"Singing Bowl"},{"floor":9.0,"key":"Toxic Egg 2"},{"floor":11.0,"key":"Molten Egg 2"},{"floor":14.0,"key":"Bag of Preparation"},{"floor":23.0,"key":"Meat on the Bone"},{"floor":25.0,"key":"Bag of Marbles"},{"floor":26.0,"key":"Torii"},{"floor":41.0,"key":"Letter Opener"},{"floor":47.0,"key":"MawBank"},{"floor":54,"key":"Whetstone"}],"event_choices":[{"cards_removed":["Strike_R"],"damage_healed":0.0,"max_hp_gain":0.0,"max_hp_loss":0.0,"gold_gain":0.0,"event_name":"Golden Wing","player_choice":"Card Removal","floor":2.0,"gold_loss":0.0,"damage_taken":7.0},{"damage_healed":0.0,"max_hp_gain":5.0,"max_hp_loss":0.0,"gold_gain":0.0,"event_name":"Big Fish","player_choice":"Donut","floor":3.0,"gold_loss":0.0,"damage_taken":0.0},{"damage_healed":0.0,"max_hp_gain":0.0,"max_hp_loss":0.0,"gold_gain":0.0,"event_name":"Duplicator","player_choice":"Copied","floor":19.0,"gold_loss":0.0,"damage_taken":0.0,"cards_obtained":["Spot Weakness"]},{"damage_healed":0.0,"max_hp_gain":0.0,"max_hp_loss":0.0,"gold_gain":0.0,"cards_transformed":["Strike_R"],"event_name":"Transmorgrifier","player_choice":"Transformed","floor":21.0,"gold_loss":0.0,"damage_taken":0.0,"cards_obtained":["Evolve"]},{"damage_healed":0.0,"max_hp_gain":0.0,"max_hp_loss":0.0,"gold_gain":180.0,"event_name":"Knowing Skull","player_choice":"GOLD GOLD ","floor":29.0,"potions_obtained":[],"gold_loss":0.0,"damage_taken":27.0,"cards_obtained":[]},{"damage_healed":0.0,"max_hp_gain":0.0,"max_hp_loss":0.0,"gold_gain":0.0,"event_name":"Tomb of Lord Red Mask","player_choice":"Ignored","floor":36.0,"gold_loss":0.0,"damage_taken":0.0},{"damage_healed":0.0,"max_hp_gain":0.0,"max_hp_loss":0.0,"gold_gain":0.0,"event_name":"Match and Keep!","player_choice":"0 cards matched","floor":42.0,"gold_loss":0.0,"damage_taken":0.0,"cards_obtained":[]}],"is_beta":false,"boss_relics":[{"not_picked":["Calling Bell","Snecko Eye"],"picked":"Fusion Hammer"},{"not_picked":["Busted Crown","Coffee Dripper"],"picked":"Philosopher\u0027s Stone"}],"items_purged_floors":[10,28,37],"is_endless":false,"potions_floor_spawned":[1,8,11,12,13,22,23,27,33,35,44,48],"ascension_level":1}