{"gold_per_floor":[117,117,117,134,147,147,173,173,200,228,228,258,277,289,289,361,361,376,376,376,387,387,387,399,432,456,456,476,501,514,528,528,605,605,615,629,0,16,27,27,62,62,62,62,74,108,127,162,162,162,162,162,162,56,91,91],"floor_reached":56,"playtime":2863,"items_purged":["Strike_R+1"],"score":2973,"play_id":"1ef0b2e6-a6d1-433e-b5a2-c0d1b2f74104","local_time":"20190603014041","is_ascension_mode":true,"campfire_choices":[{"data":"Inflame","floor":6.0,"key":"SMITH"},{"data":"Bash","floor":8.0,"key":"SMITH"},{"floor":11.0,"key":"REST"},{"data":"Uppercut","floor":15.0,"key":"SMITH"},{"data":"Double Tap","floor":23.0,"key":"SMITH"},{"data":"Body Slam","floor":27.0,"key":"SMITH"},{"data":"Offering","floor":32.0,"key":"SMITH"},{"floor":40.0,"key":"RECALL"},{"data":"Battle Trance","floor":42.0,"key":"SMITH"},{"data":"Battle Trance","floor":49.0,"key":"SMITH"},{"data":"Warcry","floor":53.0,"key":"SMITH"}],"neow_cost":"NONE","seed_source_timestamp":216851456830890,"circlet_count":0,"master_deck":["AscendersBane","Strike_R+1","Strike_R+1","Strike_R+1","Strike_R+1","Defend_R+1","Defend_R+1","Defend_R+1","Defend_R+1","Bash+1","Clothesline+1","Battle Trance+1","Inflame+1","Offering+1","Exhume","True Grit","Warcry","Uppercut+1","Double Tap+1","Shockwave","Havoc+1","Ghostly","Ghostly","Ghostly","Body Slam+1","Headbutt","Uppercut","Shrug It Off+1","Corruption","Impervious","Body Slam+1","Warcry+1","Battle Trance+1","Shrug It Off","True Grit","Shrug It Off"],"special_seed":0,"relics":["Burning Blood","Bag of Preparation","Pen Nib","Whetstone","Orichalcum","Coffee Dripper","Kunai","Strawberry","Dead Branch","Mark of Pain","Red Mask","Smiling Mask","Incense Burner","Boot","Vajra"],"potions_floor_usage":[56],"damage_taken":[{"damage":10.0,"enemies":"2 Louse","floor":1.0,"turns":4.0},{"damage":12.0,"enemies":"Small Slimes","floor":4.0,"turns":3.0},{"damage":0.0,"enemies":"Jaw Worm","floor":5.0,"turns":5.0},{"damage":21.0,"enemies":"Lagavulin","floor":7.0,"turns":10.0},{"damage":6.0,"enemies":"Gremlin Nob","floor":10.0,"turns":3.0},{"damage":26.0,"enemies":"3 Sentries","floor":12.0,"turns":9.0},{"damage":6.0,"enemies":"2 Fungi Beasts","floor":13.0,"turns":1.0},{"damage":14.0,"enemies":"Exordium Wildlife","floor":14.0,"turns":4.0},{"damage":10.0,"enemies":"Hexaghost","floor":16.0,"turns":7.0},{"damage":6.0,"enemies":"Spheric Guardian","floor":18.0,"turns":3.0},{"damage":13.0,"enemies":"Colosseum Slavers","floor":19.0,"turns":3.0},{"damage":7.0,"enemies":"Shell Parasite","floor":21.0,"turns":4.0},{"damage":0.0,"enemies":"Sentry and Sphere","floor":24.0,"turns":6.0},{"damage":1.0,"enemies":"Slavers","floor":25.0,"turns":5.0},{"damage":6.0,"enemies":"Shelled Parasite and Fungi","floor":28.0,"turns":3.0},{"damage":13.0,"enemies":"Book of Stabbing","floor":29.0,"turns":5.0},{"damage":6.0,"enemies":"Centurion and Healer","floor":30.0,"turns":5.0},{"damage":12.0,"enemies":"Snake Plant","floor":31.0,"turns":2.0},{"damage":3.0,"enemies":"Champ","floor":33.0,"turns":5.0},{"damage":7.0,"enemies":"3 Darklings","floor":35.0,"turns":3.0},{"damage":0.0,"enemies":"3 Shapes","floor":36.0,"turns":2.0},{"damage":19.0,"enemies":"Writhing Mass","floor":38.0,"turns":2.0},{"damage":0.0,"enemies":"4 Shapes","floor":39.0,"turns":7.0},{"damage":6.0,"enemies":"Reptomancer","floor":41.0,"turns":5.0},{"damage":6.0,"enemies":"Jaw Worm Horde","floor":45.0,"turns":2.0},{"damage":0.0,"enemies":"Giant Head","floor":46.0,"turns":5.0},{"damage":4.0,"enemies":"Sphere and 2 Shapes","floor":47.0,"turns":4.0},{"damage":6.0,"enemies":"Reptomancer","floor":48.0,"turns":6.0},{"damage":9.0,"enemies":"Time Eater","floor":50.0,"turns":5.0},{"damage":11.0,"enemies":"Donu and Deca","floor":51.0,"turns":8.0},{"damage":6.0,"enemies":"Shield and Spear","floor":55.0,"turns":5.0}],"seed_played":"4328114927842711616","potions_obtained":[{"floor":0.0,"key":"LiquidBronze"},{"floor":0.0,"key":"EntropicBrew"},{"floor":16.0,"key":"FearPotion"},{"floor":18.0,"key":"SpeedPotion"},{"floor":25.0,"key":"SpeedPotion"},{"floor":36.0,"key":"Dexterity Potion"}],"is_trial":false,"path_per_floor":["M","?","?","M","M","R","E","R","T","E","R","E","M","M","R","B",null,"M","?","?","M","?","R","M","E","T","R","M","E","M","M","R","B",null,"M","M","?","M","M","R","E","R","T","?","M","E","M","E","R","B","B",null,"R","$","E","B"],"character_chosen":"IRONCLAD","items_purchased":["True Grit"],"campfire_rested":1,"item_purchase_floors":[54],"current_hp_per_floor":[64,64,41,35,41,41,26,26,26,26,48,28,28,20,20,16,60,60,53,53,52,37,37,37,37,44,44,44,37,37,31,31,34,42,41,44,44,31,37,37,37,37,37,37,37,42,42,42,42,39,34,40,40,40,40,0],"gold":91,"neow_bonus":"THREE_SMALL_POTIONS","is_prod":false,"is_daily":false,"chose_seed":false,"campfire_upgraded":9,"win_rate":0,"timestamp":1559500841,"path_taken":["M","?","?","M","M","R","E","R","T","E","R","E","M","M","R","BOSS","M","?","?","M","?","R","M","E","T","R","M","E","M","?","R","BOSS","M","M","?","M","M","R","E","R","T","?","M","E","M","E","R","BOSS","BOSS","R","$","E","BOSS"],"build_version":"2019-01-23","purchased_purges":1,"victory":false,"max_hp_per_floor":[75,75,75,75,75,75,75,75,75,75,75,75,75,75,75,75,75,75,75,75,75,37,37,37,37,44,44,44,44,44,44,44,44,44,44,44,44,44,44,44,44,44,44,42,42,42,42,42,42,42,42,42,42,42,42,42],"card_choices":[{"not_picked":["Body Slam","Hemokinesis"],"picked":"Clothesline","floor":1.0},{"not_picked":["Inflame","Twin Strike"],"picked":"Battle Trance","floor":4.0},{"not_picked":["Pommel Strike","Clothesline"],"picked":"Inflame","floor":5.0},{"not_picked":["Entrench","Dropkick"],"picked":"Offering","floor":7.0},{"not_picked":["Infernal Blade","Sever Soul"],"picked":"Exhume","floor":10.0},{"not_picked":["Cleave","Bloodletting"],"picked":"True Grit","floor":12.0},{"not_picked":["Rage","Carnage"],"picked":"Warcry","floor":13.0},{"not_picked":["Wild Strike","Metallicize"],"picked":"Uppercut","floor":14.0},{"not_picked":["Dark Embrace","Juggernaut"],"picked":"Double Tap","floor":16.0},{"not_picked":["Anger","Reckless Charge"],"picked":"Shockwave","floor":18.0},{"not_picked":["Feel No Pain","Headbutt"],"picked":"Havoc+1","floor":21.0},{"not_picked":["Anger","Clash"],"picked":"Body Slam","floor":24.0},{"not_picked":["Clash","Seeing Red","Anger"],"picked":"SKIP","floor":25.0},{"not_picked":["Warcry","Anger"],"picked":"Headbutt","floor":28.0},{"not_picked":["Twin Strike","Armaments"],"picked":"Uppercut","floor":29.0},{"not_picked":["Body Slam","Entrench"],"picked":"Shrug It Off+1","floor":30.0},{"not_picked":["Flex","Brutality"],"picked":"Corruption","floor":31.0},{"not_picked":["Double Tap","Bludgeon"],"picked":"Impervious","floor":33.0},{"not_picked":["Shrug It Off+1","True Grit+1"],"picked":"Body Slam+1","floor":35.0},{"not_picked":["Intimidate","Iron Wave+1","True Grit"],"picked":"SKIP","floor":36.0},{"not_picked":["Body Slam+1","Armaments"],"picked":"Warcry","floor":38.0},{"not_picked":["Pommel Strike","Exhume","Iron Wave+1"],"picked":"SKIP","floor":39.0},{"not_picked":["Thunderclap","Uppercut+1","True Grit"],"picked":"SKIP","floor":41.0},{"not_picked":["Flex","Perfected Strike+1"],"picked":"Battle Trance","floor":45.0},{"not_picked":["Limit Break","Armaments","Body Slam"],"picked":"SKIP","floor":46.0},{"not_picked":["Armaments","Sword Boomerang"],"picked":"Shrug It Off","floor":47.0},{"not_picked":["Flex","Dual Wield+1","Clothesline"],"picked":"SKIP","floor":48.0},{"not_picked":["Bloodletting+1","Clash"],"picked":"Shrug It Off","floor":55.0}],"player_experience":533505,"relics_obtained":[{"floor":7.0,"key":"Bag of Preparation"},{"floor":9.0,"key":"Pen Nib"},{"floor":10.0,"key":"Whetstone"},{"floor":12.0,"key":"Orichalcum"},{"floor":25.0,"key":"Kunai"},{"floor":26.0,"key":"Strawberry"},{"floor":29.0,"key":"Dead Branch"},{"floor":41.0,"key":"Smiling Mask"},{"floor":46.0,"key":"Incense Burner"},{"floor":48.0,"key":"Boot"},{"floor":55.0,"key":"Vajra"}],"event_choices":[{"damage_healed":0.0,"max_hp_gain":0.0,"max_hp_loss":0.0,"gold_gain":0.0,"event_name":"Liars Game","player_choice":"Ignored","floor":2.0,"gold_loss":0.0,"damage_taken":0.0},{"damage_healed":0.0,"max_hp_gain":0.0,"max_hp_loss":0.0,"gold_gain":0.0,"event_name":"Shining Light","player_choice":"Entered Light","floor":3.0,"gold_loss":0.0,"damage_taken":23.0,"cards_upgraded":["Clothesline","Defend_R"]},{"damage_healed":0.0,"max_hp_gain":0.0,"max_hp_loss":0.0,"gold_gain":0.0,"event_name":"Colosseum","player_choice":"Fight","floor":19.0,"gold_loss":0.0,"damage_taken":0.0},{"damage_healed":0.0,"max_hp_gain":0.0,"max_hp_loss":0.0,"gold_gain":0.0,"event_name":"Colosseum","player_choice":"Fled From Nobs","floor":19.0,"gold_loss":0.0,"damage_taken":0.0},{"damage_healed":0.0,"max_hp_gain":0.0,"max_hp_loss":0.0,"gold_gain":0.0,"event_name":"Back to Basics","player_choice":"Simplicity","floor":20.0,"gold_loss":0.0,"damage_taken":0.0,"cards_upgraded":["Strike_R","Strike_R","Strike_R","Defend_R","Defend_R","Defend_R"]},{"damage_healed":0.0,"max_hp_gain":0.0,"max_hp_loss":38.0,"gold_gain":0.0,"event_name":"Ghosts","player_choice":"Became a Ghost","floor":22.0,"gold_loss":0.0,"damage_taken":0.0,"cards_obtained":["Ghostly","Ghostly","Ghostly"]},{"damage_healed":0.0,"max_hp_gain":0.0,"max_hp_loss":0.0,"gold_gain":0.0,"event_name":"Tomb of Lord Red Mask","player_choice":"Paid","floor":37.0,"gold_loss":629.0,"damage_taken":0.0,"relics_obtained":["Red Mask"]},{"damage_healed":0.0,"max_hp_gain":0.0,"max_hp_loss":2.0,"gold_gain":0.0,"event_name":"Winding Halls","player_choice":"Max HP","floor":44.0,"gold_loss":0.0,"damage_taken":0.0}],"is_beta":false,"boss_relics":[{"not_picked":["Orrery","Eternal Feather"],"picked":"Coffee Dripper"},{"not_picked":["Calling Bell","Velvet Choker"],"picked":"Mark of Pain"}],"items_purged_floors":[54],"is_endless":false,"potions_floor_spawned":[4,5,7,16,18,21,25,31,33,35,36,39,41,47,55],"killed_by":"The Heart","ascension_level":20}