{"gold_per_floor":[112,131,144,155,155,180,180,196,196,210,210,227,22,34,34,132,132,149,74,84,97,12,12,38,53,76,76,103,103,103,103,103,103],"floor_reached":33,"playtime":1344,"items_purged":[],"score":289,"play_id":"3e7262f4-faf7-4da9-850e-c14ede17cf72","local_time":"20180716134350","is_ascension_mode":false,"campfire_choices":[{"data":"Zap","floor":7,"key":"SMITH"},{"data":"Dualcast","floor":11,"key":"SMITH"},{"data":"Streamline","floor":15,"key":"SMITH"},{"data":"Melter","floor":23,"key":"SMITH"},{"data":"Cold Snap","floor":27,"key":"SMITH"},{"data":"Defragment","floor":30,"key":"SMITH"},{"floor":32,"key":"REST"}],"neow_cost":"NONE","seed_source_timestamp":14151308314158,"circlet_count":0,"master_deck":["Strike_B","Strike_B","Strike_B","Defend_B","Defend_B","Defend_B","Zap+1","Dualcast+1","Self Repair","FTL","Conserve Battery","Go for the Eyes","Streamline+1","Coolheaded","Core Surge","Cold Snap+1","Panache","Chill","Machine Learning","Double Energy+1","BootSequence","Melter+1","Steam+1","Leap","Decay","Conserve Battery+1","Defragment+1"],"relics":["Cracked Core","Vajra","Happy Flower","Letter Opener","Cursed Key","Pear","Smiling Mask","Anchor","Omamori"],"potions_floor_usage":[6,6,16,33,33,33],"damage_taken":[{"damage":1,"enemies":"2 Louse","floor":1,"turns":3},{"damage":13,"enemies":"Jaw Worm","floor":2,"turns":4},{"damage":6,"enemies":"Cultist","floor":3,"turns":3},{"damage":4,"enemies":"Red Slaver","floor":4,"turns":3},{"damage":3,"enemies":"Gremlin Nob","floor":6,"turns":4},{"damage":7,"enemies":"3 Louse","floor":8,"turns":2},{"damage":0,"enemies":"Large Slime","floor":10,"turns":4},{"damage":11,"enemies":"Lots of Slimes","floor":12,"turns":3},{"damage":12,"enemies":"Gremlin Gang","floor":14,"turns":5},{"damage":18,"enemies":"The Guardian","floor":16,"turns":8},{"damage":1,"enemies":"Spheric Guardian","floor":18,"turns":3},{"damage":16,"enemies":"2 Thieves","floor":20,"turns":4},{"damage":15,"enemies":"Snake Plant","floor":21,"turns":5},{"damage":23,"enemies":"Slavers","floor":24,"turns":5},{"damage":15,"enemies":"Centurion and Healer","floor":25,"turns":6},{"damage":42,"enemies":"Gremlin Leader","floor":28,"turns":9},{"damage":62,"enemies":"Champ","floor":33,"turns":12}],"seed_played":"7887197975829470868","potions_obtained":[{"floor":1,"key":"FocusPotion"},{"floor":4,"key":"PowerPotion"},{"floor":8,"key":"SteroidPotion"},{"floor":12,"key":"AttackPotion"},{"floor":16,"key":"Explosive Potion"},{"floor":24,"key":"LiquidBronze"},{"floor":28,"key":"Regen Potion"}],"is_trial":false,"path_per_floor":["M","M","M","M","?","E","R","M","T","M","R","M","$","M","R","B",null,"M","?","M","M","?","R","E","M","T","R","E","?","R","?","R"],"character_chosen":"DEFECT","items_purchased":["Panache"],"campfire_rested":1,"item_purchase_floors":[13],"current_hp_per_floor":[74,68,69,72,65,69,69,62,62,69,69,58,58,46,46,35,75,75,75,66,58,68,68,52,44,44,44,9,9,9,9,34,0],"gold":103,"neow_bonus":"RANDOM_COMMON_RELIC","is_prod":false,"is_daily":false,"chose_seed":false,"campfire_upgraded":6,"win_rate":0,"timestamp":1531716230,"path_taken":["M","M","M","M","?","E","R","M","T","M","R","?","?","M","R","BOSS","M","?","?","M","?","R","E","M","T","R","E","?","R","?","R","BOSS"],"build_version":"2018-07-12","purchased_purges":0,"victory":false,"max_hp_per_floor":[75,75,75,75,75,75,75,75,75,75,75,75,75,75,75,75,75,75,75,75,75,85,85,85,85,85,85,85,85,85,85,85,85],"card_choices":[{"not_picked":["Sweeping Beam","Stack"],"picked":"Self Repair","floor":1},{"not_picked":["Coolheaded","Chaos"],"picked":"FTL","floor":2},{"not_picked":["Rebound","Doom and Gloom"],"picked":"Conserve Battery","floor":3},{"not_picked":["Fusion","Steam Power"],"picked":"Go for the Eyes","floor":4},{"not_picked":["Double Energy","Hello World"],"picked":"Streamline","floor":6},{"not_picked":["Stack","Hologram"],"picked":"Coolheaded","floor":8},{"not_picked":["Skim","Ball Lightning"],"picked":"Core Surge","floor":10},{"not_picked":["Turbo","Lockon"],"picked":"Cold Snap","floor":12},{"not_picked":["Stack","Cold Snap"],"picked":"Chill","floor":14},{"not_picked":["Creative AI","Biased Cognition"],"picked":"Machine Learning","floor":16},{"not_picked":["Leap","Scrape+1"],"picked":"Double Energy+1","floor":18},{"not_picked":["Loop+1","Leap"],"picked":"BootSequence","floor":20},{"not_picked":["Conserve Battery","Loop"],"picked":"Melter","floor":21},{"not_picked":["Recycle+1","Compile Driver"],"picked":"Steam+1","floor":24},{"not_picked":["Static Discharge+1","Storm"],"picked":"Leap","floor":25},{"not_picked":["Compile Driver","Barrage"],"picked":"Conserve Battery+1","floor":28}],"player_experience":181514,"relics_obtained":[{"floor":6,"key":"Happy Flower"},{"floor":9,"key":"Letter Opener"},{"floor":24,"key":"Smiling Mask"},{"floor":26,"key":"Anchor"},{"floor":28,"key":"Omamori"}],"event_choices":[{"event_name":"Golden Wing","player_choice":"Card Removal","floor":5,"damage_taken":0},{"event_name":"Beggar","player_choice":"Gave Gold","floor":19,"damage_taken":0},{"event_name":"Addict","player_choice":"Obtained Relic","floor":22,"damage_taken":0},{"event_name":"The Library","player_choice":"Read","floor":29,"damage_taken":0},{"event_name":"Cursed Tome","player_choice":"Ignored","floor":31,"damage_taken":0}],"boss_relics":[{"not_picked":["Empty Cage","FrozenCore"],"picked":"Cursed Key"}],"items_purged_floors":[],"is_endless":false,"potions_floor_spawned":[1,4,8,12,16,24,28],"killed_by":"Champ","ascension_level":0}