{"gold_per_floor":[215,17,117,135,85,111,131,162,210,244,244,259,259,278,278,352,352,363,263,278,296,296,327,327,427,427,131,156,156,156,156,156,233,233,243,243,243,243,262,288,288,299,322,332,332,359,359,0,0,0],"floor_reached":51,"playtime":1846,"items_purged":["Strike_R","Strike_R"],"score":1383,"play_id":"47034df0-20b3-4c5f-b083-283866830824","local_time":"20190319111822","is_ascension_mode":true,"campfire_choices":[{"data":"Armaments","floor":13.0,"key":"SMITH"},{"data":"Bash","floor":15.0,"key":"SMITH"},{"data":"Corruption","floor":24.0,"key":"SMITH"},{"data":"Whirlwind","floor":30.0,"key":"SMITH"},{"data":"Inflame","floor":32.0,"key":"SMITH"},{"floor":41.0,"key":"REST"},{"data":"1","floor":45,"key":"LIFT"},{"data":"2","floor":47,"key":"LIFT"},{"data":"3","floor":49,"key":"LIFT"}],"neow_cost":"NONE","seed_source_timestamp":5960503202767,"circlet_count":0,"master_deck":["AscendersBane","Defend_R","Defend_R","Defend_R","Bash+1","Carnage","Whirlwind+1","Impervious","Heavy Blade","Spot Weakness","Armaments+1","Shrug It Off","Impervious","Corruption+1","True Grit+1","Inflame+1","Heavy Blade","Headbutt","Impervious+1","Battle Trance","Shockwave+1","Pommel Strike+1"],"special_seed":0,"relics":["Burning Blood","Sling","Sundial","Bag of Preparation","Ancient Tea Set","Pen Nib","Velvet Choker","Lantern","Magic Flower","Pantograph","Boot","Lee\u0027s Waffle","Bottled Flame","Art of War","Fusion Hammer","Bottled Lightning","Girya","War Paint","Ice Cream","Red Mask"],"potions_floor_usage":[50,50],"damage_taken":[{"damage":2.0,"enemies":"2 Louse","floor":1.0,"turns":2.0},{"damage":1.0,"enemies":"Cultist","floor":4.0,"turns":3.0},{"damage":40.0,"enemies":"Lagavulin","floor":6.0,"turns":6.0},{"damage":4.0,"enemies":"Small Slimes","floor":7.0,"turns":3.0},{"damage":10.0,"enemies":"3 Sentries","floor":8.0,"turns":4.0},{"damage":15.0,"enemies":"Lagavulin","floor":10.0,"turns":5.0},{"damage":6.0,"enemies":"Exordium Wildlife","floor":12.0,"turns":5.0},{"damage":0.0,"enemies":"Exordium Thugs","floor":14.0,"turns":2.0},{"damage":0.0,"enemies":"Slime Boss","floor":16.0,"turns":6.0},{"damage":1.0,"enemies":"Shell Parasite","floor":18.0,"turns":4.0},{"damage":1.0,"enemies":"3 Byrds","floor":20.0,"turns":5.0},{"damage":17.0,"enemies":"Cultist and Chosen","floor":21.0,"turns":5.0},{"damage":34.0,"enemies":"Slavers","floor":23.0,"turns":6.0},{"damage":3.0,"enemies":"Colosseum Slavers","floor":25.0,"turns":4.0},{"damage":13.0,"enemies":"Colosseum Nobs","floor":25.0,"turns":5.0},{"damage":31.0,"enemies":"Book of Stabbing","floor":28.0,"turns":5.0},{"damage":36.0,"enemies":"Champ","floor":33.0,"turns":8.0},{"damage":31.0,"enemies":"3 Darklings","floor":35.0,"turns":3.0},{"damage":2.0,"enemies":"3 Shapes","floor":39.0,"turns":3.0},{"damage":34.0,"enemies":"Giant Head","floor":40.0,"turns":7.0},{"damage":0,"enemies":"Sphere and 2 Shapes","floor":42,"turns":3},{"damage":0,"enemies":"3 Darklings","floor":44,"turns":3},{"damage":21,"enemies":"Reptomancer","floor":46,"turns":4},{"damage":23,"enemies":"Awakened One","floor":50,"turns":8}],"seed_played":"3807343878327705073","potions_obtained":[{"floor":1.0,"key":"Fire Potion"},{"floor":6.0,"key":"Fire Potion"},{"floor":10.0,"key":"Strength Potion"},{"floor":14.0,"key":"EntropicBrew"},{"floor":25.0,"key":"BloodPotion"},{"floor":33.0,"key":"SpeedPotion"},{"floor":35.0,"key":"Explosive Potion"},{"floor":42,"key":"Weak Potion"}],"is_trial":false,"path_per_floor":["M","$","?","M","?","E","M","E","T","E","?","M","R","M","R","B",null,"M","$","M","M","?","E","R","?","T","$","E","$","R","?","R","B",null,"M","$","?","T","M","E","R","M","T","M","R","E","R","?","R","B",null],"character_chosen":"IRONCLAD","items_purchased":["Sling","True Grit","Lee\u0027s Waffle"],"campfire_rested":1,"item_purchase_floors":[2,19,27],"current_hp_per_floor":[72,72,72,75,75,41,43,39,39,30,23,23,23,29,29,35,65,70,70,75,64,64,36,36,32,32,82,72,72,72,72,72,55,75,53,53,53,53,60,35,59,68,68,77,77,65,65,65,65,68],"gold":0,"neow_bonus":"HUNDRED_GOLD","is_prod":false,"is_daily":false,"chose_seed":false,"campfire_upgraded":5,"win_rate":0,"timestamp":1552969102,"path_taken":["M","$","?","?","?","E","M","E","T","E","?","M","R","M","R","BOSS","M","$","M","M","?","E","R","?","T","$","E","$","R","?","R","BOSS","M","$","?","?","M","E","R","?","T","M","R","E","R","?","R","BOSS"],"build_version":"2019-01-23","purchased_purges":2,"victory":true,"max_hp_per_floor":[75,75,75,75,75,75,75,75,75,75,75,75,75,75,75,75,75,75,75,75,75,75,75,75,75,75,82,82,82,82,82,82,82,82,82,82,82,82,82,82,82,82,82,82,82,82,82,82,82,82],"card_choices":[{"not_picked":["Warcry","Armaments"],"picked":"Carnage","floor":1.0},{"not_picked":["Body Slam","Warcry"],"picked":"Whirlwind","floor":4.0},{"not_picked":["Feel No Pain","Pummel"],"picked":"Impervious","floor":6.0},{"not_picked":["Second Wind","Perfected Strike"],"picked":"Heavy Blade","floor":7.0},{"not_picked":["Whirlwind","Burning Pact"],"picked":"Spot Weakness","floor":8.0},{"not_picked":["Wild Strike","Clothesline"],"picked":"Armaments","floor":10.0},{"not_picked":["Flex","Clothesline","Heavy Blade"],"picked":"SKIP","floor":12.0},{"not_picked":["Armaments","Carnage"],"picked":"Shrug It Off","floor":14.0},{"not_picked":["Double Tap","Immolate"],"picked":"Impervious","floor":16.0},{"not_picked":["Rage","Twin Strike"],"picked":"Corruption","floor":18.0},{"not_picked":["Flex","Second Wind"],"picked":"Inflame","floor":20.0},{"not_picked":["Perfected Strike","Searing Blow","Anger"],"picked":"SKIP","floor":21.0},{"not_picked":["Bloodletting","Pummel"],"picked":"Heavy Blade","floor":23.0},{"not_picked":["Seeing Red+1","Reckless Charge"],"picked":"Headbutt","floor":28.0},{"not_picked":["Immolate","Berserk"],"picked":"Impervious","floor":33.0},{"not_picked":["Clothesline+1","Hemokinesis","Reckless Charge+1"],"picked":"SKIP","floor":35.0},{"not_picked":["Fire Breathing","Evolve"],"picked":"Battle Trance","floor":39.0},{"not_picked":["Sword Boomerang","Armaments"],"picked":"Shockwave+1","floor":40.0},{"not_picked":["Iron Wave","Seeing Red+1","Reckless Charge+1"],"picked":"SKIP","floor":42},{"not_picked":["Rampage+1","Anger","Cleave"],"picked":"SKIP","floor":44},{"not_picked":["Power Through","Headbutt"],"picked":"Pommel Strike+1","floor":46}],"player_experience":397161,"relics_obtained":[{"floor":6.0,"key":"Sundial"},{"floor":8.0,"key":"Bag of Preparation"},{"floor":9.0,"key":"Ancient Tea Set"},{"floor":10.0,"key":"Pen Nib"},{"floor":23.0,"key":"Lantern"},{"floor":25.0,"key":"Magic Flower"},{"floor":25.0,"key":"Pantograph"},{"floor":26.0,"key":"Boot"},{"floor":28.0,"key":"Bottled Flame"},{"floor":38.0,"key":"Bottled Lightning"},{"floor":40.0,"key":"Girya"},{"floor":43,"key":"War Paint"},{"floor":46,"key":"Ice Cream"}],"event_choices":[{"damage_healed":0.0,"max_hp_gain":0.0,"max_hp_loss":0.0,"gold_gain":100.0,"event_name":"Golden Shrine","player_choice":"Pray","floor":3.0,"gold_loss":0.0,"damage_taken":0.0},{"cards_removed":["Strike_R"],"damage_healed":0.0,"max_hp_gain":0.0,"max_hp_loss":0.0,"gold_gain":0.0,"event_name":"The Cleric","player_choice":"Card Removal","floor":5.0,"gold_loss":50.0,"damage_taken":0.0},{"cards_removed":["Strike_R"],"damage_healed":0.0,"max_hp_gain":0.0,"max_hp_loss":0.0,"gold_gain":0.0,"event_name":"Golden Wing","player_choice":"Card Removal","floor":11.0,"gold_loss":0.0,"damage_taken":7.0},{"cards_removed":["Strike_R"],"damage_healed":0.0,"max_hp_gain":0.0,"max_hp_loss":0.0,"gold_gain":0.0,"event_name":"Back to Basics","player_choice":"Elegance","floor":22.0,"gold_loss":0.0,"damage_taken":0.0},{"damage_healed":0.0,"max_hp_gain":0.0,"max_hp_loss":0.0,"gold_gain":0.0,"event_name":"Colosseum","player_choice":"Fight","floor":25.0,"gold_loss":0.0,"damage_taken":0.0},{"damage_healed":0.0,"max_hp_gain":0.0,"max_hp_loss":0.0,"gold_gain":0.0,"event_name":"Colosseum","player_choice":"Fought Nobs","floor":25.0,"gold_loss":0.0,"damage_taken":0.0},{"damage_healed":0.0,"max_hp_gain":0.0,"max_hp_loss":0.0,"gold_gain":0.0,"event_name":"The Mausoleum","player_choice":"Opened","floor":31.0,"gold_loss":0.0,"damage_taken":0.0,"relics_obtained":["Art of War"]},{"cards_removed":["Defend_R"],"damage_healed":0.0,"max_hp_gain":0.0,"max_hp_loss":0.0,"gold_gain":0.0,"event_name":"Falling","player_choice":"Removed Skill","floor":37.0,"gold_loss":0.0,"damage_taken":0.0},{"damage_healed":0,"gold_gain":0,"player_choice":"Paid","damage_taken":0,"relics_obtained":["Red Mask"],"max_hp_gain":0,"max_hp_loss":0,"event_name":"Tomb of Lord Red Mask","floor":48,"gold_loss":359}],"is_beta":false,"boss_relics":[{"not_picked":["Pandora\u0027s Box","Runic Dome"],"picked":"Velvet Choker"},{"not_picked":["White Beast Statue","Black Star"],"picked":"Fusion Hammer"}],"items_purged_floors":[19,27],"is_endless":false,"potions_floor_spawned":[1,6,10,14,18,25,25,33,35,42],"ascension_level":14}