{"gold_per_floor":[109,109,128,128,138,138,150,150,202,22,22,39,58,83,83,181,181,200,72,87,107,120,120,120,219,219,219],"floor_reached":27,"playtime":627,"items_purged":["Defend_R"],"score":215,"play_id":"33af0f32-05a9-432f-8343-0a81a8a981a8","local_time":"20190126145326","is_ascension_mode":false,"campfire_choices":[{"data":"Whirlwind","floor":6,"key":"SMITH"},{"data":"True Grit","floor":8,"key":"SMITH"},{"data":"Shrug It Off","floor":11,"key":"SMITH"},{"data":"Bloodletting","floor":15,"key":"SMITH"},{"data":"Heavy Blade","floor":23,"key":"SMITH"}],"neow_cost":"NONE","seed_source_timestamp":411656704189139,"circlet_count":0,"master_deck":["Strike_R","Strike_R","Strike_R","Strike_R","Strike_R","Defend_R","Defend_R","Bash","Whirlwind+1","True Grit+1","Clash","Heavy Blade+1","Shrug It Off+1","Rampage","Exhume","Bloodletting+1","Berserk","Flex","Warcry+1","Havoc+1","Dual Wield+1"],"relics":["Burning Blood","Ancient Tea Set","Bronze Scales","Dream Catcher","Vajra","Shuriken","Coffee Dripper","Pen Nib"],"potions_floor_usage":[14,16,27],"damage_taken":[{"damage":8,"enemies":"Small Slimes","floor":1,"turns":3},{"damage":6,"enemies":"Cultist","floor":3,"turns":3},{"damage":11,"enemies":"Jaw Worm","floor":5,"turns":2},{"damage":0,"enemies":"Exordium Wildlife","floor":7,"turns":1},{"damage":0,"enemies":"3 Louse","floor":12,"turns":1},{"damage":0,"enemies":"Large Slime","floor":13,"turns":4},{"damage":20,"enemies":"Lagavulin","floor":14,"turns":4},{"damage":49,"enemies":"Slime Boss","floor":16,"turns":6},{"damage":19,"enemies":"2 Thieves","floor":18,"turns":3},{"damage":15,"enemies":"Spheric Guardian","floor":20,"turns":3},{"damage":30,"enemies":"Snake Plant","floor":21,"turns":3},{"damage":28,"enemies":"Centurion and Healer","floor":22,"turns":3},{"damage":16,"enemies":"Book of Stabbing","floor":27,"turns":1}],"seed_played":"-2360899143769335401","potions_obtained":[{"floor":1,"key":"Strength Potion"},{"floor":7,"key":"Explosive Potion"},{"floor":13,"key":"AttackPotion"},{"floor":20,"key":"Dexterity Potion"},{"floor":21,"key":"EssenceOfSteel"},{"floor":22,"key":"SkillPotion"}],"is_trial":false,"path_per_floor":["M","?","M","?","M","R","M","R","T","$","R","M","M","E","R","B",null,"M","$","M","M","M","R","?","?","T","E"],"character_chosen":"IRONCLAD","items_purchased":["Vajra","Shrug It Off","Flex"],"campfire_rested":0,"item_purchase_floors":[10,10,19],"current_hp_per_floor":[78,66,66,66,61,61,67,67,67,67,67,73,79,65,65,22,80,67,67,58,34,12,12,12,12,12,0],"gold":219,"neow_bonus":"RANDOM_COMMON_RELIC","is_prod":false,"is_daily":false,"chose_seed":false,"campfire_upgraded":5,"win_rate":0,"timestamp":1548482006,"path_taken":["M","?","M","?","?","R","M","R","T","$","R","M","M","E","R","BOSS","M","$","M","M","M","R","?","?","T","E"],"build_version":"2019-01-23","purchased_purges":1,"victory":false,"max_hp_per_floor":[80,80,80,80,80,80,80,80,80,80,80,80,80,80,80,80,80,80,80,80,80,80,80,80,80,80,80],"card_choices":[{"not_picked":["Burning Pact","Cleave"],"picked":"Whirlwind","floor":1},{"not_picked":["Fire Breathing","Headbutt"],"picked":"True Grit","floor":3},{"not_picked":["Shrug It Off","Wild Strike"],"picked":"Clash","floor":5},{"not_picked":["Anger","Second Wind"],"picked":"Heavy Blade","floor":7},{"not_picked":["Rupture","Sever Soul"],"picked":"Rampage","floor":12},{"not_picked":["Combust","Power Through"],"picked":"Exhume","floor":13},{"not_picked":["Havoc","Shrug It Off"],"picked":"Bloodletting","floor":14},{"not_picked":["Bludgeon","Exhume"],"picked":"Berserk","floor":16},{"not_picked":["Power Through+1","Sword Boomerang","Armaments"],"picked":"SKIP","floor":18},{"not_picked":["Clothesline","Evolve"],"picked":"Warcry+1","floor":20},{"not_picked":["Blood for Blood","Iron Wave"],"picked":"Havoc+1","floor":21},{"not_picked":["Carnage+1","Burning Pact"],"picked":"Dual Wield+1","floor":22}],"player_experience":293374,"relics_obtained":[{"floor":9,"key":"Dream Catcher"},{"floor":14,"key":"Shuriken"},{"floor":26,"key":"Pen Nib"}],"event_choices":[{"damage_healed":0,"gold_gain":0,"player_choice":"Success","damage_taken":12,"relics_obtained":["Bronze Scales"],"max_hp_gain":0,"max_hp_loss":0,"event_name":"Scrap Ooze","floor":2,"gold_loss":0},{"cards_removed":["Defend_R"],"damage_healed":0,"gold_gain":0,"player_choice":"Offered Basic","damage_taken":0,"max_hp_gain":0,"max_hp_loss":0,"event_name":"Bonfire Elementals","floor":4,"gold_loss":0},{"damage_healed":0,"gold_gain":0,"player_choice":"Ignored","damage_taken":0,"max_hp_gain":0,"max_hp_loss":0,"event_name":"Vampires","floor":24,"gold_loss":0},{"damage_healed":0,"gold_gain":99,"player_choice":"Stole From Cult","damage_taken":0,"max_hp_gain":0,"max_hp_loss":0,"event_name":"Nest","floor":25,"gold_loss":0}],"is_beta":false,"boss_relics":[{"not_picked":["Calling Bell","Pandora\u0027s Box"],"picked":"Coffee Dripper"}],"items_purged_floors":[19],"is_endless":false,"potions_floor_spawned":[1,7,13,20,21,22],"killed_by":"Book of Stabbing","ascension_level":0}