{"gold_per_floor":[417,437,81,94,110,110,43,43,66,78,78,78,78,90,90,185,185,203,216,216,20,38,38,65,81,81,97,117,136,68,99,111,225,237,265,277,309,321,348,385,412,442,454,466,510,502,514],"floor_reached":47,"playtime":2335,"items_purged":["Rebound","Skim"],"score":596,"play_id":"0787bffb-9fb7-4eef-8a40-50d557b31b2e","local_time":"20180720150302","daily_mods":["Draft","Heirloom","Allstar","Time Dilation"],"is_ascension_mode":false,"campfire_choices":[{"data":"White Noise","floor":6,"key":"SMITH"},{"data":"Defragment","floor":13,"key":"SMITH"},{"data":"White Noise","floor":15,"key":"SMITH"},{"data":"RitualDagger","floor":23,"key":"SMITH"},{"data":"Blizzard","floor":32,"key":"SMITH"}],"neow_cost":"","seed_source_timestamp":0,"circlet_count":0,"master_deck":["Self Repair","Hologram","Defragment","Ball Lightning","BootSequence","Barrage","Rebound","Rebound","White Noise+1","Stack","Capacitor","Rip and Tear","Gash","Defragment+1","Leap","Defragment","Conserve Battery","White Noise+1","Reboot","Auto Shields+1","Leap+1","RitualDagger+1","FTL","Coolheaded","Cold Snap+1","Ball Lightning","Reboot","Leap+1","Blizzard","Blizzard+1","Gash","Go for the Eyes+1","Defragment","FTL","Skim+1"],"relics":["FrozenCore","Old Coin","Letter Opener","Strawberry","Regal Pillow","Happy Flower","Pantograph","MawBank","Inserter","Centennial Puzzle","Bronze Scales","Mummified Hand","Boot"],"potions_floor_usage":[16,16,16,33,33,41,41,41,45],"damage_taken":[{"damage":6,"enemies":"Cultist","floor":1,"turns":3},{"damage":0,"enemies":"2 Louse","floor":2,"turns":2},{"damage":8,"enemies":"Jaw Worm","floor":4,"turns":3},{"damage":26,"enemies":"Exordium Thugs","floor":5,"turns":3},{"damage":17,"enemies":"3 Louse","floor":10,"turns":3},{"damage":11,"enemies":"Lots of Slimes","floor":14,"turns":3},{"damage":41,"enemies":"The Guardian","floor":16,"turns":7},{"damage":21,"enemies":"2 Thieves","floor":18,"turns":4},{"damage":0,"enemies":"Shell Parasite","floor":19,"turns":6},{"damage":0,"enemies":"Snecko","floor":22,"turns":10},{"damage":25,"enemies":"Slavers","floor":24,"turns":5},{"damage":7,"enemies":"Snake Plant","floor":25,"turns":6},{"damage":2,"enemies":"Centurion and Healer","floor":27,"turns":6},{"damage":9,"enemies":"Snecko","floor":28,"turns":5},{"damage":0,"enemies":"Cultist and Chosen","floor":29,"turns":6},{"damage":3,"enemies":"Book of Stabbing","floor":31,"turns":7},{"damage":27,"enemies":"Collector","floor":33,"turns":12},{"damage":29,"enemies":"Flame Bruiser 1 Orb","floor":35,"turns":6},{"damage":9,"enemies":"Orb Walker","floor":37,"turns":4},{"damage":0,"enemies":"Maw","floor":39,"turns":8},{"damage":3,"enemies":"Giant Head","floor":40,"turns":9},{"damage":5,"enemies":"Sphere and 2 Shapes","floor":41,"turns":4},{"damage":25,"enemies":"3 Darklings","floor":42,"turns":3},{"damage":45,"enemies":"2 Orb Walkers","floor":45,"turns":4},{"damage":12,"enemies":"Flame Bruiser 2 Orb","floor":47,"turns":2}],"seed_played":"9056029612557886616","potions_obtained":[{"floor":1,"key":"Explosive Potion"},{"floor":5,"key":"FocusPotion"},{"floor":14,"key":"Swift Potion"},{"floor":19,"key":"Regen Potion"},{"floor":24,"key":"EssenceOfSteel"},{"floor":25,"key":"Poison Potion"},{"floor":33,"key":"Block Potion"},{"floor":40,"key":"EntropicBrew"},{"floor":46,"key":"LiquidBronze"}],"is_trial":true,"path_per_floor":["M","M","$","M","M","R","$","?","T","M","?","$","R","M","R","B",null,"M","M","?","$","M","R","E","M","T","M","M","M","$","E","R","B",null,"M","?","M","T","M","E","M","M","T","?","E","?"],"character_chosen":"DEFECT","items_purchased":["Rip and Tear","Letter Opener","Defragment","FTL","Coolheaded","Blizzard"],"campfire_rested":0,"item_purchase_floors":[3,3,7,21,21,30],"current_hp_per_floor":[75,75,75,75,56,56,56,49,56,46,39,39,39,42,42,1,82,68,75,69,69,76,76,58,58,58,56,54,61,61,58,58,62,82,60,60,51,51,58,62,66,48,48,48,10,10,0],"gold":514,"neow_bonus":"","is_prod":false,"is_daily":false,"chose_seed":false,"campfire_upgraded":5,"win_rate":0,"timestamp":1532066582,"path_taken":["M","M","$","?","M","R","?","?","T","?","?","$","R","M","R","BOSS","M","M","?","$","M","R","E","M","T","M","M","?","$","E","R","BOSS","M","?","?","?","M","E","M","?","T","?","E","?","M"],"build_version":"2018-07-19v2","purchased_purges":2,"victory":false,"max_hp_per_floor":[75,75,75,75,75,75,75,75,82,82,82,82,82,82,82,82,82,82,82,82,82,82,82,82,82,82,82,82,82,82,82,82,82,82,82,82,82,82,82,82,82,82,82,82,82,82,82],"card_choices":[{"not_picked":["Compile Driver","Leap"],"picked":"Self Repair","floor":0},{"not_picked":["Storm","Cold Snap"],"picked":"Hologram","floor":0},{"not_picked":["Leap","Steam"],"picked":"Defragment","floor":0},{"not_picked":["Undo","Turbo"],"picked":"Ball Lightning","floor":0},{"not_picked":["Turbo","Leap"],"picked":"BootSequence","floor":0},{"not_picked":["Force Field","Doom and Gloom"],"picked":"Barrage","floor":0},{"not_picked":["Barrage","Steam"],"picked":"Rebound","floor":0},{"not_picked":["Turbo","Lockon"],"picked":"Rebound","floor":0},{"not_picked":["Barrage","Rebound"],"picked":"Skim","floor":0},{"not_picked":["Cold Snap","Barrage"],"picked":"White Noise","floor":0},{"not_picked":["BootSequence","Redo"],"picked":"Streamline","floor":0},{"not_picked":["Rebound","Fusion"],"picked":"Stack","floor":0},{"not_picked":["Stack","Sweeping Beam"],"picked":"Capacitor","floor":0},{"not_picked":["Streamline","Turbo"],"picked":"Rebound","floor":0},{"not_picked":["Skim","Chaos"],"picked":"Rip and Tear","floor":0},{"not_picked":["Ball Lightning","Sweeping Beam"],"picked":"Gash","floor":1},{"not_picked":["Compile Driver","Hologram"],"picked":"Defragment","floor":2},{"not_picked":["Rebound","Sweeping Beam"],"picked":"Leap","floor":4},{"not_picked":["Barrage","Lockon","Reinforced Body"],"picked":"SKIP","floor":5},{"not_picked":["Stack","Compile Driver"],"picked":"Conserve Battery","floor":10},{"not_picked":["Redo","Fusion"],"picked":"White Noise","floor":14},{"not_picked":["Machine Learning","All For One"],"picked":"Reboot","floor":16},{"not_picked":["Leap","Beam Cell"],"picked":"Auto Shields+1","floor":18},{"not_picked":["Cold Snap","Gash+1"],"picked":"Leap+1","floor":19},{"not_picked":["Steam Power","Scrape"],"picked":"Cold Snap+1","floor":22},{"not_picked":["Aggregate","Lockon"],"picked":"Ball Lightning","floor":24},{"not_picked":["Turbo","Sweeping Beam"],"picked":"Reboot","floor":25},{"not_picked":["Steam","Turbo","Cold Snap"],"picked":"SKIP","floor":27},{"not_picked":["Reinforced Body+1","Rebound"],"picked":"Leap+1","floor":28},{"not_picked":["Stack","Turbo"],"picked":"Blizzard","floor":29},{"not_picked":["Self Repair","Cold Snap+1"],"picked":"Gash","floor":31},{"not_picked":["Cold Snap","Stack+1"],"picked":"Go for the Eyes+1","floor":35},{"not_picked":["Reprogram","Undo+1","Capacitor"],"picked":"SKIP","floor":37},{"not_picked":["Compile Driver+1","Barrage"],"picked":"Defragment","floor":39},{"not_picked":["Conserve Battery","Steam"],"picked":"FTL","floor":40},{"not_picked":["Barrage","Steam","Compile Driver"],"picked":"SKIP","floor":41},{"not_picked":["Sweeping Beam+1","Tempest"],"picked":"Skim+1","floor":42},{"not_picked":["Recycle","Sweeping Beam","Auto Shields"],"picked":"SKIP","floor":45}],"player_experience":209911,"relics_obtained":[{"floor":9,"key":"Strawberry"},{"floor":24,"key":"Happy Flower"},{"floor":26,"key":"Pantograph"},{"floor":31,"key":"MawBank"},{"floor":38,"key":"Centennial Puzzle"},{"floor":40,"key":"Bronze Scales"},{"floor":43,"key":"Mummified Hand"},{"floor":45,"key":"Boot"}],"event_choices":[{"event_name":"Golden Wing","player_choice":"Card Removal","floor":8,"damage_taken":0},{"event_name":"Scrap Ooze","player_choice":"success","floor":11,"damage_taken":7},{"event_name":"Nest","player_choice":"Joined the Cult","floor":20,"damage_taken":0},{"event_name":"Falling","player_choice":"Removed Attack","floor":36,"damage_taken":0},{"event_name":"Tomb of Lord Red Mask","player_choice":"Ignored","floor":44,"damage_taken":0},{"event_name":"The Woman in Blue","player_choice":"Bought 1 Potion","floor":46,"damage_taken":0}],"is_beta":false,"boss_relics":[{"not_picked":["Busted Crown","Ectoplasm"],"picked":"FrozenCore"},{"not_picked":["Lizard Tail","White Beast Statue"],"picked":"Inserter"}],"items_purged_floors":[3,21],"is_endless":false,"potions_floor_spawned":[1,5,14,19,24,25,29,33,40,41],"killed_by":"Flame Bruiser 2 Orb","ascension_level":0}