{"gold_per_floor":[13,113,38,49,25,51,51,70,145,145,163,163,183,183,183,286,286,297,12,12,12,32,32,0,0,51,63,63,28,28,44,44,148,148,159,174,29,0,100,100,100,100,100,100,115,115,141,158,158,158,158,158,13,13],"floor_reached":54,"playtime":4061,"items_purged":["Strike_B","Strike_B"],"score":951,"play_id":"88844ab7-c344-425f-9d0c-75e07cfc554e","local_time":"20190507123935","is_ascension_mode":true,"campfire_choices":[{"floor":7,"key":"REST"},{"floor":12,"key":"REST"},{"data":"Electrodynamics","floor":15,"key":"SMITH"},{"data":"Buffer","floor":23,"key":"SMITH"},{"data":"Conserve Battery","floor":28,"key":"SMITH"},{"data":"The Bomb","floor":32,"key":"SMITH"},{"data":"Thunder Strike","floor":40,"key":"SMITH"},{"floor":46,"key":"RECALL"},{"floor":49,"key":"REST"},{"floor":52,"key":"REST"}],"neow_cost":"NO_GOLD","seed_source_timestamp":282049150823997,"circlet_count":0,"master_deck":["Defend_B","Defend_B","Defend_B","Zap+1","Dualcast","Cold Snap","Leap","Conserve Battery+1","Tempest","Self Repair","Electrodynamics+1","Buffer+1","Leap+1","The Bomb+1","Gash","Core Surge","Conserve Battery+1","Doom and Gloom+1","Self Repair","Sweeping Beam+1","Thunder Strike+1","Ball Lightning+1","Tempest+1","Leap+1","Conserve Battery+1","Coolheaded+1","Good Instincts","Sweeping Beam+1","Parasite","Hologram+1"],"relics":["Cracked Core","DataDisk","Bottled Lightning","Nuclear Battery","Anchor","Orrery","Lantern","Red Mask","Pocketwatch","War Paint","Centennial Puzzle"],"potions_floor_usage":[6,22,22,33,33,41,48,48,50],"damage_taken":[{"damage":10,"enemies":"2 Louse","floor":1,"turns":3},{"damage":0,"enemies":"Cultist","floor":4,"turns":3},{"damage":45,"enemies":"Lagavulin","floor":6,"turns":14},{"damage":0,"enemies":"Small Slimes","floor":8,"turns":2},{"damage":5,"enemies":"3 Louse","floor":11,"turns":4},{"damage":1,"enemies":"Looter","floor":13,"turns":4},{"damage":0,"enemies":"Slime Boss","floor":16,"turns":6},{"damage":15,"enemies":"Shell Parasite","floor":18,"turns":6},{"damage":0,"enemies":"2 Thieves","floor":22,"turns":3},{"damage":0,"enemies":"Centurion and Healer","floor":27,"turns":4},{"damage":0,"enemies":"Shelled Parasite and Fungi","floor":31,"turns":4},{"damage":53,"enemies":"Champ","floor":33,"turns":14},{"damage":1,"enemies":"3 Shapes","floor":35,"turns":3},{"damage":9,"enemies":"Orb Walker","floor":36,"turns":4},{"damage":0,"enemies":"Mind Bloom Boss Battle","floor":39,"turns":4},{"damage":0,"enemies":"Nemesis","floor":41,"turns":5},{"damage":0,"enemies":"Transient","floor":45,"turns":5},{"damage":31,"enemies":"Writhing Mass","floor":48,"turns":6},{"damage":81,"enemies":"Time Eater","floor":50,"turns":12},{"damage":90,"enemies":"Shield and Spear","floor":54,"turns":5}],"seed_played":"-5411945414345457430","potions_obtained":[{"floor":4,"key":"SkillPotion"},{"floor":6,"key":"Block Potion"},{"floor":11,"key":"Dexterity Potion"},{"floor":16,"key":"Block Potion"},{"floor":22,"key":"Regen Potion"},{"floor":33,"key":"GamblersBrew"},{"floor":36,"key":"SmokeBomb"},{"floor":39,"key":"Dexterity Potion"},{"floor":45,"key":"Fire Potion"},{"floor":48,"key":"Weak Potion"}],"is_trial":false,"path_per_floor":["M","?","$","M","$","E","R","M","T","?","M","R","M","?","R","B",null,"M","$","?","$","M","R","?","?","T","M","R","$","?","M","R","B",null,"M","M","$","?","?","R","E","?","T","?","M","R","T","M","R","B",null,"R","$","E"],"character_chosen":"DEFECT","items_purchased":["Conserve Battery","The Bomb","Self Repair","Lantern","Centennial Puzzle"],"campfire_rested":4,"item_purchase_floors":[5,19,29,37,53],"current_hp_per_floor":[72,72,72,72,72,27,53,53,53,53,55,81,87,80,80,87,89,81,81,81,81,88,88,88,88,88,89,89,89,89,89,89,65,83,82,87,87,87,87,87,89,89,89,85,85,85,85,61,85,11,67,85,85,0],"gold":13,"neow_bonus":"TWENTY_PERCENT_HP_BONUS","is_prod":false,"is_daily":false,"chose_seed":false,"campfire_upgraded":5,"win_rate":0,"timestamp":1557257975,"path_taken":["M","?","$","?","$","E","R","M","T","?","M","R","M","?","R","BOSS","M","$","?","$","M","R","?","?","T","M","R","?","?","M","R","BOSS","M","M","$","?","?","R","E","?","T","?","M","R","?","?","R","BOSS","R","$","E"],"build_version":"2019-01-23","purchased_purges":2,"victory":false,"max_hp_per_floor":[89,89,89,89,89,89,89,89,89,89,89,89,89,89,89,89,89,89,89,89,89,89,89,89,89,89,89,89,89,89,89,89,89,89,89,89,89,89,89,89,89,89,89,85,85,85,85,85,85,85,85,85,85,85],"card_choices":[{"not_picked":["Barrage","Heatsinks"],"picked":"Cold Snap","floor":1},{"not_picked":["Capacitor","Defragment"],"picked":"Leap","floor":4},{"not_picked":["Redo","Compile Driver"],"picked":"Tempest","floor":6},{"not_picked":["Compile Driver","Leap"],"picked":"Self Repair","floor":8},{"not_picked":["Storm","Turbo","Steam"],"picked":"SKIP","floor":11},{"not_picked":["Hello World","Cold Snap"],"picked":"Electrodynamics","floor":13},{"not_picked":["Meteor Strike","Biased Cognition"],"picked":"Buffer","floor":16},{"not_picked":["Beam Cell","Hologram"],"picked":"Leap+1","floor":18},{"not_picked":["Stack+1","Seek"],"picked":"Conserve Battery","floor":22},{"not_picked":["Steam","Hologram"],"picked":"Doom and Gloom+1","floor":27},{"not_picked":["Streamline","Redo"],"picked":"Sweeping Beam+1","floor":31},{"not_picked":["Biased Cognition","All For One"],"picked":"Thunder Strike","floor":33},{"not_picked":["Gash","Sunder"],"picked":"Ball Lightning+1","floor":34},{"not_picked":["Fusion","Doom and Gloom"],"picked":"Tempest","floor":34},{"not_picked":["Chill","Hologram"],"picked":"Leap+1","floor":34},{"not_picked":["Streamline+1","Fusion","Beam Cell+1"],"picked":"SKIP","floor":35},{"not_picked":["Steam Power","Turbo+1"],"picked":"Conserve Battery+1","floor":36},{"not_picked":["Steam+1","All For One"],"picked":"Coolheaded+1","floor":39},{"not_picked":["Violence","Dramatic Entrance"],"picked":"Good Instincts","floor":42},{"not_picked":["Steam+1","Hologram"],"picked":"Sweeping Beam+1","floor":45},{"not_picked":["Redo+1","Blizzard"],"picked":"Hologram+1","floor":48}],"player_experience":299250,"relics_obtained":[{"floor":6,"key":"DataDisk"},{"floor":9,"key":"Bottled Lightning"},{"floor":26,"key":"Anchor"},{"floor":39,"key":"Pocketwatch"},{"floor":47,"key":"War Paint"}],"event_choices":[{"damage_healed":0,"gold_gain":100,"player_choice":"Pray","damage_taken":0,"max_hp_gain":0,"max_hp_loss":0,"event_name":"Golden Shrine","floor":2,"gold_loss":0},{"damage_healed":0,"gold_gain":0,"player_choice":"Grow","damage_taken":0,"max_hp_gain":0,"max_hp_loss":0,"event_name":"Living Wall","floor":10,"gold_loss":0,"cards_upgraded":["Conserve Battery"]},{"cards_removed":["Defend_B"],"damage_healed":0,"gold_gain":0,"player_choice":"Card Removal","damage_taken":7,"max_hp_gain":0,"max_hp_loss":0,"event_name":"Golden Wing","floor":14,"gold_loss":0},{"damage_healed":0,"gold_gain":0,"cards_transformed":["Strike_B","Strike_B"],"player_choice":"Became Test Subject","damage_taken":0,"max_hp_gain":0,"max_hp_loss":0,"event_name":"Drug Dealer","floor":20,"gold_loss":0,"cards_obtained":["Gash","Core Surge"]},{"damage_healed":0,"gold_gain":0,"player_choice":"Paid Fearfully","damage_taken":0,"max_hp_gain":0,"max_hp_loss":0,"event_name":"Masked Bandits","floor":24,"gold_loss":32},{"damage_healed":0,"gold_gain":0,"player_choice":"Ignored","damage_taken":0,"max_hp_gain":0,"max_hp_loss":0,"event_name":"Vampires","floor":25,"gold_loss":0},{"damage_healed":0,"gold_gain":0,"player_choice":"Ignored","damage_taken":0,"max_hp_gain":0,"max_hp_loss":0,"event_name":"Beggar","floor":30,"gold_loss":0},{"damage_healed":0,"gold_gain":0,"player_choice":"Paid","damage_taken":0,"relics_obtained":["Red Mask"],"max_hp_gain":0,"max_hp_loss":0,"event_name":"Tomb of Lord Red Mask","floor":38,"gold_loss":29},{"damage_healed":0,"gold_gain":0,"player_choice":"Fight","damage_taken":0,"max_hp_gain":0,"max_hp_loss":0,"event_name":"MindBloom","floor":39,"gold_loss":0},{"damage_healed":0,"gold_gain":0,"player_choice":"Memory 1","damage_taken":0,"max_hp_gain":0,"max_hp_loss":0,"event_name":"SensoryStone","floor":42,"gold_loss":0},{"damage_healed":0,"gold_gain":0,"player_choice":"Max HP","damage_taken":0,"max_hp_gain":0,"max_hp_loss":4,"event_name":"Winding Halls","floor":44,"gold_loss":0}],"is_beta":false,"boss_relics":[{"not_picked":["FrozenCore","White Beast Statue"],"picked":"Nuclear Battery"},{"not_picked":["Cursed Key","Pandora\u0027s Box"],"picked":"Orrery"}],"items_purged_floors":[3,19],"is_endless":false,"potions_floor_spawned":[4,6,11,16,22,33,36,39,45,48],"killed_by":"Shield and Spear","ascension_level":7}