{"gold_per_floor":[112,127,138,158,233,291,216,216,242,276,290,308,327,358,358,454,454,468,488,504,518,118,118,152,3,3,37,37,49,66,165,165,265,265,277,277,288,299,312,312,340,415,415,427,106,131,142,159,159,159,159,159,34,62,62],"floor_reached":55,"playtime":3738,"items_purged":["Strike_R","Strike_R","Strike_R"],"score":910,"play_id":"95d834b9-bf9a-4c9c-a4e5-1cda1e78b906","local_time":"20190524050515","is_ascension_mode":true,"campfire_choices":[{"floor":15.0,"key":"RECALL"},{"data":"Iron Wave","floor":23.0,"key":"SMITH"},{"data":"Flame Barrier","floor":28.0,"key":"SMITH"},{"floor":32.0,"key":"REST"},{"data":"Immolate","floor":40.0,"key":"SMITH"},{"data":"Body Slam","floor":49.0,"key":"SMITH"},{"data":"Shrug It Off","floor":52.0,"key":"SMITH"}],"neow_cost":"NONE","seed_source_timestamp":213463467787300,"circlet_count":0,"master_deck":["Strike_R","Strike_R","Defend_R","Defend_R","Defend_R","Bash","Cleave","Armaments","Shrug It Off+1","Shrug It Off","Clash","Twin Strike","Flame Barrier+1","Twin Strike","Barricade+1","Inflame+1","Clash+1","Shrug It Off+1","Iron Wave+1","Iron Wave+1","Seeing Red+1","Carnage","Immolate+1","Body Slam+1","Good Instincts+1","Iron Wave+1","Shrug It Off+1","Juggernaut+1","Whirlwind+1","Metallicize+1","Sword Boomerang+1","Twin Strike+1","Iron Wave+1"],"special_seed":0,"relics":["Burning Blood","Tiny Chest","PreservedInsect","Red Skull","Frozen Egg 2","Velvet Choker","StoneCalendar","Ancient Tea Set","Happy Flower","Lantern","Lizard Tail","Vajra","Pear","Bottled Tornado","War Paint","Thread and Needle"],"potions_floor_usage":[55],"damage_taken":[{"damage":7.0,"enemies":"2 Louse","floor":1.0,"turns":4.0},{"damage":5.0,"enemies":"Small Slimes","floor":2.0,"turns":3.0},{"damage":3.0,"enemies":"Cultist","floor":3.0,"turns":5.0},{"damage":10.0,"enemies":"Looter","floor":4.0,"turns":3.0},{"damage":16.0,"enemies":"Gremlin Nob","floor":6.0,"turns":4.0},{"damage":3.0,"enemies":"3 Sentries","floor":10.0,"turns":7.0},{"damage":0.0,"enemies":"Blue Slaver","floor":11.0,"turns":4.0},{"damage":13.0,"enemies":"Exordium Thugs","floor":12.0,"turns":4.0},{"damage":9.0,"enemies":"Large Slime","floor":13.0,"turns":7.0},{"damage":0.0,"enemies":"Gremlin Nob","floor":14.0,"turns":3.0},{"damage":53.0,"enemies":"The Guardian","floor":16.0,"turns":19.0},{"damage":0.0,"enemies":"Shell Parasite","floor":18.0,"turns":8.0},{"damage":6.0,"enemies":"Spheric Guardian","floor":19.0,"turns":5.0},{"damage":12.0,"enemies":"Snake Plant","floor":20.0,"turns":5.0},{"damage":9.0,"enemies":"Shelled Parasite and Fungi","floor":21.0,"turns":7.0},{"damage":27.0,"enemies":"Gremlin Leader","floor":24.0,"turns":4.0},{"damage":9.0,"enemies":"Slavers","floor":27.0,"turns":3.0},{"damage":0.0,"enemies":"Snecko","floor":29.0,"turns":5.0},{"damage":3.0,"enemies":"Chosen and Byrds","floor":30.0,"turns":5.0},{"damage":61.0,"enemies":"Champ","floor":33.0,"turns":15.0},{"damage":2.0,"enemies":"Orb Walker","floor":35.0,"turns":5.0},{"damage":0.0,"enemies":"3 Shapes","floor":37.0,"turns":1.0},{"damage":0.0,"enemies":"Jaw Worm Horde","floor":38.0,"turns":3.0},{"damage":3.0,"enemies":"4 Shapes","floor":39.0,"turns":4.0},{"damage":0.0,"enemies":"Nemesis","floor":41.0,"turns":8.0},{"damage":24.0,"enemies":"Transient","floor":44.0,"turns":5.0},{"damage":8.0,"enemies":"Reptomancer","floor":46.0,"turns":7.0},{"damage":0.0,"enemies":"Maw","floor":47.0,"turns":7.0},{"damage":0.0,"enemies":"4 Shapes","floor":48.0,"turns":3.0},{"damage":74.0,"enemies":"Donu and Deca","floor":50.0,"turns":9.0},{"damage":11.0,"enemies":"Shield and Spear","floor":54.0,"turns":4.0},{"damage":88,"enemies":"The Heart","floor":55,"turns":6}],"seed_played":"3346889056109434955","potions_obtained":[{"floor":0.0,"key":"Swift Potion"},{"floor":0.0,"key":"Ancient Potion"},{"floor":0.0,"key":"FearPotion"},{"floor":3.0,"key":"AttackPotion"},{"floor":4.0,"key":"Explosive Potion"},{"floor":6.0,"key":"LiquidBronze"},{"floor":11.0,"key":"FearPotion"},{"floor":16.0,"key":"Strength Potion"},{"floor":20.0,"key":"Strength Potion"},{"floor":21.0,"key":"Block Potion"},{"floor":27.0,"key":"GamblersBrew"},{"floor":46.0,"key":"LiquidBronze"}],"is_trial":false,"path_per_floor":["M","M","M","M","?","E","$","?","T","E","M","M","M","E","R","B",null,"M","M","M","M","$","R","E","$","T","E","R","M","M","?","R","B",null,"M","?","M","M","M","R","E","?","T","M","$","E","M","M","R","B",null,"R","$","E","B"],"character_chosen":"IRONCLAD","items_purchased":["StoneCalendar","Happy Flower","Metallicize+1","Bottled Tornado"],"campfire_rested":1,"item_purchase_floors":[22,25,45,45],"current_hp_per_floor":[79,80,80,76,65,55,55,55,55,58,64,57,54,60,60,13,80,80,80,74,71,71,71,50,50,50,47,47,53,56,56,80,25,80,80,80,80,80,80,80,80,72,82,64,64,62,68,74,74,51,90,90,90,85,0],"gold":62,"neow_bonus":"THREE_SMALL_POTIONS","is_prod":false,"is_daily":false,"chose_seed":false,"campfire_upgraded":5,"win_rate":0,"timestamp":1558699515,"path_taken":["M","M","M","M","?","E","$","?","T","E","M","?","M","E","R","BOSS","M","M","M","M","$","R","E","$","T","E","R","M","M","?","R","BOSS","M","?","M","M","M","R","E","?","T","?","$","E","M","M","R","BOSS","R","$","E","BOSS"],"build_version":"2019-01-23","purchased_purges":3,"victory":false,"max_hp_per_floor":[80,80,80,80,80,80,80,80,80,80,80,80,80,80,80,80,80,80,80,80,80,80,80,80,80,80,80,80,80,80,80,80,80,80,80,80,80,80,80,80,80,80,90,90,90,90,90,90,90,90,90,90,90,90,90],"card_choices":[{"not_picked":["Second Wind","Anger"],"picked":"Cleave","floor":1.0},{"not_picked":["Spot Weakness","Intimidate","Flex"],"picked":"SKIP","floor":2.0},{"not_picked":["Wild Strike","Flex"],"picked":"Armaments","floor":3.0},{"not_picked":["Armaments","Power Through"],"picked":"Shrug It Off","floor":4.0},{"not_picked":["Dropkick","Blood for Blood"],"picked":"Shrug It Off","floor":6.0},{"not_picked":["Searing Blow","Cleave"],"picked":"Clash","floor":10.0},{"not_picked":["Anger","Sword Boomerang"],"picked":"Twin Strike","floor":11.0},{"not_picked":["Clothesline","Bludgeon"],"picked":"Flame Barrier","floor":12.0},{"not_picked":["Wild Strike","Sword Boomerang"],"picked":"Twin Strike","floor":13.0},{"not_picked":["Cleave","Body Slam","Armaments"],"picked":"SKIP","floor":14.0},{"not_picked":["Berserk+1","Brutality+1"],"picked":"Barricade+1","floor":16.0},{"not_picked":["Sever Soul","Warcry"],"picked":"Inflame+1","floor":18.0},{"not_picked":["Twin Strike","Disarm"],"picked":"Clash+1","floor":19.0},{"not_picked":["Twin Strike","Warcry"],"picked":"Shrug It Off+1","floor":20.0},{"not_picked":["Warcry","Intimidate"],"picked":"Iron Wave","floor":21.0},{"not_picked":["Flex","Feel No Pain+1"],"picked":"Iron Wave+1","floor":24.0},{"not_picked":["Evolve+1","Double Tap","True Grit"],"picked":"SKIP","floor":27.0},{"not_picked":["Iron Wave","Searing Blow"],"picked":"Seeing Red","floor":29.0},{"not_picked":["Hemokinesis","Intimidate"],"picked":"Carnage","floor":30.0},{"not_picked":["Offering","Berserk+1"],"picked":"Immolate","floor":33.0},{"not_picked":["Wild Strike+1","Shrug It Off"],"picked":"Body Slam","floor":35.0},{"not_picked":["Forethought","Metamorphosis"],"picked":"Good Instincts","floor":36.0},{"not_picked":["Headbutt","Pummel"],"picked":"Iron Wave+1","floor":37.0},{"not_picked":["Seeing Red","Body Slam","Shrug It Off"],"picked":"SKIP","floor":38.0},{"not_picked":["Wild Strike+1","Fire Breathing+1"],"picked":"Shrug It Off+1","floor":39.0},{"not_picked":["Shrug It Off","Offering"],"picked":"Juggernaut+1","floor":41.0},{"not_picked":["Dropkick","Iron Wave"],"picked":"Whirlwind+1","floor":44.0},{"not_picked":["True Grit","Flex"],"picked":"Sword Boomerang+1","floor":46.0},{"not_picked":["Thunderclap","True Grit+1"],"picked":"Twin Strike+1","floor":47.0},{"not_picked":["Inflame+1","Thunderclap"],"picked":"Iron Wave+1","floor":48.0},{"not_picked":["Anger+1","Dual Wield","Bloodletting"],"picked":"SKIP","floor":54.0}],"player_experience":57714,"relics_obtained":[{"floor":6.0,"key":"Tiny Chest"},{"floor":9.0,"key":"PreservedInsect"},{"floor":10.0,"key":"Red Skull"},{"floor":14.0,"key":"Frozen Egg 2"},{"floor":24.0,"key":"Ancient Tea Set"},{"floor":27.0,"key":"Lantern"},{"floor":41.0,"key":"Vajra"},{"floor":43.0,"key":"Pear"},{"floor":46.0,"key":"War Paint"},{"floor":54.0,"key":"Thread and Needle"}],"event_choices":[{"damage_healed":0.0,"max_hp_gain":0.0,"max_hp_loss":0.0,"gold_gain":75.0,"event_name":"World of Goop","player_choice":"Gather Gold","floor":5.0,"gold_loss":0.0,"damage_taken":11.0},{"cards_removed":["Defend_R"],"damage_healed":0.0,"max_hp_gain":0.0,"max_hp_loss":0.0,"gold_gain":0.0,"event_name":"Purifier","player_choice":"Purged","floor":8.0,"gold_loss":0.0,"damage_taken":0.0},{"damage_healed":0.0,"max_hp_gain":0.0,"max_hp_loss":0.0,"gold_gain":99.0,"event_name":"Nest","player_choice":"Stole From Cult","floor":31.0,"gold_loss":0.0,"damage_taken":0.0},{"damage_healed":0.0,"max_hp_gain":0.0,"max_hp_loss":0.0,"gold_gain":0.0,"event_name":"SensoryStone","player_choice":"Memory 1","floor":36.0,"gold_loss":0.0,"damage_taken":0.0},{"damage_healed":0.0,"max_hp_gain":0.0,"max_hp_loss":0.0,"gold_gain":75.0,"event_name":"FaceTrader","player_choice":"Touch","floor":42.0,"gold_loss":0.0,"damage_taken":8.0}],"is_beta":false,"boss_relics":[{"not_picked":["Orrery","Calling Bell"],"picked":"Velvet Choker"},{"not_picked":["Philosopher\u0027s Stone","White Beast Statue"],"picked":"Lizard Tail"}],"items_purged_floors":[7,22,53],"is_endless":false,"potions_floor_spawned":[3,4,6,11,16,20,21,27,29,37,39,46,47],"killed_by":"The Heart","ascension_level":1}