{"gold_per_floor":[111,129,141,216,29,60,11,11,11,11,25,25,44,55,55,155,155,166,185,205,221,1,1,1,1,73,173,183,202,215,229,229,332,332,345,360,376,391,391,410,410,430,455,455,472,504,63,82,82,82],"floor_reached":50,"playtime":5843,"items_purged":[],"score":509,"play_id":"e27736a1-4b23-40aa-a887-62f07cd70f7f","local_time":"20190416121848","is_ascension_mode":false,"campfire_choices":[{"floor":8.0,"key":"REST"},{"floor":10,"key":"REST"},{"floor":15,"key":"REST"},{"floor":23,"key":"REST"},{"data":"Backstab","floor":25,"key":"SMITH"},{"floor":32,"key":"REST"},{"floor":41,"key":"REST"},{"floor":44,"key":"REST"},{"floor":49,"key":"REST"}],"neow_cost":"NONE","seed_source_timestamp":5422540771000,"circlet_count":0,"master_deck":["Defend_G","Defend_G","Defend_G","Defend_G","Defend_G","Strike_G","Strike_G","Strike_G","Strike_G","Strike_G","Survivor","Neutralize","Deep Breath","Backstab+1","Masterful Stab","Terror","Apotheosis","Corpse Explosion","Flying Knee","Outmaneuver","Crippling Poison","Catalyst","Wraith Form v2","Slice+1","Heel Hook","Backstab+1","Bane","Acrobatics","Deadly Poison","Infinite Blades","Infinite Blades","Envenom","Escape Plan","Escape Plan+1","Burst","Quick Slash+1","Dodge and Roll+1","Bane+1","Outmaneuver+1","Dodge and Roll+1","Finisher+1","Riddle With Holes+1","Sucker Punch+1","The Bomb","Bane","Unload","Leg Sweep+1"],"special_seed":0,"relics":["Ring of the Serpent","Thread and Needle","Bottled Flame","Oddly Smooth Stone","Lizard Tail","PreservedInsect","Paper Crane","Ginger","Kunai","Omamori","The Specimen"],"potions_floor_usage":[16,16,29,30,31,33,37,48,48,50],"damage_taken":[{"damage":0.0,"enemies":"2 Louse","floor":1.0,"turns":3.0},{"damage":1.0,"enemies":"Cultist","floor":2.0,"turns":3.0},{"damage":0.0,"enemies":"Jaw Worm","floor":3.0,"turns":1.0},{"damage":42.0,"enemies":"3 Sentries","floor":6.0,"turns":12.0},{"damage":0,"enemies":"Large Slime","floor":11,"turns":4},{"damage":0,"enemies":"Blue Slaver","floor":13,"turns":3},{"damage":0,"enemies":"2 Fungi Beasts","floor":14,"turns":2},{"damage":34,"enemies":"Slime Boss","floor":16,"turns":10},{"damage":10,"enemies":"Spheric Guardian","floor":18,"turns":7},{"damage":0,"enemies":"3 Byrds","floor":19,"turns":2},{"damage":6,"enemies":"Centurion and Healer","floor":20,"turns":7},{"damage":7,"enemies":"Shelled Parasite and Fungi","floor":21,"turns":6},{"damage":14,"enemies":"Colosseum Slavers","floor":27,"turns":4},{"damage":13,"enemies":"Colosseum Nobs","floor":27,"turns":4},{"damage":11,"enemies":"Snake Plant","floor":28,"turns":4},{"damage":4,"enemies":"Snecko","floor":29,"turns":5},{"damage":0,"enemies":"Cultist and Chosen","floor":30,"turns":6},{"damage":11,"enemies":"Shelled Parasite and Fungi","floor":31,"turns":3},{"damage":21,"enemies":"Champ","floor":33,"turns":13},{"damage":3,"enemies":"3 Darklings","floor":35,"turns":3},{"damage":3,"enemies":"3 Shapes","floor":36,"turns":5},{"damage":45,"enemies":"Spire Growth","floor":37,"turns":6},{"damage":0,"enemies":"Maw","floor":38,"turns":7},{"damage":5,"enemies":"Jaw Worm Horde","floor":40,"turns":7},{"damage":0,"enemies":"3 Darklings","floor":42,"turns":4},{"damage":0,"enemies":"Maw","floor":45,"turns":6},{"damage":14,"enemies":"Reptomancer","floor":46,"turns":2},{"damage":52,"enemies":"Sphere and 2 Shapes","floor":48,"turns":6},{"damage":80,"enemies":"Donu and Deca","floor":50,"turns":5}],"seed_played":"316252513866737233","potions_obtained":[{"floor":11,"key":"PowerPotion"},{"floor":13,"key":"Explosive Potion"},{"floor":20,"key":"GhostInAJar"},{"floor":21,"key":"Swift Potion"},{"floor":27,"key":"GhostInAJar"},{"floor":29,"key":"Dexterity Potion"},{"floor":35,"key":"Regen Potion"},{"floor":38,"key":"Weak Potion"},{"floor":46,"key":"FearPotion"},{"floor":48,"key":"Ancient Potion"}],"is_trial":false,"path_per_floor":["M","M","M","?","$","E","$","R","T","R","M","?","M","M","R","B",null,"M","M","M","M","$","R","$","R","T","?","M","M","M","M","R","B",null,"M","M","M","M","?","M","R","M","T","R","M","E","$","M","R","B"],"character_chosen":"THE_SILENT","items_purchased":["Apotheosis","Flying Knee","Acrobatics","PreservedInsect","Deadly Poison","The Bomb","Bane","Unload","Regen Potion"],"campfire_rested":8,"item_purchase_floors":[5,7,22,22,22,47,47,47,47],"current_hp_per_floor":[70,69,69,62,62,20,20,41,41,62,62,59,59,59,70,36,70,60,60,54,47,47,68,68,68,68,41,30,26,26,15,36,15,70,67,64,33,33,33,28,49,49,49,70,70,56,56,19,40,0],"gold":82,"neow_bonus":"RANDOM_COLORLESS","is_prod":false,"is_daily":false,"chose_seed":false,"campfire_upgraded":1,"win_rate":0.0,"timestamp":1555409928,"path_taken":["M","M","M","?","$","E","?","R","T","R","?","?","M","M","R","BOSS","M","M","M","M","$","R","$","R","T","?","M","M","M","M","R","BOSS","M","M","M","M","?","M","R","M","T","R","M","E","$","M","R","BOSS"],"build_version":"2019-01-23","purchased_purges":0,"victory":false,"max_hp_per_floor":[70,70,70,70,70,70,70,70,70,70,70,70,70,70,70,70,70,70,70,70,70,70,70,70,70,70,70,70,70,70,70,70,70,70,70,70,70,70,70,70,70,70,70,70,70,70,70,70,70,70],"card_choices":[{"not_picked":["Flying Knee","Underhanded Strike"],"picked":"Backstab","floor":1.0},{"not_picked":["Slice","Reflex"],"picked":"Masterful Stab","floor":2.0},{"not_picked":["Footwork","Deadly Poison"],"picked":"Terror","floor":3.0},{"not_picked":["Backflip","Noxious Fumes"],"picked":"Corpse Explosion","floor":6.0},{"not_picked":["Well Laid Plans","Bouncing Flask"],"picked":"Outmaneuver","floor":11},{"not_picked":["Underhanded Strike","Dodge and Roll"],"picked":"Crippling Poison","floor":13},{"not_picked":["Sucker Punch","Flying Knee"],"picked":"Catalyst","floor":14},{"not_picked":["Doppelganger","Night Terror"],"picked":"Wraith Form v2","floor":16},{"not_picked":["Backflip","Poisoned Stab"],"picked":"Slice+1","floor":18},{"not_picked":["Eviscerate","Quick Slash"],"picked":"Heel Hook","floor":19},{"not_picked":["Masterful Stab","Blur"],"picked":"Backstab+1","floor":20},{"not_picked":["Flechettes","Blade Dance"],"picked":"Bane","floor":21},{"not_picked":["Dagger Spray+1","Dagger Throw"],"picked":"Infinite Blades","floor":27},{"not_picked":["Slice","Underhanded Strike"],"picked":"Infinite Blades","floor":28},{"not_picked":["Flying Knee","Deflect"],"picked":"Envenom","floor":29},{"not_picked":["Flechettes","PiercingWail"],"picked":"Escape Plan","floor":30},{"not_picked":["Tactician+1","Dagger Spray"],"picked":"Escape Plan+1","floor":31},{"not_picked":["Unload","Corpse Explosion"],"picked":"Burst","floor":33},{"not_picked":["Footwork+1","Deflect"],"picked":"Quick Slash+1","floor":35},{"not_picked":["Prepared","Outmaneuver"],"picked":"Dodge and Roll+1","floor":36},{"not_picked":["Flying Knee+1","Venomology"],"picked":"Bane+1","floor":37},{"not_picked":["Expertise","Calculated Gamble+1"],"picked":"Outmaneuver+1","floor":38},{"not_picked":["Caltrops+1","Blade Dance"],"picked":"Dodge and Roll+1","floor":40},{"not_picked":["PiercingWail+1","Bane"],"picked":"Finisher+1","floor":42},{"not_picked":["Finisher","PiercingWail+1"],"picked":"Riddle With Holes+1","floor":45},{"not_picked":["Backflip","Caltrops+1"],"picked":"Sucker Punch+1","floor":46},{"not_picked":["Poisoned Stab","Choke+1"],"picked":"Leg Sweep+1","floor":48}],"player_experience":69761,"relics_obtained":[{"floor":6.0,"key":"Thread and Needle"},{"floor":9,"key":"Bottled Flame"},{"floor":26,"key":"Paper Crane"},{"floor":27,"key":"Ginger"},{"floor":27,"key":"Kunai"},{"floor":43,"key":"Omamori"},{"floor":46,"key":"The Specimen"}],"event_choices":[{"damage_healed":0.0,"max_hp_gain":0.0,"max_hp_loss":0.0,"gold_gain":75.0,"event_name":"FaceTrader","player_choice":"Touch","floor":4.0,"gold_loss":0.0,"damage_taken":7.0},{"damage_healed":0,"gold_gain":0,"player_choice":"Success","damage_taken":3,"relics_obtained":["Oddly Smooth Stone"],"max_hp_gain":0,"max_hp_loss":0,"event_name":"Scrap Ooze","floor":12,"gold_loss":0},{"damage_healed":0,"gold_gain":0,"player_choice":"Fight","damage_taken":0,"max_hp_gain":0,"max_hp_loss":0,"event_name":"Colosseum","floor":27,"gold_loss":0},{"damage_healed":0,"gold_gain":0,"player_choice":"Fought Nobs","damage_taken":0,"max_hp_gain":0,"max_hp_loss":0,"event_name":"Colosseum","floor":27,"gold_loss":0},{"damage_healed":0,"gold_gain":0,"player_choice":"Ignored","damage_taken":0,"max_hp_gain":0,"max_hp_loss":0,"event_name":"Tomb of Lord Red Mask","floor":39,"gold_loss":0}],"is_beta":false,"boss_relics":[{"not_picked":["Busted Crown","White Beast Statue"],"picked":"Lizard Tail"},{"not_picked":["HoveringKite","Snecko Eye"],"picked":"Ring of the Serpent"}],"items_purged_floors":[],"is_endless":false,"potions_floor_spawned":[11,13,20,21,27,27,29,35,38,46,48],"killed_by":"Donu and Deca","ascension_level":0}