{"gold_per_floor":[118,3,22,22,22,22,56,101,164,211,223,235,247,259,271,411,423,453,465,501,513,541,553,565,577,589,642,579,662,712,724,736,872,884,921,933,727,727,727,727,770,770,823,848,401,401,18,38,38,38],"floor_reached":51,"playtime":2023,"items_purged":["Cloak And Dagger"],"score":1116,"play_id":"7d4596c7-788b-40ad-b6f7-8741c93d562a","local_time":"20190321022403","daily_mods":["Draft","Heirloom","Flight","Elite Swarm"],"is_ascension_mode":false,"campfire_choices":[{"data":"Dodge and Roll","floor":6,"key":"SMITH"},{"data":"Tools of the Trade","floor":13,"key":"SMITH"},{"data":"Catalyst","floor":15,"key":"SMITH"},{"data":"Footwork","floor":23,"key":"SMITH"},{"data":"Burst","floor":24,"key":"SMITH"},{"data":"Blur","floor":25,"key":"SMITH"},{"data":"Crippling Poison","floor":32,"key":"SMITH"},{"data":"Noxious Fumes","floor":40,"key":"SMITH"},{"floor":42,"key":"DIG"},{"floor":46,"key":"DIG"},{"floor":49,"key":"DIG"}],"neow_cost":"","seed_source_timestamp":619429815645518,"circlet_count":0,"master_deck":["Backstab","Backstab","Catalyst+1","Bane","Crippling Poison+1","Caltrops","Leg Sweep","Dodge and Roll+1","Deadly Poison+1","Backflip+1","Caltrops","Escape Plan+1","Dodge and Roll","Corpse Explosion","Tools of the Trade+1","Burst+1","Tactician+1","Distraction+1","Noxious Fumes+1","Blur+1","Footwork+1","After Image","Die Die Die+1","Secret Weapon","Footwork+1","Night Terror","Deflect+1","Bouncing Flask","Footwork","Sadistic Nature"],"relics":["Ring of the Snake","Tough Bandages","Golden Idol","MawBank","Dream Catcher","Pen Nib","Dodecahedron","Astrolabe","FossilizedHelix","Molten Egg 2","Tiny Chest","Turnip","Coffee Dripper","War Paint","Shovel","Ornamental Fan","Anchor","Mango","Bronze Scales","ClockworkSouvenir","Lantern"],"potions_floor_usage":[8,8,20,33,50,50,50,50,50],"damage_taken":[{"damage":0,"enemies":"Cultist","floor":1,"turns":3},{"damage":0,"enemies":"Jaw Worm","floor":3,"turns":2},{"damage":9,"enemies":"3 Sentries","floor":7,"turns":9},{"damage":6,"enemies":"Gremlin Nob","floor":8,"turns":3},{"damage":10,"enemies":"Lagavulin","floor":10,"turns":7},{"damage":0,"enemies":"Hexaghost","floor":16,"turns":8},{"damage":0,"enemies":"Shell Parasite","floor":18,"turns":5},{"damage":1,"enemies":"Spheric Guardian","floor":20,"turns":4},{"damage":11,"enemies":"Chosen and Byrds","floor":22,"turns":5},{"damage":15,"enemies":"Gremlin Leader","floor":27,"turns":5},{"damage":0,"enemies":"Slavers","floor":29,"turns":3},{"damage":0,"enemies":"Book of Stabbing","floor":30,"turns":4},{"damage":0,"enemies":"Automaton","floor":33,"turns":11},{"damage":0,"enemies":"3 Shapes","floor":35,"turns":2},{"damage":0,"enemies":"Giant Head","floor":41,"turns":7},{"damage":0,"enemies":"Orb Walker","floor":44,"turns":4},{"damage":0,"enemies":"Jaw Worm Horde","floor":48,"turns":1},{"damage":0,"enemies":"Donu and Deca","floor":50,"turns":8}],"seed_played":"-3717938874096584304","potions_obtained":[{"floor":1,"key":"EntropicBrew"},{"floor":10,"key":"Energy Potion"},{"floor":29,"key":"Energy Potion"},{"floor":30,"key":"EntropicBrew"},{"floor":33,"key":"SkillPotion"}],"is_trial":true,"path_per_floor":["M","$","M","?","?","R","E","E","T","E","?","$","R","$","R","B",null,"M","?","M","?","M","R","R","R","T","E","?","E","E","$","R","B",null,"M","?","$","?","?","R","E","R","T","M","$","R","$","M","R","B",null],"character_chosen":"THE_SILENT","items_purchased":["Escape Plan","Footwork","War Paint","Bouncing Flask","Footwork","Mango","Sadistic Nature","ClockworkSouvenir"],"campfire_rested":0,"item_purchase_floors":[2,37,37,45,45,45,47,47],"current_hp_per_floor":[70,70,70,70,53,53,44,38,38,28,33,33,33,33,33,33,75,75,75,74,85,74,74,74,74,74,59,59,59,59,59,59,59,85,85,85,85,85,85,85,85,85,85,85,99,99,99,99,99,99],"gold":38,"neow_bonus":"","is_prod":false,"is_daily":false,"chose_seed":false,"campfire_upgraded":8,"win_rate":0,"timestamp":1553102643,"path_taken":["M","$","?","?","?","R","E","E","T","E","?","$","R","?","R","BOSS","M","?","M","?","?","R","R","R","T","E","?","E","E","$","R","BOSS","M","?","$","?","?","R","E","R","T","?","?","R","$","?","R","BOSS"],"build_version":"2019-01-23","purchased_purges":1,"victory":true,"max_hp_per_floor":[70,70,70,70,70,70,70,70,70,70,75,75,75,75,75,75,75,75,75,75,85,85,85,85,85,85,85,85,85,85,85,85,85,85,85,85,85,85,85,85,85,85,85,85,99,99,99,99,99,99],"card_choices":[{"not_picked":["Quick Slash","Dagger Spray"],"picked":"Backstab","floor":0},{"not_picked":["Underhanded Strike","Sucker Punch"],"picked":"Predator","floor":0},{"not_picked":["Underhanded Strike","Quick Slash"],"picked":"Backstab","floor":0},{"not_picked":["Cloak And Dagger","PiercingWail"],"picked":"Dodge and Roll","floor":0},{"not_picked":["Bouncing Flask","PiercingWail"],"picked":"Catalyst","floor":0},{"not_picked":["Sucker Punch","Blade Dance"],"picked":"Bane","floor":0},{"not_picked":["Underhanded Strike","Skewer"],"picked":"Crippling Poison","floor":0},{"not_picked":["Poisoned Stab","All Out Attack"],"picked":"Acrobatics","floor":0},{"not_picked":["Poisoned Stab","Expertise"],"picked":"Concentrate","floor":0},{"not_picked":["Quick Slash","Deflect"],"picked":"Cloak And Dagger","floor":0},{"not_picked":["Dagger Throw","Slice"],"picked":"Caltrops","floor":0},{"not_picked":["Dagger Throw","Distraction"],"picked":"Leg Sweep","floor":0},{"not_picked":["Blade Dance","Bane"],"picked":"Dodge and Roll","floor":0},{"not_picked":["Finisher","Dodge and Roll"],"picked":"Deadly Poison","floor":0},{"not_picked":["Reflex","Cloak And Dagger"],"picked":"Backflip","floor":0},{"not_picked":["Concentrate","Dagger Throw"],"picked":"Caltrops","floor":1},{"not_picked":["Expertise","Endless Agony"],"picked":"Dodge and Roll","floor":3},{"not_picked":["Burst","Glass Knife"],"picked":"Corpse Explosion","floor":7},{"not_picked":["Venomology","Phantasmal Killer"],"picked":"Tools of the Trade","floor":8},{"not_picked":["Envenom","Grand Finale","A Thousand Cuts"],"picked":"SKIP","floor":10},{"not_picked":["Night Terror","Corpse Explosion"],"picked":"Burst","floor":16},{"not_picked":["Outmaneuver","Dagger Spray"],"picked":"Noxious Fumes","floor":18},{"not_picked":["Dagger Throw","Cloak And Dagger"],"picked":"Footwork","floor":20},{"not_picked":["Masterful Stab","Cloak And Dagger+1","Corpse Explosion"],"picked":"SKIP","floor":22},{"not_picked":["Phantasmal Killer","Burst","Doppelganger"],"picked":"SKIP","floor":27},{"not_picked":["Phantasmal Killer","Corpse Explosion"],"picked":"After Image","floor":29},{"not_picked":["Corpse Explosion","Storm of Steel","Grand Finale+1"],"picked":"SKIP","floor":30},{"not_picked":["Glass Knife+1","Bullet Time"],"picked":"Die Die Die+1","floor":33},{"not_picked":["Slice+1","Flying Knee+1","Sucker Punch+1"],"picked":"SKIP","floor":35},{"not_picked":["Good Instincts","Discovery"],"picked":"Secret Weapon","floor":36},{"not_picked":["Die Die Die+1","Bullet Time"],"picked":"Night Terror","floor":41},{"not_picked":["Predator+1","Infinite Blades"],"picked":"Deflect+1","floor":44},{"not_picked":["Dagger Throw+1","Sucker Punch+1","Dagger Spray+1"],"picked":"SKIP","floor":48}],"player_experience":342339,"relics_obtained":[{"floor":7,"key":"MawBank"},{"floor":8,"key":"Dream Catcher"},{"floor":9,"key":"Pen Nib"},{"floor":10,"key":"Dodecahedron"},{"floor":26,"key":"FossilizedHelix"},{"floor":27,"key":"Molten Egg 2"},{"floor":29,"key":"Tiny Chest"},{"floor":30,"key":"Turnip"},{"floor":41,"key":"Shovel"},{"floor":42,"key":"Ornamental Fan"},{"floor":43,"key":"Anchor"},{"floor":46,"key":"Bronze Scales"},{"floor":49,"key":"Lantern"}],"event_choices":[{"damage_healed":0,"gold_gain":0,"player_choice":"Grow","damage_taken":0,"max_hp_gain":0,"max_hp_loss":0,"event_name":"Living Wall","floor":4,"gold_loss":0,"cards_upgraded":["Deadly Poison"]},{"damage_healed":0,"gold_gain":0,"player_choice":"Take Damage","damage_taken":17,"relics_obtained":["Golden Idol"],"max_hp_gain":0,"max_hp_loss":0,"event_name":"Golden Idol","floor":5,"gold_loss":0},{"damage_healed":0,"gold_gain":0,"player_choice":"Donut","damage_taken":0,"max_hp_gain":5,"max_hp_loss":0,"event_name":"Big Fish","floor":11,"gold_loss":0},{"damage_healed":0,"gold_gain":0,"player_choice":"Read","damage_taken":0,"max_hp_gain":0,"max_hp_loss":0,"event_name":"The Library","floor":19,"gold_loss":0,"cards_obtained":["Blur"]},{"cards_removed":["Envenom"],"damage_healed":1,"gold_gain":0,"player_choice":"Offered Rare","damage_taken":0,"max_hp_gain":10,"max_hp_loss":0,"event_name":"Bonfire Elementals","floor":21,"gold_loss":0},{"cards_removed":["Predator"],"damage_healed":0,"gold_gain":0,"player_choice":"Gave Gold","damage_taken":0,"max_hp_gain":0,"max_hp_loss":0,"event_name":"Beggar","floor":28,"gold_loss":75},{"damage_healed":0,"gold_gain":0,"player_choice":"Memory 1","damage_taken":0,"max_hp_gain":0,"max_hp_loss":0,"event_name":"SensoryStone","floor":36,"gold_loss":0},{"damage_healed":0,"gold_gain":0,"player_choice":"Ignored","damage_taken":0,"max_hp_gain":0,"max_hp_loss":0,"event_name":"Tomb of Lord Red Mask","floor":38,"gold_loss":0},{"damage_healed":0,"gold_gain":0,"player_choice":"Upgraded","damage_taken":0,"max_hp_gain":0,"max_hp_loss":0,"event_name":"Upgrade Shrine","floor":39,"gold_loss":0,"cards_upgraded":["Footwork"]}],"is_beta":false,"boss_relics":[{"not_picked":["Tiny House","Busted Crown"],"picked":"Astrolabe"},{"not_picked":["Philosopher\u0027s Stone","Ring of the Serpent"],"picked":"Coffee Dripper"}],"items_purged_floors":[2],"is_endless":false,"potions_floor_spawned":[1,10,29,30,33,35],"ascension_level":0}