{"gold_per_floor":[109,128,143,158,158,158,185,150,150,161,177,177,177,29,29,134,134,146,158,2,19,36,65,65,65,138,164,179,192,192],"floor_reached":30,"playtime":2456,"items_purged":[],"score":329,"play_id":"23b85ffd-55f0-4115-8af6-a8f8144e1900","local_time":"20190602204653","is_ascension_mode":true,"campfire_choices":[{"floor":6,"key":"RECALL"},{"data":"Armaments","floor":12,"key":"SMITH"},{"data":"Inflame","floor":15,"key":"SMITH"},{"data":"Uppercut","floor":24,"key":"SMITH"}],"neow_cost":"NONE","seed_source_timestamp":98287574820100,"circlet_count":0,"master_deck":["Strike_R","Strike_R","Strike_R","Strike_R","Strike_R","Defend_R","Defend_R","Defend_R","Defend_R","Bash+1","Power Through","Armaments+1","Battle Trance","Ghostly Armor","Anger","Ghostly Armor","Carnage","Uppercut+1","Inflame+1","Offering","Rampage","Cleave","Pommel Strike+1","Double Tap","Disarm+1","Power Through"],"relics":["Burning Blood","Sundial","Sozu","Lantern","Pantograph","Frozen Egg 2","Centennial Puzzle"],"potions_floor_usage":[7,13,16,16,19,23],"damage_taken":[{"damage":7,"enemies":"Small Slimes","floor":1,"turns":4},{"damage":3,"enemies":"Jaw Worm","floor":2,"turns":4},{"damage":5,"enemies":"2 Louse","floor":3,"turns":3},{"damage":9,"enemies":"Lots of Slimes","floor":4,"turns":8},{"damage":43,"enemies":"Lagavulin","floor":7,"turns":12},{"damage":22,"enemies":"Large Slime","floor":10,"turns":8},{"damage":0,"enemies":"2 Fungi Beasts","floor":11,"turns":4},{"damage":25,"enemies":"Hexaghost","floor":16,"turns":10},{"damage":0,"enemies":"Spheric Guardian","floor":18,"turns":3},{"damage":6,"enemies":"Shell Parasite","floor":19,"turns":3},{"damage":8,"enemies":"Snake Plant","floor":21,"turns":3},{"damage":12,"enemies":"Snecko","floor":22,"turns":5},{"damage":35,"enemies":"Slavers","floor":23,"turns":7},{"damage":43,"enemies":"Gremlin Leader","floor":27,"turns":11},{"damage":15,"enemies":"Centurion and Healer","floor":28,"turns":3},{"damage":15,"enemies":"Snake Plant","floor":29,"turns":3},{"damage":8,"enemies":"Snecko","floor":30,"turns":3}],"seed_played":"2917755568900309287","potions_obtained":[{"floor":2,"key":"Poison Potion"},{"floor":10,"key":"AttackPotion"},{"floor":13,"key":"GamblersBrew"},{"floor":13,"key":"Fruit Juice"},{"floor":13,"key":"SneckoOil"},{"floor":16,"key":"BloodPotion"}],"is_trial":false,"path_per_floor":["M","M","M","M","?","R","E","?","T","M","M","R","?","$","R","B",null,"M","M","$","M","M","E","R","?","T","E","M","M","M"],"character_chosen":"IRONCLAD","items_purchased":["Uppercut","Inflame","Lantern"],"campfire_rested":0,"item_purchase_floors":[14,14,20],"current_hp_per_floor":[79,80,80,77,82,82,45,66,66,50,56,56,61,61,61,42,90,90,90,90,88,82,62,62,62,62,25,16,7,0],"gold":192,"neow_bonus":"UPGRADE_CARD","is_prod":false,"is_daily":false,"chose_seed":false,"campfire_upgraded":3,"win_rate":0,"timestamp":1559501213,"path_taken":["M","M","M","M","?","R","E","?","T","M","M","R","?","$","R","BOSS","M","M","$","M","?","E","R","?","T","E","M","M","M"],"build_version":"2019-01-23","purchased_purges":0,"victory":false,"max_hp_per_floor":[80,80,80,80,85,85,85,85,85,85,85,85,90,90,90,90,90,90,90,90,90,90,90,90,90,90,90,90,90,90],"card_choices":[{"not_picked":["Body Slam","Headbutt"],"picked":"Power Through","floor":1},{"not_picked":["Corruption","Shrug It Off"],"picked":"Armaments","floor":2},{"not_picked":["Sword Boomerang","Perfected Strike"],"picked":"Battle Trance","floor":3},{"not_picked":["Havoc","Headbutt"],"picked":"Ghostly Armor","floor":4},{"not_picked":["Twin Strike","Perfected Strike"],"picked":"Anger","floor":7},{"not_picked":["Power Through","Hemokinesis"],"picked":"Ghostly Armor","floor":10},{"not_picked":["Rupture","Twin Strike"],"picked":"Carnage","floor":11},{"not_picked":["Juggernaut","Fiend Fire"],"picked":"Offering","floor":16},{"not_picked":["Iron Wave","Reckless Charge","Flex"],"picked":"SKIP","floor":18},{"not_picked":["Battle Trance","Iron Wave"],"picked":"Rampage","floor":19},{"not_picked":["Perfected Strike","Iron Wave","Wild Strike+1"],"picked":"SKIP","floor":21},{"not_picked":["Sever Soul","Havoc"],"picked":"Cleave","floor":22},{"not_picked":["Intimidate","Clash+1"],"picked":"Pommel Strike+1","floor":23},{"not_picked":["Warcry+1","Thunderclap"],"picked":"Double Tap","floor":27},{"not_picked":["Clash","Intimidate+1"],"picked":"Disarm+1","floor":28},{"not_picked":["Perfected Strike+1","Clothesline"],"picked":"Power Through","floor":29}],"player_experience":349385,"relics_obtained":[{"floor":7,"key":"Sundial"},{"floor":23,"key":"Pantograph"},{"floor":26,"key":"Frozen Egg 2"},{"floor":27,"key":"Centennial Puzzle"}],"event_choices":[{"damage_healed":0,"gold_gain":0,"player_choice":"Donut","damage_taken":0,"max_hp_gain":5,"max_hp_loss":0,"event_name":"Big Fish","floor":5,"gold_loss":0},{"damage_healed":21,"gold_gain":0,"player_choice":"Healed","damage_taken":0,"max_hp_gain":0,"max_hp_loss":0,"event_name":"The Cleric","floor":8,"gold_loss":35},{"damage_healed":0,"gold_gain":0,"player_choice":"Got Potions","damage_taken":0,"max_hp_gain":0,"max_hp_loss":0,"event_name":"Lab","floor":13,"gold_loss":0},{"damage_healed":0,"gold_gain":0,"player_choice":"Ignored","damage_taken":0,"max_hp_gain":0,"max_hp_loss":0,"event_name":"Cursed Tome","floor":25,"gold_loss":0}],"is_beta":false,"boss_relics":[{"not_picked":["Busted Crown","Empty Cage"],"picked":"Sozu"}],"items_purged_floors":[],"is_endless":false,"potions_floor_spawned":[2,10,16,21,22,23,27],"killed_by":"Snecko","ascension_level":4}