{"gold_per_floor":[118,118,293,293,293,293,327,4,58,58,14,14,29,49,49,150,150,160,0,0,15,26,26,42,42,96,96,112,27,27,227,227,227],"floor_reached":33,"playtime":1350,"items_purged":[],"score":372,"play_id":"4f3e9b37-a2db-4bf8-8706-2f82d72db667","local_time":"20190602065824","is_ascension_mode":true,"campfire_choices":[{"data":"Dualcast","floor":6.0,"key":"SMITH"},{"data":"Defragment","floor":10.0,"key":"SMITH"},{"floor":12.0,"key":"REST"},{"data":"White Noise","floor":15.0,"key":"SMITH"},{"floor":23.0,"key":"REST"},{"floor":27,"key":"REST"},{"floor":32,"key":"REST"}],"neow_cost":"NONE","seed_source_timestamp":517055804500,"circlet_count":0,"master_deck":["Strike_B","Strike_B","Strike_B+1","Defend_B","Defend_B+1","Zap","Dualcast+1","Sweeping Beam","Doubt","Turbo","White Noise+1","Defragment+1","Go for the Eyes","Coolheaded","Seek","Leap","BootSequence","Hologram","Chaos+1","Tempest","Ball Lightning","Stack"],"special_seed":0,"relics":["Cracked Core","NeowsBlessing","Darkstone Periapt","Happy Flower","Symbiotic Virus","Pen Nib","Lizard Tail","Anchor","Cables"],"potions_floor_usage":[28,33],"damage_taken":[{"damage":0.0,"enemies":"Jaw Worm","floor":1.0,"turns":1.0},{"damage":0.0,"enemies":"3 Sentries","floor":7.0,"turns":1.0},{"damage":0.0,"enemies":"Small Slimes","floor":13.0,"turns":1.0},{"damage":13.0,"enemies":"2 Louse","floor":14.0,"turns":2.0},{"damage":46.0,"enemies":"Hexaghost","floor":16.0,"turns":11.0},{"damage":15.0,"enemies":"Spheric Guardian","floor":18.0,"turns":5.0},{"damage":18.0,"enemies":"Shell Parasite","floor":21.0,"turns":7.0},{"damage":7.0,"enemies":"Snake Plant","floor":22.0,"turns":4.0},{"damage":38.0,"enemies":"Snecko","floor":24.0,"turns":9.0},{"damage":21,"enemies":"Shelled Parasite and Fungi","floor":28,"turns":6},{"damage":92,"enemies":"Collector","floor":33,"turns":10}],"seed_played":"-8632321451872388819","potions_obtained":[{"floor":13.0,"key":"EssenceOfSteel"},{"floor":14.0,"key":"EssenceOfSteel"},{"floor":21.0,"key":"FocusPotion"},{"floor":24.0,"key":"EssenceOfSteel"},{"floor":28,"key":"Ancient Potion"}],"is_trial":false,"path_per_floor":["M","?","?","?","T","R","E","$","T","R","?","R","M","M","R","B",null,"M","?","$","M","M","R","M","?","T","R","M","?","$","?","R","B"],"character_chosen":"DEFECT","items_purchased":["Symbiotic Virus","Defragment"],"campfire_rested":4,"item_purchase_floors":[8,8],"current_hp_per_floor":[68,53,53,53,53,53,53,53,53,53,53,75,75,62,62,16,60,45,45,45,27,20,42,4,4,4,26,5,5,5,5,27,0],"gold":227,"neow_bonus":"THREE_ENEMY_KILL","is_prod":false,"is_daily":false,"chose_seed":false,"campfire_upgraded":3,"win_rate":0,"timestamp":1559483904,"path_taken":["M","?","?","?","?","R","E","$","T","R","?","R","M","M","R","BOSS","M","?","$","M","M","R","M","?","T","R","M","?","?","?","R","BOSS"],"build_version":"2019-01-23","purchased_purges":0,"victory":false,"max_hp_per_floor":[75,75,75,75,75,75,75,75,75,75,75,75,75,75,75,75,75,75,75,75,75,75,75,75,75,75,75,75,75,75,75,75,75],"card_choices":[{"not_picked":["Rebound","Ball Lightning"],"picked":"Sweeping Beam","floor":1.0},{"not_picked":["Stack","Doom and Gloom"],"picked":"White Noise","floor":7.0},{"not_picked":["Scrape","Gash"],"picked":"Go for the Eyes","floor":13.0},{"not_picked":["Rebound","Undo"],"picked":"Coolheaded","floor":14.0},{"not_picked":["Rainbow","Biased Cognition"],"picked":"Seek","floor":16.0},{"not_picked":["Compile Driver","Reinforced Body"],"picked":"Leap","floor":18.0},{"not_picked":["Rebound","Beam Cell"],"picked":"BootSequence","floor":21.0},{"not_picked":["Leap","Redo"],"picked":"Hologram","floor":22.0},{"not_picked":["Compile Driver","Skim+1"],"picked":"Chaos+1","floor":24.0},{"not_picked":["Scrape","Barrage"],"picked":"Stack","floor":28}],"player_experience":204396,"relics_obtained":[{"floor":5.0,"key":"Darkstone Periapt"},{"floor":7.0,"key":"Happy Flower"},{"floor":9.0,"key":"Pen Nib"},{"floor":26,"key":"Anchor"}],"event_choices":[{"damage_healed":0.0,"max_hp_gain":0.0,"max_hp_loss":0.0,"gold_gain":0.0,"event_name":"Shining Light","player_choice":"Entered Light","floor":2.0,"gold_loss":0.0,"damage_taken":15.0,"cards_upgraded":["Defend_B","Strike_B"]},{"damage_healed":0.0,"max_hp_gain":0.0,"max_hp_loss":0.0,"gold_gain":175.0,"event_name":"Liars Game","player_choice":"AGREE","floor":3.0,"gold_loss":0.0,"damage_taken":0.0,"cards_obtained":["Doubt"]},{"damage_healed":0.0,"max_hp_gain":0.0,"max_hp_loss":0.0,"gold_gain":0.0,"cards_transformed":["Defend_B"],"event_name":"Living Wall","player_choice":"Change","floor":4.0,"gold_loss":0.0,"damage_taken":0.0,"cards_obtained":["Turbo"]},{"damage_healed":0.0,"max_hp_gain":0.0,"max_hp_loss":0.0,"gold_gain":0.0,"event_name":"World of Goop","player_choice":"Left Gold","floor":11.0,"gold_loss":44.0,"damage_taken":0.0},{"damage_healed":0.0,"max_hp_gain":0.0,"max_hp_loss":0.0,"gold_gain":0.0,"event_name":"Masked Bandits","player_choice":"Paid Fearfully","floor":19.0,"gold_loss":160.0,"damage_taken":0.0},{"damage_healed":0,"gold_gain":0,"cards_transformed":["Strike_B","Defend_B"],"player_choice":"Became Test Subject","damage_taken":0,"max_hp_gain":0,"max_hp_loss":0,"event_name":"Drug Dealer","floor":25,"gold_loss":0,"cards_obtained":["Tempest","Ball Lightning"]},{"damage_healed":0,"gold_gain":0,"player_choice":"Obtained Relic","damage_taken":0,"relics_obtained":["Cables"],"max_hp_gain":0,"max_hp_loss":0,"event_name":"Addict","floor":29,"gold_loss":85},{"damage_healed":0,"gold_gain":200,"player_choice":"Gold","damage_taken":0,"max_hp_gain":0,"max_hp_loss":0,"event_name":"Wheel of Change","floor":31,"gold_loss":0}],"is_beta":false,"boss_relics":[{"not_picked":["Runic Dome","Runic Pyramid"],"picked":"Lizard Tail"}],"items_purged_floors":[],"is_endless":false,"potions_floor_spawned":[13,14,21,24,28],"killed_by":"Collector","ascension_level":8}