{"gold_per_floor":[109,59,134,134,134,159,159,170,170,170,202,220,236,252,252,355,355,375,387,387,387,419,431,472,484,496,540,566,595,607,635,647,760,772,802,814,1177,1203,1230,1242],"floor_reached":40,"playtime":1887,"items_purged":[],"score":698,"play_id":"c897e7b0-a391-4d3c-b0c7-6636d5079055","local_time":"20190524083130","is_ascension_mode":true,"campfire_choices":[{"data":"Zap","floor":7,"key":"SMITH"},{"data":"Dualcast","floor":10,"key":"SMITH"},{"data":"Rip and Tear","floor":15,"key":"SMITH"},{"data":"RitualDagger","floor":23,"key":"SMITH"},{"data":"Ball Lightning","floor":25,"key":"SMITH"},{"data":"FTL","floor":32,"key":"SMITH"}],"neow_cost":"NONE","seed_source_timestamp":0,"circlet_count":0,"master_deck":["Defend_B","Zap+1","Dualcast+1","Genetic Algorithm","FTL+1","Rip and Tear+1","Seek+1","Ball Lightning+1","Conserve Battery+1","RitualDagger+1","Hologram+1","Fusion+1","White Noise+1","Ball Lightning+1","Tempest+1","Bite","Bite","Bite","Bite","Bite","Glacier+1","Coolheaded+1","Chill+1"],"special_seed":0,"relics":["Cracked Core","NeowsBlessing","Matryoshka","Orichalcum","Bronze Scales","Toxic Egg 2","Pear","Empty Cage","MawBank","Meat on the Bone","Oddly Smooth Stone","Gremlin Horn","Bag of Preparation","Sozu","Old Coin"],"potions_floor_usage":[14,16,22,27,33],"damage_taken":[{"damage":0.0,"enemies":"Small Slimes","floor":1.0,"turns":1.0},{"damage":0.0,"enemies":"Gremlin Nob","floor":6.0,"turns":1.0},{"damage":0,"enemies":"Jaw Worm","floor":8,"turns":1},{"damage":27,"enemies":"3 Sentries","floor":11,"turns":6},{"damage":0,"enemies":"Cultist","floor":12,"turns":3},{"damage":0,"enemies":"Exordium Wildlife","floor":13,"turns":2},{"damage":0,"enemies":"2 Fungi Beasts","floor":14,"turns":2},{"damage":11,"enemies":"Hexaghost","floor":16,"turns":7},{"damage":1,"enemies":"Chosen","floor":18,"turns":3},{"damage":0,"enemies":"3 Byrds","floor":19,"turns":2},{"damage":7,"enemies":"Sentry and Sphere","floor":22,"turns":4},{"damage":25,"enemies":"Gremlin Leader","floor":24,"turns":6},{"damage":24,"enemies":"Slavers","floor":27,"turns":4},{"damage":12,"enemies":"Shelled Parasite and Fungi","floor":28,"turns":3},{"damage":0,"enemies":"3 Cultists","floor":29,"turns":3},{"damage":5,"enemies":"Snake Plant","floor":31,"turns":4},{"damage":45,"enemies":"Automaton","floor":33,"turns":9},{"damage":12,"enemies":"3 Darklings","floor":35,"turns":3},{"damage":41,"enemies":"2 Orb Walkers","floor":37,"turns":3},{"damage":0,"enemies":"3 Shapes","floor":38,"turns":3},{"damage":0,"enemies":"Sphere and 2 Shapes","floor":39,"turns":3},{"damage":100,"enemies":"Giant Head","floor":40,"turns":8}],"seed_played":"7106691154417319572","potions_obtained":[{"floor":1.0,"key":"SpeedPotion"},{"floor":11,"key":"Fire Potion"},{"floor":12,"key":"LiquidBronze"},{"floor":19,"key":"Swift Potion"},{"floor":24,"key":"LiquidBronze"},{"floor":27,"key":"SpeedPotion"},{"floor":28,"key":"Block Potion"}],"is_trial":false,"path_per_floor":["M","?","?","?","?","E","R","M","T","R","E","M","M","M","R","B",null,"M","M","?","?","M","R","E","R","T","E","M","M","?","M","R","B",null,"M","?","?","M","M","E"],"character_chosen":"DEFECT","items_purchased":[],"campfire_rested":0,"item_purchase_floors":[],"current_hp_per_floor":[68,68,57,57,57,57,57,57,57,57,40,40,40,40,40,29,71,70,70,64,64,57,57,32,32,32,20,20,32,32,39,39,24,50,48,48,21,41,51,0],"gold":1242,"neow_bonus":"THREE_ENEMY_KILL","is_prod":false,"is_daily":false,"chose_seed":false,"campfire_upgraded":6,"win_rate":0,"timestamp":1558701090,"path_taken":["M","?","?","?","?","E","R","M","T","R","E","M","M","M","R","BOSS","M","M","?","?","M","R","E","R","T","E","?","M","?","M","R","BOSS","M","?","?","M","M","E"],"build_version":"2019-01-23","purchased_purges":0,"victory":false,"max_hp_per_floor":[75,75,75,75,75,75,75,75,75,75,85,85,85,85,85,85,85,85,85,85,85,85,85,85,85,85,85,85,85,59,59,59,59,59,59,59,59,59,59,59],"card_choices":[{"not_picked":["Fusion","Coolheaded"],"picked":"Genetic Algorithm","floor":1.0},{"not_picked":["Recycle","Turbo","Coolheaded"],"picked":"SKIP","floor":6},{"not_picked":["Double Energy","Undo"],"picked":"FTL","floor":8},{"not_picked":["Darkness+1","Stack+1","All For One"],"picked":"SKIP","floor":11},{"not_picked":["Go for the Eyes","Barrage","Lockon"],"picked":"SKIP","floor":12},{"not_picked":["Gash","Reinforced Body+1","Hologram+1"],"picked":"SKIP","floor":13},{"not_picked":["Barrage","Heatsinks"],"picked":"Rip and Tear","floor":14},{"not_picked":["Multi-Cast+1","Reboot+1"],"picked":"Seek+1","floor":16},{"not_picked":["Cold Snap","Stack+1"],"picked":"Ball Lightning","floor":18},{"not_picked":["Sweeping Beam","Rip and Tear"],"picked":"Conserve Battery+1","floor":19},{"not_picked":["Compile Driver+1","Turbo+1"],"picked":"Hologram+1","floor":22},{"not_picked":["Steam Power+1","Ball Lightning"],"picked":"Fusion+1","floor":24},{"not_picked":["Biased Cognition","Loop+1"],"picked":"White Noise+1","floor":27},{"not_picked":["Beam Cell","Fusion+1"],"picked":"Ball Lightning+1","floor":28},{"not_picked":["Go for the Eyes+1","Buffer"],"picked":"Tempest+1","floor":29},{"not_picked":["Redo+1","Streamline"],"picked":"Glacier+1","floor":31},{"not_picked":["Machine Learning","Hyperbeam"],"picked":"Meteor Strike","floor":33},{"not_picked":["Melter","Reprogram+1","Turbo+1"],"picked":"SKIP","floor":35},{"not_picked":["Stack+1","Rebound"],"picked":"Coolheaded+1","floor":37},{"not_picked":["Rebound","Turbo+1"],"picked":"Chill+1","floor":38},{"not_picked":["Heatsinks+1","Melter","Scrape+1"],"picked":"SKIP","floor":39}],"player_experience":762132,"relics_obtained":[{"floor":6,"key":"Orichalcum"},{"floor":9,"key":"Bronze Scales"},{"floor":9,"key":"Toxic Egg 2"},{"floor":11,"key":"Pear"},{"floor":24,"key":"Meat on the Bone"},{"floor":26,"key":"Oddly Smooth Stone"},{"floor":26,"key":"Gremlin Horn"},{"floor":27,"key":"Bag of Preparation"},{"floor":37,"key":"Old Coin"}],"event_choices":[{"cards_removed":["Defend_B"],"damage_healed":0.0,"max_hp_gain":0.0,"max_hp_loss":0.0,"gold_gain":0.0,"event_name":"The Cleric","player_choice":"Card Removal","floor":2.0,"gold_loss":50.0,"damage_taken":0.0},{"damage_healed":0.0,"max_hp_gain":0.0,"max_hp_loss":0.0,"gold_gain":75.0,"event_name":"World of Goop","player_choice":"Gather Gold","floor":3.0,"gold_loss":0.0,"damage_taken":11.0},{"damage_healed":0.0,"max_hp_gain":0.0,"max_hp_loss":0.0,"gold_gain":0.0,"event_name":"Big Fish","player_choice":"Box","floor":4.0,"gold_loss":0.0,"damage_taken":0.0,"relics_obtained":["Matryoshka"],"cards_obtained":["Regret"]},{"cards_removed":["Regret"],"damage_healed":0.0,"max_hp_gain":0.0,"max_hp_loss":0.0,"gold_gain":0.0,"event_name":"Living Wall","player_choice":"Forget","floor":5.0,"gold_loss":0.0,"damage_taken":0.0},{"damage_healed":0,"gold_gain":0,"player_choice":"Joined the Cult","damage_taken":6,"max_hp_gain":0,"max_hp_loss":0,"event_name":"Nest","floor":20,"gold_loss":0,"cards_obtained":["RitualDagger"]},{"damage_healed":0,"gold_gain":0,"player_choice":"Gave Potion","damage_taken":0,"relics_obtained":["MawBank"],"max_hp_gain":0,"max_hp_loss":0,"event_name":"WeMeetAgain","floor":21,"gold_loss":0},{"damage_healed":0,"gold_gain":0,"player_choice":"Became a vampire","damage_taken":0,"max_hp_gain":0,"max_hp_loss":26,"event_name":"Vampires","floor":30,"gold_loss":0,"cards_obtained":["Bite","Bite","Bite","Bite","Bite"]},{"cards_removed":["Meteor Strike"],"damage_healed":0,"gold_gain":0,"player_choice":"Removed Attack","damage_taken":0,"max_hp_gain":0,"max_hp_loss":0,"event_name":"Falling","floor":36,"gold_loss":0},{"damage_healed":0,"gold_gain":0,"player_choice":"Fight","damage_taken":0,"max_hp_gain":0,"max_hp_loss":0,"event_name":"Mysterious Sphere","floor":37,"gold_loss":0}],"is_beta":false,"boss_relics":[{"not_picked":["Fusion Hammer","Tiny House"],"picked":"Empty Cage"},{"not_picked":["Calling Bell","Black Star"],"picked":"Sozu"}],"items_purged_floors":[],"is_endless":false,"potions_floor_spawned":[1,11,12,19,24,27,28,38,39],"killed_by":"Giant Head","ascension_level":8}