{"gold_per_floor":[115,190,190,206,40,40,40,73,73,92,118,131,56,88,88,187,187,202,102,122,134,134],"floor_reached":22,"playtime":596,"items_purged":["Defend_R","Strike_R"],"score":229,"play_id":"4f37a28f-923f-45ac-b490-fa6e87a3f913","local_time":"20190318230145","is_ascension_mode":false,"campfire_choices":[{"data":"Apotheosis","floor":6,"key":"SMITH"},{"floor":15,"key":"REST"}],"neow_cost":"NONE","seed_source_timestamp":438151053358910,"circlet_count":0,"master_deck":["Strike_R","Strike_R","Strike_R","Strike_R","Defend_R","Defend_R","Defend_R","Bash","Clothesline","Carnage","Apotheosis+1","Sword Boomerang","Uppercut","Spot Weakness","Twin Strike","Demon Form+1","Warcry+1","Feed"],"relics":["Burning Blood","NeowsBlessing","Darkstone Periapt","Calipers","Potion Belt","Frozen Egg 2","Kunai","Cursed Key"],"potions_floor_usage":[16],"damage_taken":[{"damage":0,"enemies":"Small Slimes","floor":1,"turns":1},{"damage":0,"enemies":"2 Louse","floor":4,"turns":1},{"damage":0,"enemies":"Gremlin Nob","floor":8,"turns":1},{"damage":6,"enemies":"Cultist","floor":10,"turns":3},{"damage":36,"enemies":"3 Sentries","floor":11,"turns":7},{"damage":19,"enemies":"Exordium Thugs","floor":12,"turns":3},{"damage":18,"enemies":"Lagavulin","floor":14,"turns":3},{"damage":53,"enemies":"Slime Boss","floor":16,"turns":7},{"damage":23,"enemies":"3 Byrds","floor":18,"turns":5},{"damage":35,"enemies":"Shell Parasite","floor":20,"turns":4},{"damage":32,"enemies":"Shelled Parasite and Fungi","floor":21,"turns":5},{"damage":30,"enemies":"Chosen and Byrds","floor":22,"turns":4}],"seed_played":"8793302850351630291","potions_obtained":[{"floor":4,"key":"FearPotion"},{"floor":8,"key":"Regen Potion"},{"floor":10,"key":"PowerPotion"},{"floor":12,"key":"Energy Potion"},{"floor":21,"key":"SpeedPotion"}],"is_trial":false,"path_per_floor":["M","?","?","M","$","R","?","E","T","M","E","M","$","E","R","B",null,"M","$","M","M","M"],"character_chosen":"IRONCLAD","items_purchased":["Apotheosis"],"campfire_rested":1,"item_purchase_floors":[5],"current_hp_per_floor":[80,69,74,80,80,80,80,85,85,85,55,42,42,30,55,8,85,68,68,39,13,0],"gold":134,"neow_bonus":"THREE_ENEMY_KILL","is_prod":false,"is_daily":false,"chose_seed":false,"campfire_upgraded":1,"win_rate":0,"timestamp":1552917705,"path_taken":["M","?","?","M","$","R","?","E","T","?","E","M","?","E","R","BOSS","M","$","M","M","M"],"build_version":"2019-01-23","purchased_purges":2,"victory":false,"max_hp_per_floor":[80,80,85,85,85,85,85,85,85,85,85,85,85,85,85,85,85,85,85,85,85,85],"card_choices":[{"not_picked":["Wild Strike","Warcry"],"picked":"Clothesline","floor":1},{"not_picked":["Twin Strike","Rampage"],"picked":"Carnage","floor":4},{"not_picked":["Seeing Red","Rage"],"picked":"Sword Boomerang","floor":8},{"not_picked":["Heavy Blade","Infernal Blade"],"picked":"Uppercut","floor":10},{"not_picked":["Reaper","Dual Wield"],"picked":"Spot Weakness","floor":11},{"not_picked":["Clothesline","Sword Boomerang"],"picked":"Twin Strike","floor":12},{"not_picked":["Intimidate","Blood for Blood","Body Slam"],"picked":"SKIP","floor":14},{"not_picked":["Brutality+1","Impervious"],"picked":"Demon Form+1","floor":16},{"not_picked":["Cleave","Clash"],"picked":"Warcry+1","floor":18},{"not_picked":["Body Slam","True Grit","Fire Breathing+1"],"picked":"SKIP","floor":20},{"not_picked":["Havoc","Iron Wave"],"picked":"Feed","floor":21}],"player_experience":309132,"relics_obtained":[{"floor":8,"key":"Calipers"},{"floor":9,"key":"Potion Belt"},{"floor":11,"key":"Frozen Egg 2"},{"floor":14,"key":"Kunai"}],"event_choices":[{"damage_healed":0,"gold_gain":75,"player_choice":"Gather Gold","damage_taken":11,"max_hp_gain":0,"max_hp_loss":0,"event_name":"World of Goop","floor":2,"gold_loss":0},{"damage_healed":0,"gold_gain":0,"player_choice":"Donut","damage_taken":0,"max_hp_gain":5,"max_hp_loss":0,"event_name":"Big Fish","floor":3,"gold_loss":0},{"damage_healed":0,"gold_gain":0,"player_choice":"Gave Potion","damage_taken":0,"relics_obtained":["Darkstone Periapt"],"max_hp_gain":0,"max_hp_loss":0,"event_name":"WeMeetAgain","floor":7,"gold_loss":0}],"is_beta":false,"boss_relics":[{"not_picked":["Runic Pyramid","Snecko Eye"],"picked":"Cursed Key"}],"items_purged_floors":[13,19],"is_endless":false,"potions_floor_spawned":[4,8,10,12,21],"killed_by":"Chosen and Byrds","ascension_level":0}