{"gold_per_floor":[115,133,208,107,107,107,137,137,137,156,190,209,229,240,240,240],"floor_reached":16,"playtime":586,"items_purged":["Strike_B"],"score":102,"play_id":"985c375b-08aa-4814-9803-9ca810f70d68","local_time":"20180715132023","is_ascension_mode":false,"campfire_choices":[{"data":"Zap","floor":6,"key":"SMITH"},{"data":"Dualcast","floor":8,"key":"SMITH"},{"data":"White Noise","floor":15,"key":"SMITH"}],"neow_cost":"NONE","seed_source_timestamp":231520652481113,"circlet_count":0,"master_deck":["Strike_B","Strike_B","Strike_B","Defend_B","Defend_B","Defend_B","Defend_B","Zap+1","Dualcast+1","Cold Snap","Conserve Battery","Cold Snap","Hologram","Go for the Eyes","Buffer","White Noise+1","Glacier"],"special_seed":17727,"relics":["Cracked Core","Art of War","Blood Vial","Smiling Mask"],"potions_floor_usage":[11],"damage_taken":[{"damage":0,"enemies":"Small Slimes","floor":1,"turns":3},{"damage":4,"enemies":"Jaw Worm","floor":2,"turns":3},{"damage":0,"enemies":"2 Louse","floor":10,"turns":2},{"damage":2,"enemies":"Gremlin Nob","floor":11,"turns":3},{"damage":6,"enemies":"Large Slime","floor":12,"turns":7},{"damage":3,"enemies":"2 Fungi Beasts","floor":13,"turns":3},{"damage":9,"enemies":"Gremlin Gang","floor":14,"turns":4},{"damage":58,"enemies":"Hexaghost","floor":16,"turns":16}],"seed_played":"-3267651053854438972","potions_obtained":[{"floor":1,"key":"Swift Potion"},{"floor":10,"key":"FocusPotion"},{"floor":12,"key":"EssenceOfSteel"},{"floor":14,"key":"Ancient Potion"}],"is_trial":false,"path_per_floor":["M","M","?","$","?","R","?","R","T","M","E","M","M","M","R"],"character_chosen":"DEFECT","items_purchased":["Cold Snap"],"campfire_rested":0,"item_purchase_floors":[4],"current_hp_per_floor":[75,71,60,60,60,60,60,60,60,62,62,58,57,50,50,0],"gold":240,"neow_bonus":"RANDOM_COMMON_RELIC","is_prod":false,"is_daily":false,"chose_seed":false,"campfire_upgraded":3,"win_rate":0.0,"timestamp":1531628423,"path_taken":["M","M","?","$","?","R","?","R","T","M","E","?","M","M","R","BOSS"],"build_version":"2018-07-12","purchased_purges":1,"victory":false,"max_hp_per_floor":[75,75,75,75,75,75,75,75,75,75,75,75,75,75,75,75],"card_choices":[{"not_picked":["Static Discharge","Heatsinks"],"picked":"Cold Snap","floor":1},{"not_picked":["Undo","Darkness"],"picked":"Conserve Battery","floor":2},{"not_picked":["Cold Snap","Leap"],"picked":"Hologram","floor":10},{"not_picked":["Conserve Battery","Leap"],"picked":"Go for the Eyes","floor":11},{"not_picked":["Rebound","Streamline"],"picked":"Buffer","floor":12},{"not_picked":["Sweeping Beam","Darkness"],"picked":"White Noise","floor":13},{"not_picked":["Beam Cell","Ball Lightning"],"picked":"Glacier","floor":14}],"player_experience":162217,"relics_obtained":[{"floor":9,"key":"Blood Vial"},{"floor":11,"key":"Smiling Mask"}],"event_choices":[{"event_name":"World of Goop","player_choice":"Gather Gold","floor":3,"damage_taken":0},{"event_name":"Liars Game","player_choice":"disagreed","floor":5,"damage_taken":0},{"event_name":"Dead Adventurer","player_choice":"Searched \u00271\u0027 times","floor":7,"damage_taken":0}],"boss_relics":[],"items_purged_floors":[4],"is_endless":false,"potions_floor_spawned":[1,10,12,14],"killed_by":"Hexaghost","ascension_level":0}