{"gold_per_floor":[115,132,151,164,177,177,102,102,155,174,184,204,204,215,215,313,313,323,335,335],"floor_reached":20,"playtime":1871,"items_purged":["Defend_B"],"score":198,"play_id":"64f14408-7480-40c5-b29f-8ed01fc7cab4","local_time":"20190429150323","is_ascension_mode":true,"campfire_choices":[{"data":"Go for the Eyes","floor":6,"key":"SMITH"},{"floor":15,"key":"REST"}],"neow_cost":"NONE","seed_source_timestamp":54571698909140,"circlet_count":0,"master_deck":["Strike_B","Strike_B","Strike_B+1","Defend_B","Defend_B","Defend_B","Zap","Dualcast","Go for the Eyes+1","Beam Cell+1","Coolheaded","Double Energy","Machine Learning+1","Sweeping Beam","Scrape","Echo Form","Chill","Redo+1"],"relics":["Cracked Core","Whetstone","Nuclear Battery"],"potions_floor_usage":[10,10,14],"damage_taken":[{"damage":1,"enemies":"Cultist","floor":1,"turns":3},{"damage":2,"enemies":"Jaw Worm","floor":2,"turns":4},{"damage":0,"enemies":"2 Louse","floor":3,"turns":3},{"damage":3,"enemies":"Exordium Wildlife","floor":4,"turns":5},{"damage":8,"enemies":"Red Slaver","floor":5,"turns":3},{"damage":15,"enemies":"Lots of Slimes","floor":10,"turns":3},{"damage":16,"enemies":"2 Fungi Beasts","floor":11,"turns":4},{"damage":0,"enemies":"3 Louse","floor":12,"turns":3},{"damage":9,"enemies":"Large Slime","floor":14,"turns":4},{"damage":38,"enemies":"Hexaghost","floor":16,"turns":11},{"damage":31,"enemies":"2 Thieves","floor":18,"turns":3},{"damage":3,"enemies":"Shell Parasite","floor":19,"turns":4},{"damage":42,"enemies":"Centurion and Healer","floor":20,"turns":2}],"seed_played":"-8456107574925853384","potions_obtained":[{"floor":4,"key":"LiquidBronze"},{"floor":5,"key":"Strength Potion"},{"floor":10,"key":"Ancient Potion"},{"floor":11,"key":"FocusPotion"}],"is_trial":false,"path_per_floor":["M","M","M","M","M","R","$","?","T","M","M","M","?","M","R","B",null,"M","M","M"],"character_chosen":"DEFECT","items_purchased":[],"campfire_rested":1,"item_purchase_floors":[],"current_hp_per_floor":[74,72,72,69,61,61,61,61,61,46,30,30,30,21,43,5,75,44,41,0],"gold":335,"neow_bonus":"REMOVE_CARD","is_prod":false,"is_daily":false,"chose_seed":false,"campfire_upgraded":1,"win_rate":0,"timestamp":1556575403,"path_taken":["M","M","M","M","M","R","?","?","T","M","M","M","?","M","R","BOSS","M","M","M"],"build_version":"2019-01-23","purchased_purges":1,"victory":false,"max_hp_per_floor":[75,75,75,75,75,75,75,75,75,75,75,75,75,75,75,75,75,75,75,75],"card_choices":[{"not_picked":["Coolheaded","Streamline"],"picked":"Go for the Eyes","floor":1},{"not_picked":["Redo","Barrage"],"picked":"Beam Cell","floor":2},{"not_picked":["Steam Power","Stack"],"picked":"Coolheaded","floor":3},{"not_picked":["Chaos","Steam"],"picked":"Double Energy","floor":4},{"not_picked":["Hologram","Redo"],"picked":"Machine Learning","floor":5},{"not_picked":["Streamline","Undo","Redo"],"picked":"SKIP","floor":10},{"not_picked":["Stack","Auto Shields"],"picked":"Sweeping Beam","floor":11},{"not_picked":["Streamline","Static Discharge","Redo"],"picked":"SKIP","floor":12},{"not_picked":["Steam Power","Streamline"],"picked":"Scrape","floor":14},{"not_picked":["Thunder Strike","Multi-Cast"],"picked":"Echo Form","floor":16},{"not_picked":["Fusion","Steam Power"],"picked":"Chill","floor":18},{"not_picked":["Streamline","Loop"],"picked":"Redo+1","floor":19}],"player_experience":178094,"relics_obtained":[{"floor":9,"key":"Whetstone"}],"event_choices":[{"damage_healed":0,"gold_gain":0,"player_choice":"Ignored","damage_taken":0,"max_hp_gain":0,"max_hp_loss":0,"event_name":"Golden Idol","floor":8,"gold_loss":0},{"damage_healed":0,"gold_gain":0,"player_choice":"Grow","damage_taken":0,"max_hp_gain":0,"max_hp_loss":0,"event_name":"Living Wall","floor":13,"gold_loss":0,"cards_upgraded":["Machine Learning"]}],"is_beta":false,"boss_relics":[{"not_picked":["Empty Cage","Fusion Hammer"],"picked":"Nuclear Battery"}],"items_purged_floors":[7],"is_endless":false,"potions_floor_spawned":[4,5,10,11],"killed_by":"Centurion and Healer","ascension_level":3}