{"gold_per_floor":[109,125,300,300,314,314,205,225,225,236,65,65,77,27,27,124,124,134,134,134,151,76,76,90,90,90,90,90,90,13,13,13,13],"floor_reached":33,"playtime":650,"items_purged":["Doubt","Strike_B"],"score":235,"play_id":"65d5870d-8fdf-4090-99b6-148728ca209a","local_time":"20190603215448","is_ascension_mode":false,"campfire_choices":[{"data":"Doom and Gloom","floor":6,"key":"SMITH"},{"floor":15,"key":"REST"},{"floor":23,"key":"REST"},{"data":"Sunder","floor":25,"key":"SMITH"},{"floor":32,"key":"REST"}],"neow_cost":"NONE","seed_source_timestamp":56174163477848,"circlet_count":0,"master_deck":["Defend_B","Defend_B","Defend_B","Defend_B","Zap","Dualcast","Cold Snap","Doom and Gloom+1","Zap","Loop","Defragment","Sunder+1","Doom and Gloom","Ball Lightning","Echo Form","Redo+1","Defragment","Loop+1","Auto Shields","Defragment"],"relics":["Philosopher\u0027s Stone"],"potions_floor_usage":[16,16,16,20,21,33,33],"damage_taken":[{"damage":5,"enemies":"Jaw Worm","floor":1,"turns":4},{"damage":0,"enemies":"Cultist","floor":2,"turns":4},{"damage":7,"enemies":"2 Louse","floor":5,"turns":3},{"damage":6,"enemies":"Exordium Wildlife","floor":8,"turns":2},{"damage":7,"enemies":"Lots of Slimes","floor":10,"turns":2},{"damage":17,"enemies":"3 Louse","floor":13,"turns":2},{"damage":2,"enemies":"Slime Boss","floor":16,"turns":7},{"damage":27,"enemies":"Spheric Guardian","floor":18,"turns":5},{"damage":5,"enemies":"3 Byrds","floor":20,"turns":2},{"damage":15,"enemies":"Centurion and Healer","floor":21,"turns":4},{"damage":14,"enemies":"Cultist and Chosen","floor":24,"turns":4},{"damage":78,"enemies":"Collector","floor":33,"turns":7}],"seed_played":"-6752042389804868031","potions_obtained":[{"floor":5,"key":"Dexterity Potion"},{"floor":10,"key":"Poison Potion"},{"floor":13,"key":"EntropicBrew"},{"floor":24,"key":"Poison Potion"}],"is_trial":false,"path_per_floor":["M","M","?","?","M","R","$","M","T","M","$","?","M","?","R","B",null,"M","?","M","M","?","R","M","R","T","$","T","?","$","$","R","B"],"character_chosen":"DEFECT","items_purchased":["Loop","Doom and Gloom","Defragment"],"campfire_rested":3,"item_purchase_floors":[7,11,30],"current_hp_per_floor":[70,70,70,70,63,63,63,57,57,50,50,43,26,26,48,46,75,48,48,43,28,28,50,36,36,36,36,36,36,36,36,58,0],"gold":13,"neow_bonus":"BOSS_RELIC","is_prod":false,"is_daily":false,"chose_seed":false,"campfire_upgraded":2,"win_rate":0,"timestamp":1559591688,"path_taken":["M","M","?","?","?","R","?","M","T","?","$","?","M","?","R","BOSS","M","?","?","M","?","R","M","R","T","$","?","?","?","$","R","BOSS"],"build_version":"2019-01-23","purchased_purges":2,"victory":false,"max_hp_per_floor":[75,75,75,75,75,75,75,75,75,75,75,75,75,75,75,75,75,75,75,75,75,75,75,75,75,75,75,75,75,75,75,75,75],"card_choices":[{"not_picked":["Double Energy","Stack"],"picked":"Cold Snap","floor":1},{"not_picked":["Ball Lightning","BootSequence"],"picked":"Doom and Gloom","floor":2},{"not_picked":["Turbo","Melter","Rebound"],"picked":"SKIP","floor":5},{"not_picked":["Rebound","Leap"],"picked":"Defragment","floor":8},{"not_picked":["Undo","Genetic Algorithm"],"picked":"Sunder","floor":10},{"not_picked":["Reinforced Body","Storm"],"picked":"Ball Lightning","floor":13},{"not_picked":["Creative AI","Biased Cognition"],"picked":"Echo Form","floor":16},{"not_picked":["Steam","Barrage"],"picked":"Redo+1","floor":18},{"not_picked":["Genetic Algorithm+1","Compile Driver+1"],"picked":"Loop+1","floor":21},{"not_picked":["Conserve Battery","Tempest"],"picked":"Auto Shields","floor":24}],"player_experience":296699,"relics_obtained":[],"event_choices":[{"damage_healed":0,"gold_gain":175,"player_choice":"AGREE","damage_taken":0,"max_hp_gain":0,"max_hp_loss":0,"event_name":"Liars Game","floor":3,"gold_loss":0,"cards_obtained":["Doubt"]},{"damage_healed":0,"gold_gain":0,"player_choice":"1 cards matched","damage_taken":0,"max_hp_gain":0,"max_hp_loss":0,"event_name":"Match and Keep!","floor":4,"gold_loss":0,"cards_obtained":["Zap"]},{"cards_removed":["Strike_B"],"damage_healed":0,"gold_gain":0,"player_choice":"Card Removal","damage_taken":7,"max_hp_gain":0,"max_hp_loss":0,"event_name":"Golden Wing","floor":12,"gold_loss":0},{"cards_removed":["Strike_B"],"damage_healed":0,"gold_gain":0,"player_choice":"Card Removal","damage_taken":0,"max_hp_gain":0,"max_hp_loss":0,"event_name":"The Cleric","floor":14,"gold_loss":50},{"damage_healed":0,"gold_gain":0,"player_choice":"Copied","damage_taken":0,"max_hp_gain":0,"max_hp_loss":0,"event_name":"Duplicator","floor":19,"gold_loss":0,"cards_obtained":["Defragment"]},{"cards_removed":["Strike_B"],"damage_healed":0,"gold_gain":0,"player_choice":"Gave Gold","damage_taken":0,"max_hp_gain":0,"max_hp_loss":0,"event_name":"Beggar","floor":22,"gold_loss":75},{"damage_healed":0,"gold_gain":0,"player_choice":"Ignored","damage_taken":0,"max_hp_gain":0,"max_hp_loss":0,"event_name":"Cursed Tome","floor":29,"gold_loss":0}],"is_beta":false,"boss_relics":[{"not_picked":["Nuclear Battery","Snecko Eye","White Beast Statue"]}],"items_purged_floors":[7,11],"is_endless":false,"potions_floor_spawned":[5,10,13,18,24],"killed_by":"Collector","ascension_level":0}