{"gold_per_floor":[114,189,202,212,212,212,242,230,283,309,309,329,354,372,372,372],"floor_reached":16,"playtime":479,"items_purged":[],"score":214,"play_id":"7a892ffc-032a-41de-b181-c407eb82ddc6","local_time":"20190321164446","is_ascension_mode":true,"campfire_choices":[{"data":"Uppercut","floor":6.0,"key":"SMITH"},{"data":"Whirlwind","floor":11.0,"key":"SMITH"},{"data":"Armaments","floor":15,"key":"SMITH"}],"neow_cost":"NONE","seed_source_timestamp":24155826468432,"circlet_count":0,"master_deck":["AscendersBane","Strike_R","Strike_R","Strike_R","Strike_R","Strike_R","Defend_R","Defend_R","Defend_R","Defend_R","Bash","Whirlwind+1","Armaments+1","Uppercut+1","Anger","Feed","True Grit","Feel No Pain"],"special_seed":0,"relics":["Burning Blood","NeowsBlessing","Matryoshka","Omamori","Art of War","Strawberry","The Courier","Dream Catcher"],"potions_floor_usage":[16],"damage_taken":[{"damage":0.0,"enemies":"Small Slimes","floor":1.0,"turns":1.0},{"damage":0.0,"enemies":"Jaw Worm","floor":3.0,"turns":1.0},{"damage":0.0,"enemies":"2 Louse","floor":4.0,"turns":1.0},{"damage":35.0,"enemies":"3 Sentries","floor":7.0,"turns":6.0},{"damage":11.0,"enemies":"Exordium Thugs","floor":8.0,"turns":4.0},{"damage":24.0,"enemies":"Lagavulin","floor":10.0,"turns":8.0},{"damage":20,"enemies":"Large Slime","floor":12,"turns":5},{"damage":40,"enemies":"3 Sentries","floor":13,"turns":5},{"damage":0,"enemies":"3 Louse","floor":14,"turns":1},{"damage":17,"enemies":"Hexaghost","floor":16,"turns":9}],"seed_played":"4781008760272713375","potions_obtained":[{"floor":1.0,"key":"AttackPotion"},{"floor":3.0,"key":"Regen Potion"},{"floor":7.0,"key":"FairyPotion"},{"floor":8.0,"key":"LiquidBronze"}],"is_trial":false,"path_per_floor":["M","?","M","M","T","R","E","M","T","E","R","M","E","M","R","B"],"character_chosen":"IRONCLAD","items_purchased":[],"campfire_rested":0,"item_purchase_floors":[],"current_hp_per_floor":[74,63,69,75,75,75,46,50,57,39,39,28,14,20,20,3],"gold":372,"neow_bonus":"THREE_ENEMY_KILL","is_prod":false,"is_daily":false,"chose_seed":false,"campfire_upgraded":3,"win_rate":0,"timestamp":1553161486,"path_taken":["M","?","M","M","?","R","E","M","T","E","R","M","E","M","R","BOSS"],"build_version":"2019-01-23","purchased_purges":0,"victory":false,"max_hp_per_floor":[75,75,75,75,75,75,75,75,82,82,82,85,88,88,88,88],"card_choices":[{"not_picked":["Dropkick","Feel No Pain"],"picked":"Whirlwind","floor":1.0},{"not_picked":["Warcry","Perfected Strike"],"picked":"Armaments","floor":3.0},{"not_picked":["Clash","True Grit"],"picked":"Uppercut","floor":4.0},{"not_picked":["Flex","Second Wind","Burning Pact"],"picked":"SKIP","floor":7.0},{"not_picked":["Sever Soul","Wild Strike"],"picked":"Anger","floor":8.0},{"not_picked":["Flex","Reckless Charge"],"picked":"Feed","floor":10.0},{"not_picked":["Wild Strike","Combust"],"picked":"True Grit","floor":12},{"not_picked":["Pommel Strike","Warcry"],"picked":"Feel No Pain","floor":13},{"not_picked":["Evolve","Dual Wield","Flex"],"picked":"SKIP","floor":14}],"player_experience":407687,"relics_obtained":[{"floor":5.0,"key":"Matryoshka"},{"floor":7.0,"key":"Omamori"},{"floor":9.0,"key":"Art of War"},{"floor":9.0,"key":"Strawberry"},{"floor":10.0,"key":"The Courier"},{"floor":13,"key":"Dream Catcher"}],"event_choices":[{"damage_healed":0.0,"max_hp_gain":0.0,"max_hp_loss":0.0,"gold_gain":75.0,"event_name":"World of Goop","player_choice":"Gather Gold","floor":2.0,"gold_loss":0.0,"damage_taken":11.0}],"is_beta":false,"boss_relics":[],"items_purged_floors":[],"is_endless":false,"potions_floor_spawned":[1,3,7,8],"killed_by":"Hexaghost","ascension_level":15}