{"gold_per_floor":[209,224,224,174,23,23,23,23,46,60,60,79,98,115,115,213,213,226,244,262,279,279,279,49,68,68,83,83,83],"floor_reached":29,"playtime":913,"items_purged":["Darkness"],"score":219,"play_id":"4d78dc43-a875-456d-b6ba-a6eea909f701","local_time":"20190522213324","is_ascension_mode":false,"campfire_choices":[{"data":"Barrage","floor":6.0,"key":"SMITH"},{"data":"Melter","floor":8.0,"key":"SMITH"},{"data":"Recycle","floor":11.0,"key":"SMITH"},{"data":"Dualcast","floor":15.0,"key":"SMITH"},{"floor":23,"key":"REST"},{"floor":28,"key":"REST"}],"neow_cost":"NONE","seed_source_timestamp":364237906029186,"circlet_count":0,"master_deck":["Strike_B","Strike_B","Defend_B","Defend_B","Defend_B","Defend_B","Zap","Dualcast+1","Barrage+1","Recycle+1","Melter+1","Echo Form","Streamline","Capacitor","Seek","Coolheaded","Cold Snap","Meteor Strike","Chill","Chill"],"special_seed":0,"relics":["Cracked Core","Peace Pipe","Bag of Preparation","energizedSpire:OgreHead","Pantograph"],"potions_floor_usage":[16,29,29],"damage_taken":[{"damage":2.0,"enemies":"Small Slimes","floor":1.0,"turns":3.0},{"damage":1.0,"enemies":"Jaw Worm","floor":2.0,"turns":3.0},{"damage":0.0,"enemies":"Cultist","floor":10.0,"turns":3.0},{"damage":1.0,"enemies":"3 Louse","floor":12.0,"turns":4.0},{"damage":16.0,"enemies":"Large Slime","floor":13.0,"turns":3.0},{"damage":8.0,"enemies":"2 Fungi Beasts","floor":14.0,"turns":3.0},{"damage":33,"enemies":"The Guardian","floor":16,"turns":8},{"damage":8,"enemies":"Shell Parasite","floor":18,"turns":4},{"damage":0,"enemies":"Spheric Guardian","floor":19,"turns":1},{"damage":15,"enemies":"Snecko","floor":20,"turns":6},{"damage":46,"enemies":"Chosen and Byrds","floor":21,"turns":8},{"damage":11,"enemies":"Cultist and Chosen","floor":25,"turns":5},{"damage":15,"enemies":"Centurion and Healer","floor":27,"turns":7},{"damage":51,"enemies":"Gremlin Leader","floor":29,"turns":8}],"seed_played":"-3263687409987343156","potions_obtained":[{"floor":1.0,"key":"Swift Potion"},{"floor":2.0,"key":"AttackPotion"},{"floor":16,"key":"FairyPotion"},{"floor":18,"key":"Weak Potion"},{"floor":21,"key":"Energy Potion"}],"is_trial":false,"path_per_floor":["M","M","?","?","$","R","?","R","T","M","R","M","M","M","R","B",null,"M","M","M","M","?","R","$","M","T","M","R","E"],"character_chosen":"DEFECT","items_purchased":["Recycle","Melter","Meteor Strike"],"campfire_rested":2,"item_purchase_floors":[5,5,24],"current_hp_per_floor":[73,72,65,65,65,65,65,65,65,65,65,64,48,40,40,7,75,67,67,52,6,6,28,28,17,17,2,24,0],"gold":83,"neow_bonus":"HUNDRED_GOLD","is_prod":false,"is_daily":false,"chose_seed":false,"campfire_upgraded":4,"win_rate":0,"timestamp":1558528404,"path_taken":["M","M","?","?","$","R","?","R","T","M","R","M","?","M","R","BOSS","M","M","M","?","?","R","$","M","T","M","R","E"],"build_version":"2019-01-23","purchased_purges":1,"victory":false,"max_hp_per_floor":[75,75,75,75,75,75,75,75,75,75,75,75,75,75,75,75,75,75,75,75,75,75,75,75,75,75,75,75,75],"card_choices":[{"not_picked":["Loop","Turbo"],"picked":"Barrage","floor":1.0},{"not_picked":["Leap","Rebound","Streamline"],"picked":"SKIP","floor":2.0},{"not_picked":["Coolheaded","Loop"],"picked":"Echo Form","floor":10.0},{"not_picked":["Leap","Redo"],"picked":"Streamline","floor":12.0},{"not_picked":["Leap","Stack"],"picked":"Darkness","floor":13.0},{"not_picked":["Conserve Battery","Hologram"],"picked":"Capacitor","floor":14.0},{"not_picked":["Reboot","All For One"],"picked":"Seek","floor":16},{"not_picked":["Skim","Compile Driver","Rip and Tear"],"picked":"SKIP","floor":18},{"not_picked":["Barrage","Beam Cell+1","Rebound"],"picked":"SKIP","floor":19},{"not_picked":["Redo","Force Field"],"picked":"Coolheaded","floor":20},{"not_picked":["Heatsinks+1","Blizzard"],"picked":"Cold Snap","floor":21},{"not_picked":["Sunder","Barrage"],"picked":"Chill","floor":25},{"not_picked":["Doom and Gloom+1","Gash"],"picked":"Chill","floor":27}],"player_experience":449326,"relics_obtained":[{"floor":9.0,"key":"Bag of Preparation"},{"floor":26,"key":"Pantograph"}],"event_choices":[{"cards_removed":["Strike_B"],"damage_healed":0.0,"max_hp_gain":0.0,"max_hp_loss":0.0,"gold_gain":0.0,"event_name":"Golden Wing","player_choice":"Card Removal","floor":3.0,"gold_loss":0.0,"damage_taken":7.0},{"cards_removed":["Strike_B"],"damage_healed":0.0,"max_hp_gain":0.0,"max_hp_loss":0.0,"gold_gain":0.0,"event_name":"The Cleric","player_choice":"Card Removal","floor":4.0,"gold_loss":50.0,"damage_taken":0.0},{"damage_healed":0.0,"max_hp_gain":0.0,"max_hp_loss":0.0,"gold_gain":0.0,"event_name":"Dead Adventurer","player_choice":"Searched \u00272\u0027 times","floor":7.0,"gold_loss":0.0,"damage_taken":0.0,"relics_obtained":["Peace Pipe"]},{"damage_healed":0,"gold_gain":0,"player_choice":"Ignored","damage_taken":0,"max_hp_gain":0,"max_hp_loss":0,"event_name":"Vampires","floor":22,"gold_loss":0}],"is_beta":false,"boss_relics":[{"not_picked":["Tiny House","Velvet Choker"],"picked":"energizedSpire:OgreHead"}],"items_purged_floors":[24],"is_endless":false,"potions_floor_spawned":[1,2,16,18,21,27],"killed_by":"Gremlin Leader","ascension_level":0}