{"gold_per_floor":[117,42,42,42,52,52,4,4,29,29,47,47,47,61,61,61],"floor_reached":16,"playtime":635,"items_purged":["Strike_B"],"score":150,"play_id":"11874afc-ffc2-4410-b9a5-f3938f2985e8","local_time":"20190520223526","is_ascension_mode":true,"campfire_choices":[{"data":"Mayhem","floor":6,"key":"SMITH"},{"data":"Conserve Battery","floor":8,"key":"SMITH"},{"data":"Conserve Battery","floor":10,"key":"SMITH"},{"floor":13,"key":"REST"},{"data":"Conserve Battery","floor":15,"key":"SMITH"}],"neow_cost":"CURSE","seed_source_timestamp":49790562108097,"circlet_count":0,"master_deck":["AscendersBane","Strike_B","Strike_B","Strike_B","Defend_B+1","Defend_B","Defend_B","Defend_B","Zap","Dualcast","Mayhem+1","Good Instincts","Clumsy","Conserve Battery+1","Double Energy+1","Conserve Battery+1","Conserve Battery+1"],"relics":["Cracked Core","Centennial Puzzle"],"potions_floor_usage":[16,16],"damage_taken":[{"damage":0,"enemies":"Cultist","floor":1,"turns":4},{"damage":4,"enemies":"2 Louse","floor":5,"turns":3},{"damage":0,"enemies":"Small Slimes","floor":11,"turns":4},{"damage":1,"enemies":"Blue Slaver","floor":14,"turns":4},{"damage":74,"enemies":"Slime Boss","floor":16,"turns":15}],"seed_played":"3851327341711915485","potions_obtained":[{"floor":5,"key":"SkillPotion"},{"floor":11,"key":"Weak Potion"}],"is_trial":false,"path_per_floor":["M","$","$","?","M","R","$","R","T","R","M","?","R","M","R","B"],"character_chosen":"DEFECT","items_purchased":["Conserve Battery"],"campfire_rested":1,"item_purchase_floors":[7],"current_hp_per_floor":[64,64,64,64,60,60,60,60,60,60,60,46,67,66,66,0],"gold":61,"neow_bonus":"RANDOM_COLORLESS_2","is_prod":false,"is_daily":false,"chose_seed":false,"campfire_upgraded":4,"win_rate":0,"timestamp":1558416926,"path_taken":["M","?","$","?","M","R","$","R","T","R","M","?","R","M","R","BOSS"],"build_version":"2019-01-23","purchased_purges":1,"victory":false,"max_hp_per_floor":[71,71,71,71,71,71,71,71,71,71,71,71,71,71,71,71],"card_choices":[{"not_picked":["Barrage","Defragment"],"picked":"Conserve Battery","floor":1},{"not_picked":["Conserve Battery","Barrage"],"picked":"Double Energy","floor":5},{"not_picked":["Redo","Turbo"],"picked":"Conserve Battery","floor":11},{"not_picked":["Barrage","Gash","Tempest"],"picked":"SKIP","floor":14}],"player_experience":652043,"relics_obtained":[{"floor":9,"key":"Centennial Puzzle"}],"event_choices":[{"damage_healed":0,"gold_gain":0,"player_choice":"Ignored","damage_taken":0,"max_hp_gain":0,"max_hp_loss":0,"event_name":"Liars Game","floor":4,"gold_loss":0},{"damage_healed":0,"gold_gain":0,"player_choice":"Entered Light","damage_taken":14,"max_hp_gain":0,"max_hp_loss":0,"event_name":"Shining Light","floor":12,"gold_loss":0,"cards_upgraded":["Defend_B","Double Energy"]}],"is_beta":false,"boss_relics":[],"items_purged_floors":[2],"is_endless":false,"potions_floor_spawned":[5,11],"killed_by":"Slime Boss","ascension_level":14}