{"gold_per_floor":[118,118,118,139,165,165,203,222,222,222,222,174,174,198,198,324,324,348,367,367,391,406,406,447,447,471,490,464,464,208,229,229,357,357,375,650,674,349,364,405,405,738,738,738,738,748,96,125,125,125],"floor_reached":51,"playtime":5554,"items_purged":[],"score":899,"play_id":"a8bf199a-1cb1-43ec-91a5-046bbe8b5931","local_time":"20190531043216","is_ascension_mode":true,"campfire_choices":[{"data":"Hologram","floor":6.0,"key":"SMITH"},{"floor":11.0,"key":"REST"},{"data":"Conserve Battery","floor":13.0,"key":"SMITH"},{"floor":15.0,"key":"REST"},{"data":"Echo Form","floor":23.0,"key":"SMITH"},{"data":"Cold Snap","floor":25.0,"key":"SMITH"},{"data":"Seek","floor":29.0,"key":"SMITH"},{"data":"Defragment","floor":32.0,"key":"SMITH"},{"data":"Chaos","floor":41.0,"key":"SMITH"},{"data":"Defragment","floor":44.0,"key":"SMITH"},{"data":"Undo","floor":49,"key":"SMITH"}],"neow_cost":"NONE","seed_source_timestamp":0,"circlet_count":0,"master_deck":["Strike_B","Strike_B","Strike_B","Defend_B","Defend_B+1","Defend_B+1","Defend_B","Zap","Dualcast+1","Hologram+1","Coolheaded","Redo","Turbo","Conserve Battery+1","Undo+1","Echo Form+1","Seek+1","Cold Snap+1","Rebound+1","Self Repair+1","Cold Snap+1","Fusion+1","Sweeping Beam","Leap+1","Cold Snap","Defragment+1","Chaos+1","Skim+1","Melter","Amplify","Sunder+1","White Noise+1","Redo+1","Beam Cell+1","Defragment+1","Streamline","Capacitor+1","Conserve Battery+1"],"special_seed":0,"relics":["Cracked Core","Potion Belt","Prayer Wheel","Symbiotic Virus","Eternal Feather","Red Mask","Omamori","Oddly Smooth Stone","Nuclear Battery","Happy Flower","Ancient Tea Set","DataDisk","Thread and Needle","Anchor","Cables"],"potions_floor_usage":[48,48,48,50,50,50],"damage_taken":[{"damage":7.0,"enemies":"Jaw Worm","floor":1.0,"turns":2.0},{"damage":6.0,"enemies":"2 Louse","floor":4.0,"turns":3.0},{"damage":22.0,"enemies":"3 Sentries","floor":7.0,"turns":13.0},{"damage":2.0,"enemies":"Small Slimes","floor":8.0,"turns":3.0},{"damage":0.0,"enemies":"2 Fungi Beasts","floor":14.0,"turns":4.0},{"damage":2.0,"enemies":"Slime Boss","floor":16.0,"turns":9.0},{"damage":0.0,"enemies":"Chosen","floor":18.0,"turns":5.0},{"damage":9.0,"enemies":"3 Byrds","floor":19.0,"turns":6.0},{"damage":15.0,"enemies":"Centurion and Healer","floor":21.0,"turns":13.0},{"damage":12.0,"enemies":"Shelled Parasite and Fungi","floor":22.0,"turns":7.0},{"damage":25.0,"enemies":"Masked Bandits","floor":24.0,"turns":7.0},{"damage":25.0,"enemies":"Snake Plant","floor":27.0,"turns":4.0},{"damage":9.0,"enemies":"Chosen and Byrds","floor":31.0,"turns":9.0},{"damage":11.0,"enemies":"Champ","floor":33.0,"turns":13.0},{"damage":7.0,"enemies":"Orb Walker","floor":35.0,"turns":5.0},{"damage":16.0,"enemies":"3 Darklings","floor":37.0,"turns":6.0},{"damage":26.0,"enemies":"Jaw Worm Horde","floor":39.0,"turns":6.0},{"damage":11.0,"enemies":"Nemesis","floor":40.0,"turns":7.0},{"damage":28,"enemies":"Sphere and 2 Shapes","floor":46,"turns":6},{"damage":51,"enemies":"Reptomancer","floor":48,"turns":8},{"damage":34,"enemies":"Donu and Deca","floor":50,"turns":13}],"seed_played":"-3980444753792053341","potions_obtained":[{"floor":4.0,"key":"Strength Potion"},{"floor":14.0,"key":"Poison Potion"},{"floor":18.0,"key":"Ancient Potion"},{"floor":27.0,"key":"Block Potion"},{"floor":31.0,"key":"Dexterity Potion"},{"floor":35.0,"key":"Swift Potion"},{"floor":46,"key":"Regen Potion"},{"floor":48,"key":"Block Potion"}],"is_trial":false,"path_per_floor":["M","?","?","M","T","R","E","M","T","?","R","$","R","M","R","B",null,"M","M","?","M","M","R","?","R","T","M","$","R","$","M","R","B",null,"M","?","M","$","M","E","R","?","T","R","?","M","$","E","R","B",null],"character_chosen":"DEFECT","items_purchased":["PowerPotion","Cold Snap","Defragment","Oddly Smooth Stone","Chaos","Defragment","Happy Flower","Block Potion","Poison Potion","Thread and Needle","Anchor","LiquidBronze","Dexterity Potion","EssenceOfSteel"],"campfire_rested":2,"item_purchase_floors":[12,28,30,30,30,38,38,38,38,47,47,47,47,47],"current_hp_per_floor":[61,46,46,40,40,40,18,16,16,16,36,36,36,36,56,54,65,65,56,56,41,39,51,46,58,58,33,33,48,48,59,69,58,66,69,69,53,53,27,36,57,57,57,69,69,61,61,45,66,42],"gold":125,"neow_bonus":"UPGRADE_CARD","is_prod":false,"is_daily":false,"chose_seed":false,"campfire_upgraded":9,"win_rate":0,"timestamp":1559302336,"path_taken":["M","?","?","M","?","R","E","M","T","?","R","$","R","M","R","BOSS","M","M","?","M","M","R","?","R","T","M","$","R","$","M","R","BOSS","M","?","?","$","M","E","R","?","T","R","?","M","$","E","R","BOSS"],"build_version":"2019-01-23","purchased_purges":0,"victory":true,"max_hp_per_floor":[75,75,69,69,69,69,69,69,69,69,69,69,69,69,69,69,69,69,69,69,69,69,69,69,69,69,69,69,69,69,69,69,69,69,69,69,69,69,69,69,69,69,69,69,69,69,69,69,69,69],"card_choices":[{"not_picked":["Tempest","Conserve Battery"],"picked":"Hologram","floor":1.0},{"not_picked":["Recycle","Sweeping Beam"],"picked":"Coolheaded","floor":4.0},{"not_picked":["Recycle","Static Discharge"],"picked":"Redo","floor":7.0},{"not_picked":["Coolheaded","Leap"],"picked":"Turbo","floor":8.0},{"not_picked":["Coolheaded","Hologram"],"picked":"Conserve Battery","floor":8.0},{"not_picked":["Rebound","Conserve Battery"],"picked":"Undo","floor":14.0},{"not_picked":["Doom and Gloom","Beam Cell"],"picked":"Echo Form","floor":14.0},{"not_picked":["Machine Learning","Multi-Cast"],"picked":"Seek","floor":16.0},{"not_picked":["Force Field+1","Fusion"],"picked":"Cold Snap+1","floor":18.0},{"not_picked":["Hologram","Barrage","Compile Driver"],"picked":"SKIP","floor":18.0},{"not_picked":["Barrage","Turbo"],"picked":"Rebound+1","floor":19.0},{"not_picked":["Redo","Stack+1","Beam Cell"],"picked":"SKIP","floor":19.0},{"not_picked":["Rebound","Darkness"],"picked":"Self Repair+1","floor":21.0},{"not_picked":["Consume","Gash+1","Fusion"],"picked":"SKIP","floor":21.0},{"not_picked":["Heatsinks","Multi-Cast"],"picked":"Cold Snap","floor":22.0},{"not_picked":["Sweeping Beam","Compile Driver+1"],"picked":"Fusion+1","floor":22.0},{"not_picked":["Rip and Tear+1","Recycle"],"picked":"Sweeping Beam","floor":27.0},{"not_picked":["Rainbow","Compile Driver"],"picked":"Leap+1","floor":27.0},{"not_picked":["Recycle","Conserve Battery"],"picked":"Skim+1","floor":31.0},{"not_picked":["Steam","Sweeping Beam+1"],"picked":"Melter","floor":31.0},{"not_picked":["Meteor Strike","Biased Cognition"],"picked":"Amplify","floor":33.0},{"not_picked":["Double Energy","Coolheaded+1"],"picked":"Sunder+1","floor":35.0},{"not_picked":["Barrage","Heatsinks"],"picked":"White Noise+1","floor":35.0},{"not_picked":["FTL+1","Ball Lightning+1"],"picked":"Redo+1","floor":37.0},{"not_picked":["Storm","Multi-Cast"],"picked":"Beam Cell+1","floor":37.0},{"not_picked":["Beam Cell+1","Stack"],"picked":"Streamline","floor":39.0},{"not_picked":["Steam+1","Ball Lightning+1"],"picked":"Capacitor+1","floor":39.0},{"not_picked":["Gash","Beam Cell","Rebound+1"],"picked":"SKIP","floor":40.0},{"not_picked":["Stack","Sweeping Beam+1"],"picked":"Conserve Battery+1","floor":46},{"not_picked":["Leap","Skim+1","Beam Cell"],"picked":"SKIP","floor":46},{"not_picked":["Multi-Cast","Leap","Stack"],"picked":"SKIP","floor":48}],"player_experience":177658,"relics_obtained":[{"floor":5.0,"key":"Potion Belt"},{"floor":7.0,"key":"Prayer Wheel"},{"floor":9.0,"key":"Symbiotic Virus"},{"floor":24.0,"key":"Red Mask"},{"floor":26.0,"key":"Omamori"},{"floor":40.0,"key":"Ancient Tea Set"},{"floor":43.0,"key":"DataDisk"},{"floor":48,"key":"Cables"}],"event_choices":[{"damage_healed":0.0,"max_hp_gain":0.0,"max_hp_loss":0.0,"gold_gain":0.0,"event_name":"Shining Light","player_choice":"Entered Light","floor":2.0,"gold_loss":0.0,"damage_taken":15.0,"cards_upgraded":["Defend_B","Defend_B"]},{"damage_healed":0.0,"max_hp_gain":0.0,"max_hp_loss":6.0,"gold_gain":0.0,"event_name":"Golden Idol","player_choice":"Lose Max HP","floor":3.0,"gold_loss":0.0,"damage_taken":0.0,"relics_obtained":["Golden Idol"]},{"damage_healed":0.0,"max_hp_gain":0.0,"max_hp_loss":0.0,"gold_gain":0.0,"event_name":"Golden Wing","player_choice":"Ignored","floor":10.0,"gold_loss":0.0,"damage_taken":0.0},{"damage_healed":0.0,"max_hp_gain":0.0,"max_hp_loss":0.0,"gold_gain":0.0,"event_name":"Beggar","player_choice":"Ignored","floor":20.0,"gold_loss":0.0,"damage_taken":0.0},{"damage_healed":0.0,"max_hp_gain":0.0,"max_hp_loss":0.0,"gold_gain":0.0,"event_name":"Masked Bandits","player_choice":"Fought Bandits","floor":24.0,"gold_loss":0.0,"damage_taken":0.0},{"damage_healed":0.0,"max_hp_gain":0.0,"max_hp_loss":0.0,"gold_gain":275.0,"event_name":"Golden Shrine","player_choice":"Desecrate","floor":36.0,"gold_loss":0.0,"damage_taken":0.0,"cards_obtained":["Regret"]},{"damage_healed":0.0,"max_hp_gain":0.0,"max_hp_loss":0.0,"gold_gain":333.0,"event_name":"The Moai Head","player_choice":"Gave Idol","floor":42.0,"relics_lost":["Golden Idol"],"gold_loss":0.0,"damage_taken":0.0},{"cards_removed":["Strike_B"],"damage_healed":0.0,"max_hp_gain":0.0,"max_hp_loss":0.0,"gold_gain":0.0,"event_name":"Falling","player_choice":"Removed Attack","floor":45.0,"gold_loss":0.0,"damage_taken":0.0}],"is_beta":false,"boss_relics":[{"not_picked":["Velvet Choker","Fusion Hammer"],"picked":"Eternal Feather"},{"not_picked":["Coffee Dripper","Calling Bell"],"picked":"Nuclear Battery"}],"items_purged_floors":[],"is_endless":false,"potions_floor_spawned":[4,14,18,27,31,35,46,48],"ascension_level":6}