{"gold_per_floor":[115,115,115,34,50,82,82,104,104,14,34,34,4,34,34,136,136,153,167,167,167,180,180,24,36,36,48,14,14,14,25,25,127,127,138,64,81,3,3,103,103],"floor_reached":41,"playtime":1725,"items_purged":["Regret"],"score":447,"play_id":"c82a3c39-71cd-4dc2-9640-289e036752c6","local_time":"20181124193501","is_ascension_mode":false,"campfire_choices":[{"floor":7,"key":"RECALL"},{"data":"Neutralize","floor":12,"key":"SMITH"},{"data":"Footwork","floor":15,"key":"SMITH"},{"data":"A Thousand Cuts","floor":23,"key":"SMITH"},{"floor":32,"key":"REST"}],"neow_cost":"NONE","seed_source_timestamp":90611076457528,"circlet_count":0,"master_deck":["Defend_G","Defend_G","Defend_G","Defend_G","Survivor","Neutralize+1","Caltrops+1","Footwork+1","Footwork","Prepared","Footwork","Deflect","Blur","A Thousand Cuts+1","Deflect+1","Backflip","Bite","Bite","Caltrops","Sucker Punch","Caltrops","Caltrops","A Thousand Cuts","Good Instincts+1","Master of Strategy+1","Distraction+1","Infinite Blades","Blur","Footwork","Well Laid Plans"],"relics":["Ring of the Snake","Strawberry","Meat on the Bone","Letter Opener","Odd Mushroom","Pear","WristBlade","Bronze Scales","Astrolabe","Unceasing Top"],"potions_floor_usage":[11,14,18,19,25,27,33,33,40,41],"damage_taken":[{"damage":7,"enemies":"2 Louse","floor":1,"turns":2},{"damage":2,"enemies":"Jaw Worm","floor":5,"turns":5},{"damage":46,"enemies":"Lagavulin","floor":6,"turns":16},{"damage":18,"enemies":"The Mushroom Lair","floor":8,"turns":6},{"damage":3,"enemies":"Small Slimes","floor":11,"turns":4},{"damage":0,"enemies":"Looter","floor":13,"turns":4},{"damage":3,"enemies":"Gremlin Nob","floor":14,"turns":6},{"damage":22,"enemies":"The Guardian","floor":16,"turns":18},{"damage":23,"enemies":"Chosen","floor":18,"turns":8},{"damage":14,"enemies":"3 Byrds","floor":19,"turns":3},{"damage":7,"enemies":"Snake Plant","floor":22,"turns":6},{"damage":50,"enemies":"3 Cultists","floor":25,"turns":7},{"damage":7,"enemies":"Centurion and Healer","floor":27,"turns":10},{"damage":18,"enemies":"Snecko","floor":31,"turns":6},{"damage":53,"enemies":"Automaton","floor":33,"turns":12},{"damage":4,"enemies":"3 Darklings","floor":35,"turns":5},{"damage":12,"enemies":"Orb Walker","floor":37,"turns":6},{"damage":12,"enemies":"Mind Bloom Boss Battle","floor":40,"turns":8},{"damage":47,"enemies":"2 Orb Walkers","floor":41,"turns":4}],"seed_played":"8296115671010823829","potions_obtained":[{"floor":1,"key":"SteroidPotion"},{"floor":8,"key":"Regen Potion"},{"floor":11,"key":"Explosive Potion"},{"floor":14,"key":"Explosive Potion"},{"floor":16,"key":"AttackPotion"},{"floor":18,"key":"LiquidBronze"},{"floor":19,"key":"GamblersBrew"},{"floor":25,"key":"LiquidBronze"},{"floor":27,"key":"LiquidBronze"},{"floor":33,"key":"EssenceOfSteel"},{"floor":37,"key":"PowerPotion"}],"is_trial":false,"path_per_floor":["M","?","?","$","M","E","R","?","T","$","M","R","M","E","R","B",null,"M","M","?","?","M","R","$","M","T","M","$","$","?","M","R","B",null,"M","$","M","$","?","?","?"],"character_chosen":"THE_SILENT","items_purchased":["Footwork","Footwork","Deflect","Caltrops","Caltrops","Blur","Well Laid Plans"],"campfire_rested":1,"item_purchase_floors":[4,10,10,24,28,36,38],"current_hp_per_floor":[70,70,70,70,68,34,34,28,28,28,49,49,49,56,56,46,87,64,50,79,60,59,59,59,28,28,37,37,37,37,39,57,34,60,56,56,48,48,48,38,0],"gold":103,"neow_bonus":"RANDOM_COMMON_RELIC","is_prod":false,"is_daily":false,"chose_seed":false,"campfire_upgraded":3,"win_rate":0,"timestamp":1543084501,"path_taken":["M","?","?","?","M","E","R","?","T","$","M","R","M","E","R","BOSS","M","M","?","?","M","R","$","M","T","M","?","$","?","M","R","BOSS","M","$","M","$","?","?","?"],"build_version":"2018-11-15","purchased_purges":1,"victory":false,"max_hp_per_floor":[77,77,77,77,77,77,77,77,77,77,77,77,77,87,87,87,87,87,87,87,60,60,60,60,60,60,60,60,60,60,60,60,60,60,60,60,60,60,60,60,60],"card_choices":[{"not_picked":["Finisher","Poisoned Stab"],"picked":"Caltrops","floor":1},{"not_picked":["Backflip","Blade Dance"],"picked":"Footwork","floor":5},{"not_picked":["Flechettes","Setup","Masterful Stab"],"picked":"SKIP","floor":6},{"not_picked":["Doppelganger","Blade Dance"],"picked":"Prepared","floor":8},{"not_picked":["Deflect","Finisher"],"picked":"Blur","floor":11},{"not_picked":["Underhanded Strike","Outmaneuver","Slice"],"picked":"SKIP","floor":13},{"not_picked":["Bane","Quick Slash","Riddle With Holes"],"picked":"SKIP","floor":14},{"not_picked":["Bullet Time","Grand Finale"],"picked":"A Thousand Cuts","floor":16},{"not_picked":["Finisher","Cloak And Dagger"],"picked":"Deflect+1","floor":18},{"not_picked":["Riddle With Holes","Eviscerate"],"picked":"Backflip","floor":19},{"not_picked":["Crippling Poison+1","Quick Slash+1","Deadly Poison"],"picked":"SKIP","floor":22},{"not_picked":["Eviscerate+1","Deadly Poison"],"picked":"Sucker Punch","floor":25},{"not_picked":["Deflect","Bane"],"picked":"Caltrops","floor":27},{"not_picked":["Dash+1","Blade Dance","Setup+1"],"picked":"SKIP","floor":31},{"not_picked":["Grand Finale","Adrenaline"],"picked":"A Thousand Cuts","floor":33},{"not_picked":["Blade Dance","Underhanded Strike+1"],"picked":"Infinite Blades","floor":35},{"not_picked":["Acrobatics","Backflip+1"],"picked":"Footwork","floor":37}],"player_experience":133396,"relics_obtained":[{"floor":6,"key":"Letter Opener"},{"floor":8,"key":"Odd Mushroom"},{"floor":14,"key":"Pear"},{"floor":26,"key":"Bronze Scales"},{"floor":40,"key":"Unceasing Top"}],"event_choices":[{"damage_healed":0,"gold_gain":0,"player_choice":"Grow","damage_taken":0,"max_hp_gain":0,"max_hp_loss":0,"event_name":"Living Wall","floor":2,"gold_loss":0,"cards_upgraded":["Caltrops"]},{"damage_healed":0,"gold_gain":0,"player_choice":"Box","damage_taken":0,"relics_obtained":["Meat on the Bone"],"max_hp_gain":0,"max_hp_loss":0,"event_name":"Big Fish","floor":3,"gold_loss":0,"cards_obtained":["Regret"]},{"damage_healed":0,"gold_gain":0,"player_choice":"Fought Mushrooms","damage_taken":0,"max_hp_gain":0,"max_hp_loss":0,"event_name":"Mushrooms","floor":8,"gold_loss":0},{"damage_healed":29,"gold_gain":0,"player_choice":"Heal","damage_taken":0,"max_hp_gain":0,"max_hp_loss":0,"event_name":"The Library","floor":20,"gold_loss":0},{"damage_healed":0,"gold_gain":0,"player_choice":"Became a vampire","damage_taken":0,"max_hp_gain":0,"max_hp_loss":27,"event_name":"Vampires","floor":21,"gold_loss":0,"cards_obtained":["Bite","Bite","Bite","Bite","Bite"]},{"damage_healed":0,"gold_gain":0,"player_choice":"Ignored","damage_taken":0,"max_hp_gain":0,"max_hp_loss":0,"event_name":"N\u0027loth","floor":30,"gold_loss":0},{"cards_removed":["Bite"],"damage_healed":0,"gold_gain":0,"player_choice":"Removed Attack","damage_taken":0,"max_hp_gain":0,"max_hp_loss":0,"event_name":"Falling","floor":39,"gold_loss":0},{"damage_healed":0,"gold_gain":0,"player_choice":"Fight","damage_taken":0,"max_hp_gain":0,"max_hp_loss":0,"event_name":"MindBloom","floor":40,"gold_loss":0},{"damage_healed":0,"gold_gain":0,"player_choice":"Fight","damage_taken":0,"max_hp_gain":0,"max_hp_loss":0,"event_name":"Mysterious Sphere","floor":41,"gold_loss":0}],"is_beta":false,"boss_relics":[{"not_picked":["Coffee Dripper","Tiny House"],"picked":"WristBlade"},{"not_picked":["Pandora\u0027s Box","White Beast Statue"],"picked":"Astrolabe"}],"items_purged_floors":[24],"is_endless":false,"potions_floor_spawned":[1,8,11,14,16,18,19,25,27,33,37],"killed_by":"2 Orb Walkers","ascension_level":0}