{"gold_per_floor":[117,117,117,132,146,146,158,177,177,177,194,194,213,223,223,318,318,337,337,350,370,380,380,410,410,410,410,427,427,462,27,27,27],"floor_reached":33,"playtime":3875,"items_purged":["Defend_B"],"score":306,"play_id":"672815d3-a296-4b0d-8a10-60c9cadacc98","local_time":"20190421221107","is_ascension_mode":false,"campfire_choices":[{"data":"BootSequence","floor":6,"key":"SMITH"},{"data":"Loop","floor":10,"key":"SMITH"},{"data":"Sunder","floor":15,"key":"SMITH"},{"floor":23,"key":"REST"},{"floor":25,"key":"REST"},{"floor":32,"key":"REST"}],"neow_cost":"NONE","seed_source_timestamp":940513151834136,"circlet_count":0,"master_deck":["Defend_B","Defend_B","Defend_B","Zap","Dualcast","Cold Snap","Loop+1","BootSequence+1","Auto Shields","Beam Cell+1","Sunder+1","Fission","Cold Snap+1","Reboot","Bite","Bite","Bite","Bite","Bite","Go for the Eyes+1","Glacier","Glacier+1","Skim","Scrape","Loop"],"relics":["Runic Pyramid","Nunchaku","Pocketwatch","Nuclear Battery","NlothsMask","Calipers","Girya","Membership Card","Bag of Marbles"],"potions_floor_usage":[],"damage_taken":[{"damage":7,"enemies":"Jaw Worm","floor":1,"turns":5},{"damage":0,"enemies":"Cultist","floor":4,"turns":4},{"damage":0,"enemies":"Small Slimes","floor":5,"turns":3},{"damage":0,"enemies":"Exordium Thugs","floor":7,"turns":6},{"damage":0,"enemies":"Blue Slaver","floor":8,"turns":4},{"damage":0,"enemies":"Red Slaver","floor":11,"turns":3},{"damage":0,"enemies":"2 Fungi Beasts","floor":13,"turns":4},{"damage":0,"enemies":"Looter","floor":14,"turns":2},{"damage":3,"enemies":"The Guardian","floor":16,"turns":10},{"damage":0,"enemies":"Chosen","floor":18,"turns":3},{"damage":0,"enemies":"2 Thieves","floor":20,"turns":3},{"damage":15,"enemies":"Shelled Parasite and Fungi","floor":21,"turns":7},{"damage":11,"enemies":"Centurion and Healer","floor":22,"turns":6},{"damage":32,"enemies":"Slavers","floor":24,"turns":6},{"damage":6,"enemies":"Snecko","floor":28,"turns":3},{"damage":55,"enemies":"Gremlin Leader","floor":30,"turns":14},{"damage":66,"enemies":"Collector","floor":33,"turns":14}],"seed_played":"-4417986900601892992","potions_obtained":[{"floor":5,"key":"FearPotion"},{"floor":7,"key":"Strength Potion"},{"floor":8,"key":"Poison Potion"}],"is_trial":false,"path_per_floor":["M","?","?","M","M","R","M","M","T","R","M","?","M","M","R","B",null,"M","?","M","M","M","R","E","R","T","?","M","?","E","$","R","B"],"character_chosen":"DEFECT","items_purchased":["Skim","Membership Card","Bag of Marbles","Scrape","Loop"],"campfire_rested":3,"item_purchase_floors":[31,31,31,31,31],"current_hp_per_floor":[68,56,56,56,56,56,56,56,56,56,56,56,56,56,56,53,75,75,75,75,60,49,71,39,61,61,52,48,48,19,19,34,0],"gold":27,"neow_bonus":"BOSS_RELIC","is_prod":false,"is_daily":false,"chose_seed":false,"campfire_upgraded":3,"win_rate":0.0,"timestamp":1555909867,"path_taken":["M","?","?","M","M","R","M","M","T","R","?","?","M","?","R","BOSS","M","?","?","M","M","R","E","R","T","?","M","?","E","$","R","BOSS"],"build_version":"2019-01-23","purchased_purges":1,"victory":false,"max_hp_per_floor":[75,75,75,75,75,75,75,75,75,75,75,75,75,75,75,75,75,75,75,75,75,75,75,75,75,75,52,52,52,52,52,52,52],"card_choices":[{"not_picked":["Steam","Steam Power"],"picked":"Cold Snap","floor":1},{"not_picked":["Hello World","Heatsinks"],"picked":"Loop","floor":4},{"not_picked":["Static Discharge","Blizzard"],"picked":"BootSequence","floor":5},{"not_picked":["Redo","Stack"],"picked":"Auto Shields","floor":7},{"not_picked":["Chaos","Go for the Eyes"],"picked":"Beam Cell","floor":8},{"not_picked":["Leap","Redo","Hello World"],"picked":"SKIP","floor":11},{"not_picked":["Streamline","Cold Snap"],"picked":"Sunder","floor":13},{"not_picked":["Steam","Doom and Gloom","Conserve Battery"],"picked":"SKIP","floor":14},{"not_picked":["Meteor Strike","Seek"],"picked":"Fission","floor":16},{"not_picked":["White Noise","Hologram"],"picked":"Cold Snap+1","floor":18},{"not_picked":["Coolheaded","Sweeping Beam","Turbo+1"],"picked":"SKIP","floor":20},{"not_picked":["Auto Shields","Hello World","Fusion"],"picked":"SKIP","floor":21},{"not_picked":["Stack+1","Steam Power"],"picked":"Reboot","floor":22},{"not_picked":["Ball Lightning","Turbo","Hologram"],"picked":"SKIP","floor":24},{"not_picked":["Loop","Darkness"],"picked":"Go for the Eyes+1","floor":28},{"not_picked":["Coolheaded","Hologram"],"picked":"Glacier+1","floor":30}],"player_experience":45699,"relics_obtained":[{"floor":9,"key":"Pocketwatch"},{"floor":24,"key":"Calipers"},{"floor":30,"key":"Girya"}],"event_choices":[{"damage_healed":0,"gold_gain":0,"player_choice":"Success","damage_taken":12,"relics_obtained":["Nunchaku"],"max_hp_gain":0,"max_hp_loss":0,"event_name":"Scrap Ooze","floor":2,"gold_loss":0},{"damage_healed":0,"gold_gain":0,"player_choice":"Ignored","damage_taken":0,"max_hp_gain":0,"max_hp_loss":0,"event_name":"NoteForYourself","floor":3,"gold_loss":0},{"damage_healed":0,"gold_gain":0,"player_choice":"Upgraded","damage_taken":0,"max_hp_gain":0,"max_hp_loss":0,"event_name":"Upgrade Shrine","floor":12,"gold_loss":0,"cards_upgraded":["Beam Cell"]},{"damage_healed":0,"gold_gain":0,"player_choice":"Trade","damage_taken":0,"relics_obtained":["NlothsMask"],"max_hp_gain":0,"max_hp_loss":0,"event_name":"FaceTrader","floor":19,"gold_loss":0},{"damage_healed":0,"gold_gain":0,"player_choice":"Became a vampire","damage_taken":0,"max_hp_gain":0,"max_hp_loss":23,"event_name":"Vampires","floor":27,"gold_loss":0,"cards_obtained":["Bite","Bite","Bite","Bite","Bite"]},{"damage_healed":0,"gold_gain":0,"player_choice":"Read","damage_taken":0,"max_hp_gain":0,"max_hp_loss":0,"event_name":"The Library","floor":29,"gold_loss":0,"cards_obtained":["Glacier"]}],"is_beta":false,"boss_relics":[{"not_picked":["Philosopher\u0027s Stone","Ectoplasm"],"picked":"Nuclear Battery"}],"items_purged_floors":[31],"is_endless":false,"potions_floor_spawned":[4,5,7,8,11,22,24],"killed_by":"Collector","ascension_level":0}