{"gold_per_floor":[112,129,129,142,157,192,192,209,209,209,56,56,56,89,89,89],"floor_reached":16,"playtime":1022,"items_purged":["Injury"],"score":132,"play_id":"a0bc8a87-b921-45bb-a777-0185613dcfea","local_time":"20190529174252","is_ascension_mode":true,"campfire_choices":[{"data":"Conserve Battery","floor":7,"key":"SMITH"},{"data":"Melter","floor":12,"key":"SMITH"},{"floor":15,"key":"REST"}],"neow_cost":"NONE","seed_source_timestamp":32927124866200,"circlet_count":0,"master_deck":["Strike_B","Strike_B","Strike_B","Strike_B","Defend_B","Defend_B","Defend_B","Zap","Dualcast","Coolheaded","Conserve Battery+1","Melter+1","Capacitor+1","Gash"],"relics":["Cracked Core","Potion Belt","Dodecahedron","Frozen Egg 2","Golden Idol","The Courier","Meat on the Bone"],"potions_floor_usage":[14],"damage_taken":[{"damage":0,"enemies":"Small Slimes","floor":1,"turns":3},{"damage":0,"enemies":"2 Louse","floor":2,"turns":3},{"damage":0,"enemies":"Jaw Worm","floor":4,"turns":4},{"damage":10,"enemies":"3 Louse","floor":5,"turns":4},{"damage":26,"enemies":"Gremlin Nob","floor":6,"turns":4},{"damage":9,"enemies":"Blue Slaver","floor":8,"turns":4},{"damage":15,"enemies":"3 Sentries","floor":14,"turns":9},{"damage":56,"enemies":"The Guardian","floor":16,"turns":11}],"seed_played":"-4432716348760192630","potions_obtained":[{"floor":2,"key":"Dexterity Potion"},{"floor":14,"key":"Ancient Potion"}],"is_trial":false,"path_per_floor":["M","M","?","M","M","E","R","M","T","?","$","R","?","E","R","B"],"character_chosen":"DEFECT","items_purchased":["Capacitor+1"],"campfire_rested":1,"item_purchase_floors":[11],"current_hp_per_floor":[75,75,68,68,58,32,32,23,23,23,23,23,16,1,23,0],"gold":89,"neow_bonus":"RANDOM_COMMON_RELIC","is_prod":false,"is_daily":false,"chose_seed":false,"campfire_upgraded":2,"win_rate":0,"timestamp":1559176972,"path_taken":["M","M","?","M","M","E","R","M","T","?","$","R","?","E","R","BOSS"],"build_version":"2019-01-23","purchased_purges":1,"victory":false,"max_hp_per_floor":[75,75,75,75,75,75,75,75,75,75,75,75,75,75,75,75],"card_choices":[{"not_picked":["Turbo","Capacitor"],"picked":"Coolheaded","floor":1},{"not_picked":["Barrage","Go for the Eyes"],"picked":"Conserve Battery","floor":2},{"not_picked":["Compile Driver","Darkness"],"picked":"Melter","floor":4},{"not_picked":["Melter","Redo","Turbo"],"picked":"SKIP","floor":5},{"not_picked":["Melter","Recycle","Compile Driver"],"picked":"SKIP","floor":6},{"not_picked":["Force Field","Melter","Hello World"],"picked":"SKIP","floor":8},{"not_picked":["Turbo","Skim"],"picked":"Gash","floor":14}],"player_experience":128556,"relics_obtained":[{"floor":6,"key":"Dodecahedron"},{"floor":9,"key":"Frozen Egg 2"},{"floor":14,"key":"Meat on the Bone"}],"event_choices":[{"cards_removed":["Defend_B"],"damage_healed":0,"gold_gain":0,"player_choice":"Card Removal","damage_taken":7,"max_hp_gain":0,"max_hp_loss":0,"event_name":"Golden Wing","floor":3,"gold_loss":0},{"damage_healed":0,"gold_gain":0,"player_choice":"Take Wound","damage_taken":0,"relics_obtained":["Golden Idol"],"max_hp_gain":0,"max_hp_loss":0,"event_name":"Golden Idol","floor":10,"gold_loss":0,"cards_obtained":["Injury"]},{"damage_healed":0,"gold_gain":0,"player_choice":"Success","damage_taken":7,"relics_obtained":["The Courier"],"max_hp_gain":0,"max_hp_loss":0,"event_name":"Scrap Ooze","floor":13,"gold_loss":0}],"is_beta":false,"boss_relics":[],"items_purged_floors":[11],"is_endless":false,"potions_floor_spawned":[2,14],"killed_by":"The Guardian","ascension_level":4}