{"gold_per_floor":[411,426,444,394,319,319,319,319,319,35,35,50,66,78,78,151,151,170,184,108,124,124],"floor_reached":22,"playtime":889,"items_purged":["Defend_B","Strike_B"],"score":303,"play_id":"541427a2-3be0-4434-9542-5e3d07d446e5","local_time":"20190520193108","is_ascension_mode":true,"campfire_choices":[{"data":"Zap","floor":6,"key":"SMITH"},{"data":"Conserve Battery","floor":8,"key":"SMITH"},{"data":"Reinforced Body","floor":15,"key":"SMITH"}],"neow_cost":"TEN_PERCENT_HP_LOSS","seed_source_timestamp":44165138731724,"circlet_count":0,"master_deck":["AscendersBane","Strike_B","Strike_B","Strike_B","Defend_B","Defend_B","Zap+1","Dualcast","Conserve Battery","Conserve Battery+1","Self Repair","Reinforced Body+1","Ball Lightning","Conserve Battery","Meteor Strike"],"relics":["Cracked Core","Old Coin","Sundial","DataDisk","Black Star","Regal Pillow"],"potions_floor_usage":[12,16,19,22],"damage_taken":[{"damage":1,"enemies":"Cultist","floor":1,"turns":4},{"damage":2,"enemies":"2 Louse","floor":2,"turns":3},{"damage":7,"enemies":"Jaw Worm","floor":3,"turns":4},{"damage":2,"enemies":"Lots of Slimes","floor":12,"turns":5},{"damage":9,"enemies":"3 Louse","floor":13,"turns":3},{"damage":0,"enemies":"Red Slaver","floor":14,"turns":3},{"damage":7,"enemies":"The Guardian","floor":16,"turns":10},{"damage":18,"enemies":"2 Thieves","floor":18,"turns":4},{"damage":0,"enemies":"Chosen","floor":19,"turns":5},{"damage":19,"enemies":"Snake Plant","floor":21,"turns":5},{"damage":58,"enemies":"3 Cultists","floor":22,"turns":5}],"seed_played":"7454963681316824226","potions_obtained":[{"floor":2,"key":"Block Potion"},{"floor":12,"key":"Block Potion"},{"floor":13,"key":"SteroidPotion"},{"floor":14,"key":"AttackPotion"},{"floor":21,"key":"Swift Potion"}],"is_trial":false,"path_per_floor":["M","M","M","?","$","R","?","R","T","$","?","M","M","M","R","B",null,"M","M","?","M","M"],"character_chosen":"DEFECT","items_purchased":["DataDisk","Reinforced Body"],"campfire_rested":0,"item_purchase_floors":[10,10],"current_hp_per_floor":[63,61,54,54,54,54,54,54,54,54,64,64,55,62,62,62,64,53,60,60,48,0],"gold":124,"neow_bonus":"ONE_RARE_RELIC","is_prod":false,"is_daily":false,"chose_seed":false,"campfire_upgraded":3,"win_rate":0,"timestamp":1558405868,"path_taken":["M","?","M","?","$","R","?","R","T","$","?","M","M","M","R","BOSS","M","?","?","?","M"],"build_version":"2019-01-23","purchased_purges":2,"victory":false,"max_hp_per_floor":[64,64,64,64,64,64,64,64,64,64,64,64,64,64,64,64,64,64,64,64,64,64],"card_choices":[{"not_picked":["Genetic Algorithm","Beam Cell"],"picked":"Conserve Battery","floor":1},{"not_picked":["Stack","Storm"],"picked":"Conserve Battery","floor":2},{"not_picked":["Steam","Consume"],"picked":"Self Repair","floor":3},{"not_picked":["Aggregate","Barrage"],"picked":"Ball Lightning","floor":12},{"not_picked":["Rebound","Redo"],"picked":"Conserve Battery","floor":13},{"not_picked":["Redo","White Noise","Turbo"],"picked":"SKIP","floor":14},{"not_picked":["Reboot","Multi-Cast"],"picked":"Meteor Strike","floor":16},{"not_picked":["Ball Lightning","Chaos","Genetic Algorithm"],"picked":"SKIP","floor":18},{"not_picked":["Streamline+1","Capacitor","Cold Snap"],"picked":"SKIP","floor":19},{"not_picked":["Storm","Coolheaded","Barrage+1"],"picked":"SKIP","floor":21}],"player_experience":646535,"relics_obtained":[{"floor":9,"key":"Sundial"}],"event_choices":[{"cards_removed":["Defend_B"],"damage_healed":0,"gold_gain":0,"player_choice":"Card Removal","damage_taken":0,"max_hp_gain":0,"max_hp_loss":0,"event_name":"The Cleric","floor":4,"gold_loss":50},{"damage_healed":0,"gold_gain":0,"player_choice":"Ignored","damage_taken":0,"max_hp_gain":0,"max_hp_loss":0,"event_name":"Liars Game","floor":7,"gold_loss":0},{"damage_healed":10,"gold_gain":0,"player_choice":"Full Heal","damage_taken":0,"max_hp_gain":0,"max_hp_loss":0,"event_name":"Wheel of Change","floor":11,"gold_loss":0},{"damage_healed":0,"gold_gain":0,"player_choice":"Paid Gold","damage_taken":0,"relics_obtained":["Regal Pillow"],"max_hp_gain":0,"max_hp_loss":0,"event_name":"WeMeetAgain","floor":20,"gold_loss":76}],"is_beta":false,"boss_relics":[{"not_picked":["Coffee Dripper","Snecko Eye"],"picked":"Black Star"}],"items_purged_floors":[5,10],"is_endless":false,"potions_floor_spawned":[2,12,13,14,21],"killed_by":"3 Cultists","ascension_level":14}