{"gold_per_floor":[110,60,60,135,135,135,168,184,184,196,206,216,216,216,216,319,319,336,355,169,169,181,181,181,181,228,248,260,260,260,275,275,275],"floor_reached":33,"playtime":4322,"items_purged":["Strike_G"],"score":247,"play_id":"3e7e0420-96a0-421c-84f2-69e5f75151b1","local_time":"20190422125144","is_ascension_mode":false,"campfire_choices":[{"data":"Survivor","floor":6.0,"key":"SMITH"},{"floor":13.0,"key":"REST"},{"data":"Bouncing Flask","floor":15.0,"key":"SMITH"},{"data":"Neutralize","floor":23.0,"key":"SMITH"},{"floor":25.0,"key":"REST"},{"floor":29.0,"key":"REST"},{"floor":32,"key":"REST"}],"neow_cost":"NONE","seed_source_timestamp":630154384738046,"circlet_count":0,"master_deck":["Defend_G+1","Defend_G+1","Defend_G+1","Defend_G+1","Defend_G+1","Strike_G+1","Strike_G+1","Survivor+1","Neutralize+1","Quick Slash","After Image","Bouncing Flask+1","All Out Attack","Terror","Poisoned Stab","Malaise","Bane","Backstab+1","Leg Sweep","Footwork","Quick Slash","Cloak And Dagger+1","Dodge and Roll+1","Crippling Poison+1"],"special_seed":0,"relics":["Runic Pyramid"],"potions_floor_usage":[33,33,33],"damage_taken":[{"damage":3.0,"enemies":"Jaw Worm","floor":1.0,"turns":4.0},{"damage":23.0,"enemies":"3 Sentries","floor":7.0,"turns":11.0},{"damage":0.0,"enemies":"Small Slimes","floor":8.0,"turns":4.0},{"damage":2.0,"enemies":"Cultist","floor":10.0,"turns":4.0},{"damage":14.0,"enemies":"3 Louse","floor":11.0,"turns":4.0},{"damage":3.0,"enemies":"Blue Slaver","floor":12.0,"turns":3.0},{"damage":34.0,"enemies":"The Guardian","floor":16.0,"turns":8.0},{"damage":12.0,"enemies":"Spheric Guardian","floor":18.0,"turns":4.0},{"damage":10.0,"enemies":"Shell Parasite","floor":19.0,"turns":5.0},{"damage":9.0,"enemies":"Centurion and Healer","floor":22.0,"turns":5.0},{"damage":23.0,"enemies":"Colosseum Slavers","floor":24.0,"turns":7.0},{"damage":9.0,"enemies":"Sentry and Sphere","floor":27.0,"turns":7.0},{"damage":12.0,"enemies":"Shelled Parasite and Fungi","floor":28.0,"turns":7.0},{"damage":14,"enemies":"Centurion and Healer","floor":31,"turns":10},{"damage":45,"enemies":"Champ","floor":33,"turns":13}],"seed_played":"-2632659885056302253","potions_obtained":[{"floor":8.0,"key":"LiquidBronze"},{"floor":10.0,"key":"FearPotion"},{"floor":12.0,"key":"Dexterity Potion"},{"floor":28.0,"key":"Energy Potion"},{"floor":31,"key":"Fire Potion"}],"is_trial":false,"path_per_floor":["M","?","?","?","?","R","E","M","T","M","M","M","R","?","R","B",null,"M","M","$","?","M","R","?","R","T","M","M","R","?","M","R","B"],"character_chosen":"THE_SILENT","items_purchased":["Leg Sweep","Footwork"],"campfire_rested":4,"item_purchase_floors":[20,20],"current_hp_per_floor":[67,67,67,56,61,61,38,38,38,36,22,19,41,41,41,7,75,63,53,53,53,44,44,21,43,43,34,22,44,35,21,43,0],"gold":275,"neow_bonus":"BOSS_RELIC","is_prod":false,"is_daily":false,"chose_seed":false,"campfire_upgraded":3,"win_rate":0,"timestamp":1555930304,"path_taken":["M","?","?","?","?","R","E","M","T","M","M","?","R","?","R","BOSS","M","M","$","?","M","R","?","R","T","M","M","R","?","M","R","BOSS"],"build_version":"2019-01-23","purchased_purges":1,"victory":false,"max_hp_per_floor":[70,70,70,70,75,75,75,75,75,75,75,75,75,75,75,75,75,75,75,75,75,75,75,75,75,75,75,75,75,75,75,75,75],"card_choices":[{"not_picked":["PiercingWail","Well Laid Plans"],"picked":"Quick Slash","floor":1.0},{"not_picked":["Catalyst","Dagger Throw"],"picked":"After Image","floor":7.0},{"not_picked":["Endless Agony","Heel Hook"],"picked":"Bouncing Flask","floor":8.0},{"not_picked":["Dagger Spray","Prepared"],"picked":"All Out Attack","floor":10.0},{"not_picked":["Underhanded Strike","Prepared"],"picked":"Terror","floor":11.0},{"not_picked":["Deadly Poison","Acrobatics"],"picked":"Poisoned Stab","floor":12.0},{"not_picked":["Doppelganger","Night Terror"],"picked":"Malaise","floor":16.0},{"not_picked":["Crippling Poison","PiercingWail+1"],"picked":"Bane","floor":18.0},{"not_picked":["Cloak And Dagger","Poisoned Stab+1"],"picked":"Backstab+1","floor":19.0},{"not_picked":["Accuracy+1","Blade Dance"],"picked":"Quick Slash","floor":22.0},{"not_picked":["Tactician","Sucker Punch"],"picked":"Cloak And Dagger+1","floor":27.0},{"not_picked":["Blur","Cloak And Dagger+1"],"picked":"Dodge and Roll+1","floor":28.0},{"not_picked":["Concentrate+1","Skewer+1"],"picked":"Crippling Poison+1","floor":31}],"player_experience":251191,"relics_obtained":[],"event_choices":[{"cards_removed":["Strike_G"],"damage_healed":0.0,"max_hp_gain":0.0,"max_hp_loss":0.0,"gold_gain":0.0,"event_name":"The Cleric","player_choice":"Card Removal","floor":2.0,"gold_loss":50.0,"damage_taken":0.0},{"cards_removed":["Strike_G"],"damage_healed":0.0,"max_hp_gain":0.0,"max_hp_loss":0.0,"gold_gain":0.0,"event_name":"Living Wall","player_choice":"Forget","floor":3.0,"gold_loss":0.0,"damage_taken":0.0},{"damage_healed":0.0,"max_hp_gain":0.0,"max_hp_loss":0.0,"gold_gain":75.0,"event_name":"World of Goop","player_choice":"Gather Gold","floor":4.0,"gold_loss":0.0,"damage_taken":11.0},{"damage_healed":0.0,"max_hp_gain":5.0,"max_hp_loss":0.0,"gold_gain":0.0,"event_name":"Big Fish","player_choice":"Donut","floor":5.0,"gold_loss":0.0,"damage_taken":0.0},{"damage_healed":0.0,"max_hp_gain":0.0,"max_hp_loss":0.0,"gold_gain":0.0,"event_name":"Wheel of Change","player_choice":"Relic","floor":14.0,"gold_loss":0.0,"damage_taken":0.0},{"damage_healed":0.0,"max_hp_gain":0.0,"max_hp_loss":0.0,"gold_gain":0.0,"event_name":"Back to Basics","player_choice":"Simplicity","floor":21.0,"gold_loss":0.0,"damage_taken":0.0,"cards_upgraded":["Defend_G","Defend_G","Defend_G","Defend_G","Defend_G","Strike_G","Strike_G"]},{"damage_healed":0.0,"max_hp_gain":0.0,"max_hp_loss":0.0,"gold_gain":0.0,"event_name":"Colosseum","player_choice":"Fight","floor":24.0,"gold_loss":0.0,"damage_taken":0.0},{"damage_healed":0.0,"max_hp_gain":0.0,"max_hp_loss":0.0,"gold_gain":0.0,"event_name":"Colosseum","player_choice":"Fled From Nobs","floor":24.0,"gold_loss":0.0,"damage_taken":0.0},{"damage_healed":0.0,"max_hp_gain":0.0,"max_hp_loss":0.0,"gold_gain":0.0,"event_name":"Cursed Tome","player_choice":"Stopped","floor":30.0,"gold_loss":0.0,"damage_taken":9.0}],"is_beta":false,"boss_relics":[{"not_picked":["Philosopher\u0027s Stone","HoveringKite","WristBlade"]}],"items_purged_floors":[20],"is_endless":false,"potions_floor_spawned":[8,10,12,18,24,28,31],"killed_by":"Champ","ascension_level":0}