{"gold_per_floor":[361,361,381,399,399,429,429,442,465,481,46,74,93,50,50,126,126,143,143,143,161,180,105,105,105,131,142,157,174,174],"floor_reached":30,"playtime":1790,"items_purged":["Defend_B"],"score":415,"play_id":"56fffa42-1615-4b10-a335-18bdb9cd621b","local_time":"20190521195744","is_ascension_mode":true,"campfire_choices":[{"floor":7,"key":"REST"},{"floor":15,"key":"REST"},{"floor":24,"key":"REST"}],"neow_cost":"TEN_PERCENT_HP_LOSS","seed_source_timestamp":65174016089416,"circlet_count":0,"master_deck":["AscendersBane","Defend_B+1","Defend_B","Defend_B","Zap+1","Dualcast","Cold Snap+1","Fission","Defragment","Apotheosis+1","Reinforced Body+1","Echo Form","Hologram+1","Redo+1","Conserve Battery+1","Thunder Strike","Go for the Eyes","Writhe","Conserve Battery+1","Double Energy+1"],"relics":["Cracked Core","War Paint","Potion Belt","Toxic Egg 2","Anchor","White Beast Statue","Ice Cream","Bag of Marbles"],"potions_floor_usage":[12,12,12,13,21,22,28,29],"damage_taken":[{"damage":2,"enemies":"2 Louse","floor":1,"turns":4},{"damage":1,"enemies":"Cultist","floor":3,"turns":3},{"damage":7,"enemies":"Jaw Worm","floor":4,"turns":4},{"damage":21,"enemies":"3 Sentries","floor":6,"turns":9},{"damage":9,"enemies":"Blue Slaver","floor":8,"turns":5},{"damage":9,"enemies":"Lots of Slimes","floor":10,"turns":5},{"damage":4,"enemies":"Gremlin Nob","floor":12,"turns":3},{"damage":19,"enemies":"Exordium Wildlife","floor":13,"turns":7},{"damage":21,"enemies":"The Guardian","floor":16,"turns":12},{"damage":16,"enemies":"Spheric Guardian","floor":18,"turns":4},{"damage":12,"enemies":"3 Byrds","floor":21,"turns":4},{"damage":26,"enemies":"Snake Plant","floor":22,"turns":7},{"damage":13,"enemies":"3 Cultists","floor":27,"turns":7},{"damage":6,"enemies":"Snecko","floor":28,"turns":8},{"damage":9,"enemies":"Centurion and Healer","floor":29,"turns":6},{"damage":5,"enemies":"Chosen and Byrds","floor":30,"turns":2}],"seed_played":"-6915668186842228409","potions_obtained":[{"floor":3,"key":"FocusPotion"},{"floor":4,"key":"Strength Potion"},{"floor":10,"key":"PowerPotion"},{"floor":12,"key":"Regen Potion"},{"floor":18,"key":"Block Potion"},{"floor":21,"key":"Regen Potion"},{"floor":22,"key":"Ancient Potion"},{"floor":27,"key":"FocusPotion"},{"floor":28,"key":"EssenceOfSteel"},{"floor":29,"key":"SpeedPotion"}],"is_trial":false,"path_per_floor":["M","?","M","M","?","E","R","M","T","M","$","E","M","?","R","B",null,"M","?","?","M","M","$","R","?","T","M","M","M","M"],"character_chosen":"DEFECT","items_purchased":["Toxic Egg 2","Apotheosis+1"],"campfire_rested":3,"item_purchase_floors":[11,11],"current_hp_per_floor":[62,62,61,54,54,33,52,43,43,34,34,30,23,23,42,21,53,37,37,37,25,14,14,33,33,33,20,14,5,0],"gold":174,"neow_bonus":"TWO_FIFTY_GOLD","is_prod":false,"is_daily":false,"chose_seed":false,"campfire_upgraded":0,"win_rate":0,"timestamp":1558493864,"path_taken":["M","?","?","M","?","E","R","?","T","M","$","E","M","?","R","BOSS","M","?","?","?","M","$","R","?","T","M","M","M","M"],"build_version":"2019-01-23","purchased_purges":1,"victory":false,"max_hp_per_floor":[64,64,64,64,64,64,64,64,64,64,64,64,64,64,64,64,64,64,64,64,64,64,64,64,64,64,64,64,64,64],"card_choices":[{"not_picked":["Turbo","Leap"],"picked":"Cold Snap","floor":1},{"not_picked":["Turbo","Cold Snap","Scrape"],"picked":"SKIP","floor":3},{"not_picked":["Streamline","Compile Driver","Barrage"],"picked":"SKIP","floor":4},{"not_picked":["Leap","Heatsinks"],"picked":"Fission","floor":6},{"not_picked":["Streamline","Leap"],"picked":"Defragment","floor":8},{"not_picked":["Static Discharge","Steam","Beam Cell"],"picked":"SKIP","floor":10},{"not_picked":["Steam Power+1","Conserve Battery+1"],"picked":"Reinforced Body+1","floor":12},{"not_picked":["Cold Snap","Fusion+1","Coolheaded+1"],"picked":"SKIP","floor":13},{"not_picked":["Seek+1","Amplify+1"],"picked":"Echo Form","floor":16},{"not_picked":["Compile Driver","Turbo+1"],"picked":"Hologram+1","floor":18},{"not_picked":["Cold Snap","Gash","Scrape"],"picked":"SKIP","floor":21},{"not_picked":["Stack+1","Cold Snap+1"],"picked":"Go for the Eyes","floor":22},{"not_picked":["Leap+1","Hologram+1"],"picked":"Conserve Battery+1","floor":27},{"not_picked":["Steam+1","Creative AI"],"picked":"Double Energy+1","floor":28},{"not_picked":["Hello World","Force Field+1","Genetic Algorithm+1"],"picked":"SKIP","floor":29}],"player_experience":666809,"relics_obtained":[{"floor":6,"key":"War Paint"},{"floor":9,"key":"Potion Belt"},{"floor":12,"key":"Anchor"},{"floor":26,"key":"Bag of Marbles"}],"event_choices":[{"damage_healed":0,"gold_gain":0,"player_choice":"Upgraded","damage_taken":0,"max_hp_gain":0,"max_hp_loss":0,"event_name":"Upgrade Shrine","floor":2,"gold_loss":0,"cards_upgraded":["Cold Snap"]},{"cards_removed":["Strike_B"],"damage_healed":0,"gold_gain":0,"player_choice":"Purged","damage_taken":0,"max_hp_gain":0,"max_hp_loss":0,"event_name":"Purifier","floor":5,"gold_loss":0},{"damage_healed":0,"gold_gain":0,"player_choice":"Left Gold","damage_taken":0,"max_hp_gain":0,"max_hp_loss":0,"event_name":"World of Goop","floor":14,"gold_loss":43},{"damage_healed":0,"gold_gain":0,"cards_transformed":["Strike_B","Strike_B"],"player_choice":"Became Test Subject","damage_taken":0,"max_hp_gain":0,"max_hp_loss":0,"event_name":"Drug Dealer","floor":19,"gold_loss":0,"cards_obtained":["Redo","Conserve Battery"]},{"damage_healed":0,"gold_gain":0,"cards_transformed":["Strike_B"],"player_choice":"Transformed","damage_taken":0,"max_hp_gain":0,"max_hp_loss":0,"event_name":"Transmorgrifier","floor":20,"gold_loss":0,"cards_obtained":["Thunder Strike"]},{"damage_healed":0,"gold_gain":0,"player_choice":"Opened","damage_taken":0,"relics_obtained":["Ice Cream"],"max_hp_gain":0,"max_hp_loss":0,"event_name":"The Mausoleum","floor":25,"gold_loss":0,"cards_obtained":["Writhe"]}],"is_beta":false,"boss_relics":[{"not_picked":["Tiny House","Eternal Feather"],"picked":"White Beast Statue"}],"items_purged_floors":[23],"is_endless":false,"potions_floor_spawned":[3,4,10,12,18,21,22,27,28,29],"killed_by":"Chosen and Byrds","ascension_level":14}