{"gold_per_floor":[113,126,126,144,154,180,180,180,180,180,180,199,215,215,215,314,314,325,250,250,250,270,270,296,328,340,370,382,3,37,37,37,37],"floor_reached":33,"playtime":963,"items_purged":["Strike_R"],"score":285,"play_id":"890b1b1f-ff78-42ff-a793-bedfebcab642","local_time":"20181126195822","is_ascension_mode":false,"campfire_choices":[{"data":"Armaments","floor":7,"key":"SMITH"},{"data":"Metamorphosis","floor":10,"key":"SMITH"},{"data":"Bash","floor":15,"key":"SMITH"},{"floor":23,"key":"RECALL"},{"floor":32,"key":"REST"}],"neow_cost":"PERCENT_DAMAGE","seed_source_timestamp":18308198407160,"circlet_count":0,"master_deck":["Defend_R+1","Defend_R","Defend_R","Defend_R+1","Bash+1","Metamorphosis+1","Good Instincts","Intimidate","Armaments+1","Rampage+1","Twin Strike","Headbutt","Shrug It Off","Headbutt","Shrug It Off","Pommel Strike","Impervious","Metallicize","Wild Strike","Bandage Up","Metallicize"],"relics":["Burning Blood","Strawberry","Paper Frog","Lantern","Black Star","Bag of Marbles","Potion Belt","MawBank","Vajra","War Paint","Bag of Preparation","Oddly Smooth Stone"],"potions_floor_usage":[12,16,16,33],"damage_taken":[{"damage":0,"enemies":"Cultist","floor":1,"turns":3},{"damage":8,"enemies":"Jaw Worm","floor":2,"turns":4},{"damage":12,"enemies":"2 Louse","floor":4,"turns":4},{"damage":18,"enemies":"Exordium Thugs","floor":5,"turns":6},{"damage":13,"enemies":"Lagavulin","floor":6,"turns":5},{"damage":2,"enemies":"Blue Slaver","floor":12,"turns":2},{"damage":3,"enemies":"Lots of Slimes","floor":13,"turns":3},{"damage":12,"enemies":"Hexaghost","floor":16,"turns":5},{"damage":5,"enemies":"Shell Parasite","floor":18,"turns":4},{"damage":2,"enemies":"Chosen","floor":22,"turns":4},{"damage":27,"enemies":"Slavers","floor":24,"turns":6},{"damage":10,"enemies":"Snecko","floor":25,"turns":4},{"damage":9,"enemies":"Centurion and Healer","floor":27,"turns":5},{"damage":32,"enemies":"Book of Stabbing","floor":30,"turns":4},{"damage":82,"enemies":"Champ","floor":33,"turns":11}],"seed_played":"285164987574660034","potions_obtained":[{"floor":4,"key":"Strength Potion"},{"floor":6,"key":"Energy Potion"},{"floor":13,"key":"PowerPotion"},{"floor":22,"key":"Ancient Potion"}],"is_trial":false,"path_per_floor":["M","M","?","M","M","E","R","?","T","R","?","M","M","?","R","B",null,"M","$","?","?","M","R","E","M","T","M","?","$","E","$","R","B"],"character_chosen":"IRONCLAD","items_purchased":["Vajra","War Paint","Bandage Up"],"campfire_rested":1,"item_purchase_floors":[29,29,29],"current_hp_per_floor":[62,60,60,54,42,35,35,64,64,64,57,61,64,64,64,58,87,87,87,87,87,87,87,66,62,62,59,59,59,37,37,63,0],"gold":37,"neow_bonus":"RANDOM_COLORLESS_2","is_prod":false,"is_daily":false,"chose_seed":false,"campfire_upgraded":3,"win_rate":0,"timestamp":1543258702,"path_taken":["M","M","?","M","M","E","R","?","T","R","?","M","?","?","R","BOSS","M","?","?","?","?","R","E","M","T","M","?","$","E","$","R","BOSS"],"build_version":"2018-11-15","purchased_purges":1,"victory":false,"max_hp_per_floor":[80,80,87,87,87,87,87,87,87,87,87,87,87,87,87,87,87,87,87,87,87,87,87,87,87,87,87,87,87,87,87,87,87],"card_choices":[{"not_picked":["True Grit","Iron Wave"],"picked":"Intimidate","floor":1},{"not_picked":["True Grit","Twin Strike"],"picked":"Armaments","floor":2},{"not_picked":["Blood for Blood","Warcry"],"picked":"Rampage","floor":4},{"not_picked":["Power Through","Perfected Strike","Body Slam"],"picked":"SKIP","floor":5},{"not_picked":["Barricade","Corruption"],"picked":"Twin Strike","floor":6},{"not_picked":["Perfected Strike","Wild Strike"],"picked":"Headbutt","floor":12},{"not_picked":["Evolve","Rupture"],"picked":"Shrug It Off","floor":13},{"not_picked":["Twin Strike","Clothesline"],"picked":"Headbutt","floor":18},{"not_picked":["Sword Boomerang+1","Headbutt","Iron Wave"],"picked":"SKIP","floor":22},{"not_picked":["Body Slam","Wild Strike"],"picked":"Shrug It Off","floor":24},{"not_picked":["Clothesline","Anger"],"picked":"Pommel Strike","floor":25},{"not_picked":["True Grit+1","Shrug It Off"],"picked":"Impervious","floor":27},{"not_picked":["Iron Wave","Spot Weakness+1"],"picked":"Metallicize","floor":30}],"player_experience":146672,"relics_obtained":[{"floor":6,"key":"Paper Frog"},{"floor":9,"key":"Lantern"},{"floor":24,"key":"Potion Belt"},{"floor":24,"key":"MawBank"},{"floor":30,"key":"Bag of Preparation"},{"floor":30,"key":"Oddly Smooth Stone"}],"event_choices":[{"damage_healed":0,"gold_gain":0,"player_choice":"Success","damage_taken":7,"relics_obtained":["Strawberry"],"max_hp_gain":0,"max_hp_loss":0,"event_name":"Scrap Ooze","floor":3,"gold_loss":0},{"damage_healed":29,"gold_gain":0,"player_choice":"Banana","damage_taken":0,"max_hp_gain":0,"max_hp_loss":0,"event_name":"Big Fish","floor":8,"gold_loss":0},{"cards_removed":["Strike_R"],"damage_healed":0,"gold_gain":0,"player_choice":"Card Removal","damage_taken":7,"max_hp_gain":0,"max_hp_loss":0,"event_name":"Golden Wing","floor":11,"gold_loss":0},{"damage_healed":0,"gold_gain":0,"player_choice":"Upgraded","damage_taken":0,"max_hp_gain":0,"max_hp_loss":0,"event_name":"Upgrade Shrine","floor":14,"gold_loss":0,"cards_upgraded":["Rampage"]},{"damage_healed":0,"gold_gain":0,"player_choice":"Opened","damage_taken":0,"relics_obtained":["Bag of Marbles"],"max_hp_gain":0,"max_hp_loss":0,"event_name":"The Mausoleum","floor":20,"gold_loss":0},{"cards_removed":["Strike_R"],"damage_healed":0,"gold_gain":0,"player_choice":"Offered Basic","damage_taken":0,"max_hp_gain":0,"max_hp_loss":0,"event_name":"Bonfire Elementals","floor":21,"gold_loss":0},{"damage_healed":0,"gold_gain":0,"cards_transformed":["Strike_R","Strike_R"],"player_choice":"Became Test Subject","damage_taken":0,"max_hp_gain":0,"max_hp_loss":0,"event_name":"Drug Dealer","floor":28,"gold_loss":0,"cards_obtained":["Metallicize","Wild Strike"]}],"is_beta":false,"boss_relics":[{"not_picked":["Lizard Tail","Tiny House"],"picked":"Black Star"}],"items_purged_floors":[19],"is_endless":false,"potions_floor_spawned":[4,6,13,22],"killed_by":"Champ","ascension_level":0}