{"gold_per_floor":[215,215,231,251,269,303,320,320,320,338,366,366,383,441,441,540,540,560,659,672,672,682,682],"floor_reached":23,"playtime":1176,"items_purged":[],"score":302,"play_id":"d324e20e-a9b5-416d-b940-a9312e73d0c8","local_time":"20190604174555","is_ascension_mode":true,"campfire_choices":[{"floor":12.0,"key":"REST"},{"floor":15.0,"key":"REST"}],"neow_cost":"NONE","seed_source_timestamp":45525861343300,"circlet_count":0,"master_deck":["Strike_R","Strike_R","Defend_R+1","Defend_R","Defend_R+1","Defend_R","Bash","Metallicize","Thunderclap","Flex","Heavy Blade","Cleave","Impervious","Entrench","Inflame","Immolate","Whirlwind+1","Disarm+1","Dark Embrace+1","Shrug It Off","Armaments+1","Pommel Strike+1"],"special_seed":0,"relics":["Burning Blood","War Paint","Pear","Boot","Astrolabe"],"potions_floor_usage":[],"damage_taken":[{"damage":0.0,"enemies":"Small Slimes","floor":1.0,"turns":3.0},{"damage":3.0,"enemies":"Cultist","floor":3.0,"turns":5.0},{"damage":6.0,"enemies":"2 Louse","floor":4.0,"turns":4.0},{"damage":9.0,"enemies":"Looter","floor":5.0,"turns":4.0},{"damage":31.0,"enemies":"Gremlin Nob","floor":6.0,"turns":5.0},{"damage":26.0,"enemies":"Large Slime","floor":7.0,"turns":10.0},{"damage":10.0,"enemies":"Red Slaver","floor":10.0,"turns":5.0},{"damage":38.0,"enemies":"Lagavulin","floor":11.0,"turns":11.0},{"damage":0.0,"enemies":"3 Louse","floor":13.0,"turns":4.0},{"damage":63.0,"enemies":"The Guardian","floor":16.0,"turns":17.0},{"damage":18.0,"enemies":"Chosen","floor":18.0,"turns":8.0},{"damage":43,"enemies":"Spheric Guardian","floor":20,"turns":10},{"damage":13,"enemies":"Centurion and Healer","floor":22,"turns":9},{"damage":24,"enemies":"Book of Stabbing","floor":23,"turns":5}],"seed_played":"-8066695763293285618","potions_obtained":[{"floor":4.0,"key":"GamblersBrew"},{"floor":5.0,"key":"Fruit Juice"},{"floor":7.0,"key":"Poison Potion"},{"floor":10.0,"key":"Dexterity Potion"},{"floor":13.0,"key":"SkillPotion"},{"floor":20,"key":"EntropicBrew"}],"is_trial":false,"path_per_floor":["M","?","M","M","M","E","M","?","T","M","E","R","M","?","R","B",null,"M","?","M","?","M","E"],"character_chosen":"IRONCLAD","items_purchased":[],"campfire_rested":2,"item_purchase_floors":[],"current_hp_per_floor":[78,78,80,80,77,52,37,37,47,43,11,39,45,45,73,16,75,63,63,26,26,19,0],"gold":682,"neow_bonus":"HUNDRED_GOLD","is_prod":false,"is_daily":false,"chose_seed":false,"campfire_upgraded":0,"win_rate":0,"timestamp":1559695555,"path_taken":["M","?","M","M","M","E","M","?","T","M","E","R","?","?","R","BOSS","M","?","M","?","M","E"],"build_version":"2019-01-23","purchased_purges":0,"victory":false,"max_hp_per_floor":[80,80,80,80,80,80,85,85,95,95,95,95,95,95,95,95,95,95,95,95,95,95,95],"card_choices":[{"not_picked":["Iron Wave","Armaments"],"picked":"Metallicize","floor":1.0},{"not_picked":["Spot Weakness","Whirlwind","Ghostly Armor"],"picked":"SKIP","floor":3.0},{"not_picked":["True Grit","Anger"],"picked":"Thunderclap","floor":4.0},{"not_picked":["Iron Wave","Thunderclap"],"picked":"Flex","floor":5.0},{"not_picked":["Ghostly Armor","True Grit","Flex"],"picked":"SKIP","floor":6.0},{"not_picked":["Headbutt","Searing Blow"],"picked":"Heavy Blade","floor":7.0},{"not_picked":["Wild Strike","Headbutt","True Grit"],"picked":"SKIP","floor":10.0},{"not_picked":["Carnage","Dropkick"],"picked":"Inflame","floor":11.0},{"not_picked":["Infernal Blade","Headbutt","Spot Weakness"],"picked":"SKIP","floor":13.0},{"not_picked":["Feed","Bludgeon"],"picked":"Immolate","floor":16.0},{"not_picked":["Rage+1","Pommel Strike"],"picked":"Shrug It Off","floor":18},{"not_picked":["Wild Strike","Corruption"],"picked":"Armaments+1","floor":20},{"not_picked":["Rampage","Spot Weakness"],"picked":"Pommel Strike+1","floor":22}],"player_experience":263069,"relics_obtained":[{"floor":6.0,"key":"War Paint"},{"floor":9.0,"key":"Pear"},{"floor":11.0,"key":"Boot"}],"event_choices":[{"damage_healed":0.0,"max_hp_gain":0.0,"max_hp_loss":0.0,"gold_gain":0.0,"event_name":"The Cleric","player_choice":"Leave","floor":2.0,"gold_loss":0.0,"damage_taken":0.0},{"damage_healed":0.0,"max_hp_gain":0.0,"max_hp_loss":0.0,"gold_gain":0.0,"event_name":"Match and Keep!","player_choice":"3 cards matched","floor":8.0,"gold_loss":0.0,"damage_taken":0.0,"cards_obtained":["Cleave","Impervious","Entrench"]},{"damage_healed":0.0,"max_hp_gain":0.0,"max_hp_loss":0.0,"gold_gain":58.0,"event_name":"Golden Wing","player_choice":"Gained Gold","floor":14.0,"gold_loss":0.0,"damage_taken":0.0},{"damage_healed":0,"gold_gain":99,"player_choice":"Stole From Cult","damage_taken":0,"max_hp_gain":0,"max_hp_loss":0,"event_name":"Nest","floor":19,"gold_loss":0},{"damage_healed":0,"gold_gain":0,"player_choice":"Ignored","damage_taken":0,"max_hp_gain":0,"max_hp_loss":0,"event_name":"Vampires","floor":21,"gold_loss":0}],"is_beta":false,"boss_relics":[{"not_picked":["Coffee Dripper","Busted Crown"],"picked":"Astrolabe"}],"items_purged_floors":[],"is_endless":false,"potions_floor_spawned":[4,5,7,10,13,20],"killed_by":"Book of Stabbing","ascension_level":7}