{"gold_per_floor":[211,161,11,186,86,86,7,7,54,80,97,130,130,145,145,244,244,260,175,274,35,49,49,11,11,85,95,95,114,114,114],"floor_reached":31,"playtime":718,"items_purged":["Strike_B","Strike_B"],"score":264,"play_id":"cfa2b22f-eee2-41b5-91b7-9e1daa0e9d91","local_time":"20180704170557","is_ascension_mode":false,"campfire_choices":[{"data":"Capacitor","floor":6,"key":"SMITH"},{"data":"Electrodynamics","floor":8,"key":"SMITH"},{"floor":13,"key":"DIG"},{"floor":15,"key":"REST"},{"floor":23,"key":"DIG"},{"floor":25,"key":"DIG"}],"neow_cost":"NONE","seed_source_timestamp":194686224024991,"circlet_count":0,"master_deck":["Strike_B","Defend_B","Defend_B","Defend_B","Defend_B","Zap","Dualcast","Sweeping Beam","Capacitor+1","Doubt","Electrodynamics+1","Capacitor","Consume","Go for the Eyes","Steam","Fission","Defragment","Conserve Battery","Static Discharge","Doubt","Sunder","Reinforced Body+1"],"relics":["Cracked Core","Blood Vial","Mercury Hourglass","Shovel","Lantern","Cursed Key","Pear","Lee\u0027s Waffle","Dodecahedron","Du-Vu Doll","Gremlin Horn"],"potions_floor_usage":[16,22,27],"damage_taken":[{"damage":8,"enemies":"Jaw Worm","floor":1,"turns":3},{"damage":26,"enemies":"Lagavulin","floor":10,"turns":6},{"damage":0,"enemies":"2 Louse","floor":11,"turns":1},{"damage":8,"enemies":"3 Sentries","floor":12,"turns":3},{"damage":0,"enemies":"Cultist","floor":14,"turns":2},{"damage":1,"enemies":"Slime Boss","floor":16,"turns":6},{"damage":32,"enemies":"Chosen","floor":18,"turns":5},{"damage":26,"enemies":"3 Byrds","floor":22,"turns":3},{"damage":34,"enemies":"Snecko","floor":27,"turns":6},{"damage":11,"enemies":"3 Cultists","floor":29,"turns":3},{"damage":32,"enemies":"Slaver and Parasite","floor":31,"turns":3}],"seed_played":"-9055773581595700299","potions_obtained":[{"floor":12,"key":"SteroidPotion"},{"floor":14,"key":"GamblersBrew"},{"floor":18,"key":"Explosive Potion"},{"floor":22,"key":"SkillPotion"},{"floor":29,"key":"SteroidPotion"}],"is_trial":false,"path_per_floor":["M","?","$","?","$","R","$","R","T","E","M","E","R","M","R","B",null,"M","?","?","$","M","R","$","R","T","M","?","M","$"],"character_chosen":"DEFECT","items_purchased":["Capacitor","Electrodynamics","Lee\u0027s Waffle","Defragment","Static Discharge"],"campfire_rested":1,"item_purchase_floors":[3,7,21,21,24],"current_hp_per_floor":[67,67,67,67,67,67,67,67,67,43,45,39,39,41,63,64,75,43,53,53,92,66,66,66,66,66,34,34,25,25,0],"gold":114,"neow_bonus":"HUNDRED_GOLD","is_prod":false,"is_daily":false,"chose_seed":false,"campfire_upgraded":2,"win_rate":0,"timestamp":1530716757,"path_taken":["M","?","?","?","$","R","$","R","T","E","M","E","R","M","R","BOSS","M","?","?","$","M","R","$","R","T","M","?","M","?","M"],"build_version":"2018-06-28","purchased_purges":2,"victory":false,"max_hp_per_floor":[75,75,75,75,75,75,75,75,75,75,75,75,75,75,75,75,75,75,85,85,92,92,92,92,92,92,92,92,92,92,92],"card_choices":[{"not_picked":["Static Discharge","Steam"],"picked":"Sweeping Beam","floor":1},{"not_picked":["Hyperbeam","Darkness"],"picked":"Capacitor","floor":10},{"not_picked":["Go for the Eyes","Rip and Tear"],"picked":"Consume","floor":11},{"not_picked":["Ball Lightning","Cold Snap"],"picked":"Go for the Eyes","floor":12},{"not_picked":["Rebound","Barrage"],"picked":"Steam","floor":14},{"not_picked":["Biased Cognition","All For One"],"picked":"Fission","floor":16},{"not_picked":["Rebound+1","Heatsinks","Turbo"],"picked":"SKIP","floor":18},{"not_picked":["Hologram","Static Discharge"],"picked":"Conserve Battery","floor":22},{"not_picked":["Beam Cell","Conserve Battery"],"picked":"Sunder","floor":27},{"not_picked":["Darkness","Coolheaded+1"],"picked":"Reinforced Body+1","floor":29}],"player_experience":67054,"relics_obtained":[{"floor":9,"key":"Blood Vial"},{"floor":10,"key":"Mercury Hourglass"},{"floor":12,"key":"Shovel"},{"floor":13,"key":"Lantern"},{"floor":23,"key":"Dodecahedron"},{"floor":25,"key":"Du-Vu Doll"},{"floor":26,"key":"Gremlin Horn"}],"event_choices":[{"event_name":"The Cleric","player_choice":"Card Removal","floor":2,"damage_taken":0},{"event_name":"Liars Game","player_choice":"agreed","floor":4,"damage_taken":0},{"event_name":"Addict","player_choice":"Obtained Relic","floor":19,"damage_taken":0},{"event_name":"Nest","player_choice":"Stole From Cult","floor":20,"damage_taken":0},{"event_name":"Cursed Tome","player_choice":"Ignored","floor":28,"damage_taken":0}],"boss_relics":[{"not_picked":["Tiny House","Lizard Tail"],"picked":"Cursed Key"}],"items_purged_floors":[3,5],"is_endless":false,"potions_floor_spawned":[12,14,18,22,29],"killed_by":"Slaver and Parasite","ascension_level":0}