{"gold_per_floor":[110,110,124,139,162,162,187,225,225,225,246,259,30,50,50,178,178,197,197,23,23,23,23,23,23,23,54,54,3,21,39,39,39],"floor_reached":33,"playtime":2539,"items_purged":["Strike_B","Meteor Strike"],"score":357,"play_id":"11618da6-dc56-4ae3-8e9d-e3bc3f8178ed","local_time":"20190429013832","is_ascension_mode":true,"campfire_choices":[{"floor":6,"key":"REST"},{"floor":10,"key":"REST"},{"floor":15,"key":"REST"},{"floor":23,"key":"REST"},{"floor":25,"key":"REST"},{"floor":32,"key":"REST"}],"neow_cost":"NONE","seed_source_timestamp":15363610589582,"circlet_count":0,"master_deck":["Zap","Dualcast","Cold Snap","Capacitor","Barrage","Cold Snap","Lockon","Barrage","Ball Lightning","Reboot","Reprogram","Compile Driver","Reinforced Body","Hello World","Steam","Hello World","White Noise","Ghostly","Ghostly","Ghostly","Ghostly","Ghostly","Streamline","Core Surge","Cold Snap","Cold Snap","Glacier"],"relics":["Cracked Core","Bloody Idol","Centennial Puzzle","Bottled Tornado","Blood Vial","Pandora\u0027s Box","Pear","Omamori"],"potions_floor_usage":[14,14,16,16,19,33],"damage_taken":[{"damage":4,"enemies":"Small Slimes","floor":1,"turns":3},{"damage":0,"enemies":"2 Louse","floor":3,"turns":3},{"damage":4,"enemies":"Cultist","floor":4,"turns":4},{"damage":10,"enemies":"3 Louse","floor":5,"turns":3},{"damage":12,"enemies":"2 Fungi Beasts","floor":7,"turns":3},{"damage":29,"enemies":"Lagavulin","floor":8,"turns":7},{"damage":18,"enemies":"Large Slime","floor":11,"turns":6},{"damage":14,"enemies":"3 Louse","floor":12,"turns":4},{"damage":0,"enemies":"Exordium Thugs","floor":14,"turns":3},{"damage":29,"enemies":"The Guardian","floor":16,"turns":14},{"damage":29,"enemies":"2 Thieves","floor":18,"turns":5},{"damage":43,"enemies":"Colosseum Slavers","floor":19,"turns":5},{"damage":6,"enemies":"Slavers","floor":27,"turns":7},{"damage":26,"enemies":"3 Byrds","floor":30,"turns":6},{"damage":0,"enemies":"Snake Plant","floor":31,"turns":5},{"damage":66,"enemies":"Automaton","floor":33,"turns":12}],"seed_played":"6462389530480705185","potions_obtained":[{"floor":1,"key":"PowerPotion"},{"floor":3,"key":"AttackPotion"},{"floor":8,"key":"SpeedPotion"},{"floor":14,"key":"Ancient Potion"},{"floor":16,"key":"Explosive Potion"},{"floor":30,"key":"Poison Potion"}],"is_trial":false,"path_per_floor":["M","?","M","M","M","R","M","E","T","R","M","M","$","M","R","B",null,"M","?","$","?","?","R","?","R","T","E","?","$","M","M","R","B"],"character_chosen":"DEFECT","items_purchased":["Blood Vial","White Noise","Cold Snap"],"campfire_rested":6,"item_purchase_floors":[13,20,29],"current_hp_per_floor":[71,53,53,49,39,61,49,20,20,42,24,10,10,12,34,7,75,46,5,5,5,5,16,16,27,37,38,38,38,19,26,40,0],"gold":39,"neow_bonus":"ONE_RANDOM_RARE_CARD","is_prod":false,"is_daily":false,"chose_seed":false,"campfire_upgraded":0,"win_rate":0,"timestamp":1556527112,"path_taken":["M","?","M","M","M","R","M","E","T","R","M","M","$","M","R","BOSS","M","?","$","?","?","R","?","R","T","E","?","?","M","M","R","BOSS"],"build_version":"2019-01-23","purchased_purges":2,"victory":false,"max_hp_per_floor":[75,75,75,75,75,75,75,75,75,75,75,75,75,75,75,75,75,75,75,75,75,37,37,37,37,47,47,47,47,47,47,47,47],"card_choices":[{"not_picked":["Sweeping Beam","Stack"],"picked":"Cold Snap","floor":1},{"not_picked":["Sweeping Beam","Redo"],"picked":"Capacitor","floor":3},{"not_picked":["Turbo","Beam Cell","Rebound"],"picked":"SKIP","floor":4},{"not_picked":["Multi-Cast","Heatsinks"],"picked":"Barrage","floor":5},{"not_picked":["Stack","Beam Cell"],"picked":"Cold Snap","floor":7},{"not_picked":["Steam","Gash"],"picked":"Lockon","floor":8},{"not_picked":["All For One","Undo"],"picked":"Barrage","floor":11},{"not_picked":["Rip and Tear","Turbo"],"picked":"Ball Lightning","floor":12},{"not_picked":["Compile Driver","Sunder","Beam Cell"],"picked":"SKIP","floor":14},{"not_picked":["Hyperbeam","All For One"],"picked":"Reboot","floor":16},{"not_picked":["Leap","Steam"],"picked":"Consume","floor":18},{"not_picked":["Blizzard","Go for the Eyes","Rebound"],"picked":"SKIP","floor":27},{"not_picked":["Redo","Coolheaded+1"],"picked":"Cold Snap","floor":30},{"not_picked":["Gash+1","Redo"],"picked":"Glacier","floor":31}],"player_experience":165906,"relics_obtained":[{"floor":8,"key":"Centennial Puzzle"},{"floor":9,"key":"Bottled Tornado"},{"floor":26,"key":"Pear"},{"floor":27,"key":"Omamori"}],"event_choices":[{"damage_healed":0,"gold_gain":0,"player_choice":"Take Damage","damage_taken":18,"relics_obtained":["Golden Idol"],"max_hp_gain":0,"max_hp_loss":0,"event_name":"Golden Idol","floor":2,"gold_loss":0},{"damage_healed":0,"gold_gain":0,"player_choice":"Fight","damage_taken":0,"max_hp_gain":0,"max_hp_loss":0,"event_name":"Colosseum","floor":19,"gold_loss":0},{"damage_healed":0,"gold_gain":0,"player_choice":"Fled From Nobs","damage_taken":0,"max_hp_gain":0,"max_hp_loss":0,"event_name":"Colosseum","floor":19,"gold_loss":0},{"damage_healed":0,"gold_gain":0,"player_choice":"Gave Idol","damage_taken":0,"relics_obtained":["Bloody Idol"],"max_hp_gain":0,"max_hp_loss":0,"event_name":"Forgotten Altar","floor":21,"relics_lost":["Golden Idol"],"gold_loss":0},{"damage_healed":0,"gold_gain":0,"player_choice":"Became a Ghost","damage_taken":0,"max_hp_gain":0,"max_hp_loss":38,"event_name":"Ghosts","floor":22,"gold_loss":0,"cards_obtained":["Ghostly","Ghostly","Ghostly","Ghostly","Ghostly"]},{"damage_healed":0,"gold_gain":0,"cards_transformed":["Consume","Steam Power"],"player_choice":"Became Test Subject","damage_taken":0,"max_hp_gain":0,"max_hp_loss":0,"event_name":"Drug Dealer","floor":28,"gold_loss":0,"cards_obtained":["Streamline","Core Surge"]}],"is_beta":false,"boss_relics":[{"not_picked":["Busted Crown","Ectoplasm"],"picked":"Pandora\u0027s Box"}],"items_purged_floors":[13,20],"is_endless":false,"potions_floor_spawned":[1,3,8,14,16,19,30],"killed_by":"Automaton","ascension_level":3}