{"gold_per_floor":[110,110,124,49,49,49,78,93,93,113,113,34,34,49,49,123,123,134,134,134,187,36,36,51,62,87,87,12,12,24,38,38,38],"floor_reached":33,"playtime":2545,"items_purged":[],"score":473,"play_id":"867e88d4-d3b5-4c36-beda-7234db135e6d","local_time":"20190522220007","is_ascension_mode":true,"campfire_choices":[{"data":"Ball Lightning","floor":6,"key":"SMITH"},{"data":"Dualcast","floor":11,"key":"SMITH"},{"data":"Ball Lightning","floor":15,"key":"SMITH"},{"data":"Buffer","floor":23,"key":"SMITH"},{"data":"Coolheaded","floor":29,"key":"SMITH"},{"floor":32,"key":"REST"}],"neow_cost":"NONE","seed_source_timestamp":99250143459046,"circlet_count":0,"master_deck":["AscendersBane","Zap+1","Dualcast+1","Ball Lightning+1","Cold Snap","BootSequence","Melter","Beam Cell","Ball Lightning+1","Buffer+1","Reinforced Body","Rainbow","Conserve Battery","Auto Shields","Blizzard","BootSequence","Go for the Eyes","Coolheaded+1","Sweeping Beam+1","Hologram"],"relics":["Cracked Core","NeowsBlessing","Bird Faced Urn","Meat on the Bone","Pandora\u0027s Box","Happy Flower","DataDisk","Juzu Bracelet"],"potions_floor_usage":[16,16,30],"damage_taken":[{"damage":0,"enemies":"Small Slimes","floor":1,"turns":1},{"damage":0,"enemies":"Cultist","floor":3,"turns":1},{"damage":0,"enemies":"Gremlin Nob","floor":7,"turns":1},{"damage":0,"enemies":"2 Louse","floor":8,"turns":2},{"damage":6,"enemies":"Blue Slaver","floor":10,"turns":3},{"damage":4,"enemies":"3 Louse","floor":14,"turns":3},{"damage":2,"enemies":"Slime Boss","floor":16,"turns":6},{"damage":1,"enemies":"Shell Parasite","floor":18,"turns":4},{"damage":0,"enemies":"2 Thieves","floor":24,"turns":4},{"damage":0,"enemies":"Sentry and Sphere","floor":25,"turns":4},{"damage":1,"enemies":"Snake Plant","floor":30,"turns":4},{"damage":0,"enemies":"Shelled Parasite and Fungi","floor":31,"turns":5},{"damage":89,"enemies":"Collector","floor":33,"turns":8}],"seed_played":"-7810447189272319037","potions_obtained":[{"floor":7,"key":"Poison Potion"},{"floor":10,"key":"Fire Potion"},{"floor":14,"key":"EssenceOfSteel"},{"floor":25,"key":"FocusPotion"}],"is_trial":false,"path_per_floor":["M","?","M","?","?","R","E","M","T","M","R","$","?","M","R","B",null,"M","?","?","T","$","R","M","M","T","?","?","R","M","M","R","B"],"character_chosen":"DEFECT","items_purchased":["Melter","DataDisk"],"campfire_rested":1,"item_purchase_floors":[12,22],"current_hp_per_floor":[64,64,64,64,64,64,64,64,64,58,58,58,58,54,54,52,66,69,69,69,69,69,69,71,71,71,51,51,51,50,52,74,0],"gold":38,"neow_bonus":"THREE_ENEMY_KILL","is_prod":false,"is_daily":false,"chose_seed":false,"campfire_upgraded":5,"win_rate":0,"timestamp":1558587607,"path_taken":["M","?","?","?","?","R","E","M","T","M","R","?","?","M","R","BOSS","M","?","?","?","$","R","M","?","T","?","?","R","M","M","R","BOSS"],"build_version":"2019-01-23","purchased_purges":0,"victory":false,"max_hp_per_floor":[71,71,71,71,71,71,71,71,71,71,71,71,71,71,71,71,71,71,71,71,71,71,71,71,71,71,76,76,76,76,76,76,76],"card_choices":[{"not_picked":["Redo","Force Field","Aggregate"],"picked":"SKIP","floor":1},{"not_picked":["Redo","Skim"],"picked":"Ball Lightning","floor":3},{"not_picked":["Rebound","Consume"],"picked":"Cold Snap","floor":7},{"not_picked":["Beam Cell","Redo","Scrape"],"picked":"SKIP","floor":8},{"not_picked":["Streamline","Coolheaded"],"picked":"BootSequence","floor":10},{"not_picked":["Consume","Coolheaded"],"picked":"Ball Lightning","floor":14},{"not_picked":["All For One","Core Surge"],"picked":"Buffer","floor":16},{"not_picked":["Tempest","Stack","Cold Snap"],"picked":"SKIP","floor":18},{"not_picked":["Beam Cell","Sweeping Beam"],"picked":"Go for the Eyes","floor":24},{"not_picked":["Static Discharge","Steam"],"picked":"Coolheaded","floor":25},{"not_picked":["Lockon","Doom and Gloom"],"picked":"Sweeping Beam+1","floor":30},{"not_picked":["Melter","Leap"],"picked":"Hologram","floor":31}],"player_experience":699698,"relics_obtained":[{"floor":7,"key":"Bird Faced Urn"},{"floor":9,"key":"Meat on the Bone"},{"floor":21,"key":"Happy Flower"},{"floor":26,"key":"Juzu Bracelet"}],"event_choices":[{"damage_healed":0,"gold_gain":0,"player_choice":"Upgraded","damage_taken":0,"max_hp_gain":0,"max_hp_loss":0,"event_name":"Upgrade Shrine","floor":2,"gold_loss":0,"cards_upgraded":["Zap"]},{"cards_removed":["Strike_B"],"damage_healed":0,"gold_gain":0,"player_choice":"Card Removal","damage_taken":0,"max_hp_gain":0,"max_hp_loss":0,"event_name":"The Cleric","floor":4,"gold_loss":75},{"damage_healed":0,"gold_gain":0,"player_choice":"Ignored","damage_taken":0,"max_hp_gain":0,"max_hp_loss":0,"event_name":"Liars Game","floor":5,"gold_loss":0},{"damage_healed":0,"gold_gain":0,"cards_transformed":["Strike_B"],"player_choice":"Transformed","damage_taken":0,"max_hp_gain":0,"max_hp_loss":0,"event_name":"Transmorgrifier","floor":13,"gold_loss":0,"cards_obtained":["Beam Cell"]},{"damage_healed":0,"gold_gain":0,"cards_transformed":["Turbo","Static Discharge"],"player_choice":"Became Test Subject","damage_taken":0,"max_hp_gain":0,"max_hp_loss":0,"event_name":"Drug Dealer","floor":19,"gold_loss":0,"cards_obtained":["Blizzard","Steam Power"]},{"damage_healed":0,"gold_gain":0,"player_choice":"Read","damage_taken":0,"max_hp_gain":0,"max_hp_loss":0,"event_name":"The Library","floor":20,"gold_loss":0,"cards_obtained":["BootSequence"]},{"damage_healed":0,"gold_gain":0,"player_choice":"Shed Blood","damage_taken":25,"max_hp_gain":5,"max_hp_loss":0,"event_name":"Forgotten Altar","floor":27,"gold_loss":0},{"cards_removed":["Steam Power"],"damage_healed":0,"gold_gain":0,"player_choice":"Gave Gold","damage_taken":0,"max_hp_gain":0,"max_hp_loss":0,"event_name":"Beggar","floor":28,"gold_loss":75}],"is_beta":false,"boss_relics":[{"not_picked":["Coffee Dripper","FrozenCore"],"picked":"Pandora\u0027s Box"}],"items_purged_floors":[],"is_endless":false,"potions_floor_spawned":[7,10,14,25],"killed_by":"Collector","ascension_level":15}