{"gold_per_floor":[109,184,184,251,251,251,281,281,362,396,446,446,461,0,0,105,105,121,171,31,81,31,59,59,59,59,124,124,158,170,233,233,335,335,349,362,412,84,134,134,159,172,172,182,250,260,310,320,320,320],"floor_reached":51,"playtime":1391,"items_purged":["Defend_R","Defend_R","Defend_R","Strike_R"],"score":773,"play_id":"d08e7d61-debb-4a2d-a558-493815258db5","local_time":"20181129170917","is_ascension_mode":false,"campfire_choices":[{"data":"Inflame","floor":6,"key":"SMITH"},{"data":"Bash","floor":8,"key":"SMITH"},{"data":"1","floor":12,"key":"LIFT"},{"data":"2","floor":15,"key":"LIFT"},{"data":"3","floor":24,"key":"LIFT"},{"floor":28,"key":"REST"},{"data":"Offering","floor":32,"key":"SMITH"},{"data":"Discovery","floor":40,"key":"SMITH"},{"floor":49,"key":"REST"}],"neow_cost":"NONE","seed_source_timestamp":1271869086237513,"circlet_count":0,"master_deck":["Strike_R","Strike_R+1","Strike_R","Strike_R+1","Bash+1","Inflame+1","Twin Strike","Clash","Flex","Offering+1","Havoc+1","Spot Weakness","Ghostly Armor","Warcry+1","Demon Form+1","Inflame","Twin Strike+1","Clash+1","Thunderclap+1","Pummel+1","Dramatic Entrance+1","Discovery+1","Swift Strike+1","Heavy Blade+1","Pommel Strike+1","Clash+1","True Grit+1","Bloodletting+1"],"relics":["Burning Blood","NeowsBlessing","SsserpentHead","The Courier","Letter Opener","Girya","Whetstone","Brimstone","Magic Flower","Mark of Pain","Blood Vial","Enchiridion","Molten Egg 2","Mummified Hand","Boot","Orrery","Toxic Egg 2","Charon\u0027s Ashes","Question Card"],"potions_floor_usage":[50,50,50],"damage_taken":[{"damage":0,"enemies":"2 Louse","floor":1,"turns":1},{"damage":0,"enemies":"Small Slimes","floor":4,"turns":1},{"damage":0,"enemies":"Gremlin Nob","floor":7,"turns":1},{"damage":36,"enemies":"Lagavulin","floor":10,"turns":5},{"damage":0,"enemies":"Cultist","floor":13,"turns":2},{"damage":45,"enemies":"The Guardian","floor":16,"turns":5},{"damage":0,"enemies":"Spheric Guardian","floor":18,"turns":2},{"damage":28,"enemies":"Book of Stabbing","floor":23,"turns":2},{"damage":23,"enemies":"2 Thieves","floor":27,"turns":3},{"damage":11,"enemies":"Gremlin Leader","floor":29,"turns":2},{"damage":15,"enemies":"Snecko","floor":30,"turns":3},{"damage":18,"enemies":"3 Cultists","floor":31,"turns":3},{"damage":48,"enemies":"Collector","floor":33,"turns":5},{"damage":32,"enemies":"3 Darklings","floor":35,"turns":3},{"damage":6,"enemies":"Orb Walker","floor":36,"turns":1},{"damage":26,"enemies":"Nemesis","floor":41,"turns":3},{"damage":6,"enemies":"3 Darklings","floor":42,"turns":1},{"damage":3,"enemies":"Maw","floor":44,"turns":4},{"damage":9,"enemies":"4 Shapes","floor":45,"turns":1},{"damage":17,"enemies":"Spire Growth","floor":46,"turns":2},{"damage":17,"enemies":"Writhing Mass","floor":48,"turns":2},{"damage":54,"enemies":"Time Eater","floor":50,"turns":4}],"seed_played":"6104781023114461332","potions_obtained":[{"floor":1,"key":"FairyPotion"},{"floor":7,"key":"Swift Potion"},{"floor":18,"key":"Ancient Potion"},{"floor":29,"key":"BloodPotion"},{"floor":42,"key":"AttackPotion"}],"is_trial":false,"path_per_floor":["M","?","?","M","?","R","E","R","T","E","T","R","M","$","R","B",null,"M","?","$","?","$","E","R","$","T","M","R","E","M","M","R","B",null,"M","M","?","$","?","R","E","M","T","M","M","M","?","M","R","B",null],"character_chosen":"IRONCLAD","items_purchased":["Brimstone","Magic Flower","Spot Weakness","Toxic Egg 2"],"campfire_rested":2,"item_purchase_floors":[14,14,20,38],"current_hp_per_floor":[80,69,69,75,75,75,80,80,80,50,50,50,56,56,56,20,80,80,80,80,64,64,48,48,48,48,37,61,62,59,53,53,17,80,57,63,53,53,53,53,39,45,45,54,57,52,52,47,71,41],"gold":320,"neow_bonus":"THREE_ENEMY_KILL","is_prod":false,"is_daily":false,"chose_seed":false,"campfire_upgraded":4,"win_rate":0,"timestamp":1543478957,"path_taken":["M","?","?","?","?","R","E","R","T","E","?","R","M","$","R","BOSS","M","?","$","?","?","E","R","$","T","?","R","E","M","?","R","BOSS","M","M","?","$","?","R","E","M","T","M","?","M","?","M","R","BOSS"],"build_version":"2018-11-15","purchased_purges":4,"victory":true,"max_hp_per_floor":[80,80,80,80,80,80,80,80,80,80,80,80,80,80,80,80,80,80,80,80,80,80,80,80,80,80,80,80,80,80,80,80,80,80,80,80,80,80,80,80,80,80,80,80,80,80,80,80,80,80],"card_choices":[{"not_picked":["Seeing Red","Power Through"],"picked":"Inflame","floor":1},{"not_picked":["Rampage","Headbutt"],"picked":"Twin Strike","floor":4},{"not_picked":["Heavy Blade","Twin Strike"],"picked":"Clash","floor":7},{"not_picked":["Fire Breathing","Cleave"],"picked":"Flex","floor":10},{"not_picked":["Body Slam","Infernal Blade","Thunderclap"],"picked":"SKIP","floor":13},{"not_picked":["Double Tap","Juggernaut"],"picked":"Offering","floor":16},{"not_picked":["Combust+1","Wild Strike"],"picked":"Havoc+1","floor":18},{"not_picked":["Barricade","Cleave","Armaments"],"picked":"SKIP","floor":23},{"not_picked":["Whirlwind+1","Evolve"],"picked":"Ghostly Armor","floor":27},{"not_picked":["Rage","Armaments"],"picked":"Warcry+1","floor":29},{"not_picked":["Clothesline+1","Wild Strike+1","Iron Wave+1"],"picked":"SKIP","floor":30},{"not_picked":["Body Slam+1","Clothesline+1","Flame Barrier+1"],"picked":"SKIP","floor":31},{"not_picked":["Impervious","Immolate+1"],"picked":"Demon Form","floor":33},{"not_picked":["Dropkick+1","Havoc+1"],"picked":"Inflame","floor":34},{"not_picked":["Clothesline+1","Ghostly Armor"],"picked":"Twin Strike+1","floor":34},{"not_picked":["Intimidate","Sword Boomerang+1"],"picked":"Clash+1","floor":34},{"not_picked":["Brutality","Havoc"],"picked":"Thunderclap+1","floor":35},{"not_picked":["Cleave+1","Dropkick+1"],"picked":"Pummel+1","floor":36},{"not_picked":["The Bomb","Good Instincts"],"picked":"Dramatic Entrance+1","floor":37},{"not_picked":["Good Instincts","Enlightenment"],"picked":"Discovery","floor":37},{"not_picked":["HandOfGreed+1","Dramatic Entrance+1"],"picked":"Swift Strike+1","floor":37},{"not_picked":["Perfected Strike+1","Fire Breathing"],"picked":"Heavy Blade+1","floor":41},{"not_picked":["Searing Blow+1","Wild Strike+1"],"picked":"Pommel Strike+1","floor":42},{"not_picked":["Entrench+1","Ghostly Armor+1","Thunderclap+1"],"picked":"Clash+1","floor":44},{"not_picked":["Armaments+1","Flex+1","Headbutt+1"],"picked":"True Grit+1","floor":45},{"not_picked":["Anger+1","Pummel+1","Dropkick+1"],"picked":"Bloodletting+1","floor":46},{"not_picked":["Corruption","Wild Strike+1","Reckless Charge+1","Warcry+1"],"picked":"SKIP","floor":48}],"player_experience":291161,"relics_obtained":[{"floor":7,"key":"The Courier"},{"floor":9,"key":"Letter Opener"},{"floor":10,"key":"Girya"},{"floor":11,"key":"Whetstone"},{"floor":21,"key":"Enchiridion"},{"floor":23,"key":"Molten Egg 2"},{"floor":26,"key":"Mummified Hand"},{"floor":29,"key":"Boot"},{"floor":41,"key":"Charon\u0027s Ashes"},{"floor":43,"key":"Question Card"}],"event_choices":[{"damage_healed":0,"gold_gain":75,"player_choice":"Gather Gold","damage_taken":11,"max_hp_gain":0,"max_hp_loss":0,"event_name":"World of Goop","floor":2,"gold_loss":0},{"damage_healed":0,"gold_gain":0,"player_choice":"Trade","damage_taken":0,"relics_obtained":["SsserpentHead"],"max_hp_gain":0,"max_hp_loss":0,"event_name":"FaceTrader","floor":3,"gold_loss":0},{"cards_removed":["Defend_R"],"damage_healed":0,"gold_gain":0,"player_choice":"Card Removal","damage_taken":0,"max_hp_gain":0,"max_hp_loss":0,"event_name":"The Cleric","floor":5,"gold_loss":50},{"damage_healed":0,"gold_gain":0,"player_choice":"Opened","damage_taken":0,"relics_obtained":["Blood Vial"],"max_hp_gain":0,"max_hp_loss":0,"event_name":"The Mausoleum","floor":19,"gold_loss":0},{"damage_healed":0,"gold_gain":0,"player_choice":"Obtained Book","damage_taken":16,"max_hp_gain":0,"max_hp_loss":0,"event_name":"Cursed Tome","floor":21,"gold_loss":0},{"damage_healed":0,"gold_gain":0,"player_choice":"Memory 3","damage_taken":10,"max_hp_gain":0,"max_hp_loss":0,"event_name":"SensoryStone","floor":37,"gold_loss":0},{"damage_healed":0,"gold_gain":0,"player_choice":"Forge","damage_taken":0,"max_hp_gain":0,"max_hp_loss":0,"event_name":"Accursed Blacksmith","floor":39,"gold_loss":0,"cards_upgraded":["Demon Form"]},{"damage_healed":0,"gold_gain":0,"player_choice":"Ignored","damage_taken":0,"max_hp_gain":0,"max_hp_loss":0,"event_name":"Tomb of Lord Red Mask","floor":47,"gold_loss":0}],"is_beta":false,"boss_relics":[{"not_picked":["Empty Cage","Sozu"],"picked":"Mark of Pain"},{"not_picked":["Snecko Eye","Cursed Key"],"picked":"Orrery"}],"items_purged_floors":[14,20,22,38],"is_endless":false,"potions_floor_spawned":[1,7,18,27,29,31,41,42,45],"ascension_level":0}