{"gold_per_floor":[111,111,111,111,129,129,154,190,259,333,286,286,66,87,87,87],"floor_reached":16,"playtime":423,"items_purged":["Strike_B"],"score":127,"play_id":"dd44d68f-e1b0-405a-83da-5b5f8551e01d","local_time":"20190605154543","is_ascension_mode":true,"campfire_choices":[{"data":"Hologram","floor":6,"key":"SMITH"},{"floor":12,"key":"REST"},{"data":"Creative AI","floor":15,"key":"SMITH"}],"neow_cost":"NONE","seed_source_timestamp":104800890221837,"circlet_count":0,"master_deck":["Strike_B","Strike_B","Strike_B","Defend_B","Defend_B","Defend_B","Defend_B","Zap+1","Dualcast","Genetic Algorithm","Hologram+1","Creative AI+1","White Noise","Storm"],"relics":["Cracked Core","Golden Idol","Bottled Lightning","Mercury Hourglass","Pear","Ginger","DataDisk"],"potions_floor_usage":[],"damage_taken":[{"damage":0,"enemies":"2 Louse","floor":1,"turns":3},{"damage":7,"enemies":"Small Slimes","floor":5,"turns":3},{"damage":4,"enemies":"Jaw Worm","floor":7,"turns":4},{"damage":48,"enemies":"Lagavulin","floor":8,"turns":9},{"damage":15,"enemies":"3 Sentries","floor":10,"turns":6},{"damage":0,"enemies":"2 Fungi Beasts","floor":14,"turns":3},{"damage":34,"enemies":"The Guardian","floor":16,"turns":5}],"seed_played":"7867583583900788077","potions_obtained":[{"floor":7,"key":"Ancient Potion"},{"floor":10,"key":"Explosive Potion"}],"is_trial":false,"path_per_floor":["M","?","?","T","M","R","M","E","T","?","?","R","$","M","R","B"],"character_chosen":"DEFECT","items_purchased":["DataDisk"],"campfire_rested":1,"item_purchase_floors":[13],"current_hp_per_floor":[68,73,73,73,66,66,62,14,24,9,9,34,34,34,34,0],"gold":87,"neow_bonus":"UPGRADE_CARD","is_prod":false,"is_daily":false,"chose_seed":false,"campfire_upgraded":2,"win_rate":0,"timestamp":1559742343,"path_taken":["M","?","?","?","M","R","M","E","T","?","?","R","$","M","R","BOSS"],"build_version":"2019-01-23","purchased_purges":1,"victory":false,"max_hp_per_floor":[75,80,74,74,74,74,74,74,84,84,84,84,84,84,84,84],"card_choices":[{"not_picked":["Redo","Rebound"],"picked":"Genetic Algorithm","floor":1},{"not_picked":["Force Field","Cold Snap"],"picked":"Hologram","floor":5},{"not_picked":["Chaos","Cold Snap","Rebound"],"picked":"SKIP","floor":7},{"not_picked":["FTL","Leap"],"picked":"Creative AI","floor":8},{"not_picked":["Leap","Sweeping Beam"],"picked":"White Noise","floor":10},{"not_picked":["Go for the Eyes","Hello World"],"picked":"Storm","floor":14}],"player_experience":120889,"relics_obtained":[{"floor":4,"key":"Bottled Lightning"},{"floor":8,"key":"Mercury Hourglass"},{"floor":9,"key":"Pear"},{"floor":10,"key":"Ginger"}],"event_choices":[{"damage_healed":0,"gold_gain":0,"player_choice":"Donut","damage_taken":0,"max_hp_gain":5,"max_hp_loss":0,"event_name":"Big Fish","floor":2,"gold_loss":0},{"damage_healed":0,"gold_gain":0,"player_choice":"Lose Max HP","damage_taken":0,"relics_obtained":["Golden Idol"],"max_hp_gain":0,"max_hp_loss":6,"event_name":"Golden Idol","floor":3,"gold_loss":0},{"damage_healed":0,"gold_gain":0,"player_choice":"Searched \u00271\u0027 times","damage_taken":0,"max_hp_gain":0,"max_hp_loss":0,"event_name":"Dead Adventurer","floor":10,"gold_loss":0},{"damage_healed":0,"gold_gain":0,"player_choice":"Left Gold","damage_taken":0,"max_hp_gain":0,"max_hp_loss":0,"event_name":"World of Goop","floor":11,"gold_loss":47}],"is_beta":false,"boss_relics":[],"items_purged_floors":[13],"is_endless":false,"potions_floor_spawned":[7,10],"killed_by":"The Guardian","ascension_level":6}