{"gold_per_floor":[366,378,86,86,96,96,127,127,127,162,162,162,177,177],"floor_reached":14,"playtime":559,"items_purged":["Strike_R"],"score":196,"play_id":"beb16dda-f7e5-4aa2-859f-6c10f277e99e","local_time":"20190425171331","is_ascension_mode":true,"campfire_choices":[{"data":"Shockwave","floor":6.0,"key":"SMITH"},{"data":"True Grit","floor":8,"key":"SMITH"},{"floor":11,"key":"REST"}],"neow_cost":"TEN_PERCENT_HP_LOSS","seed_source_timestamp":0,"circlet_count":0,"master_deck":["AscendersBane","Strike_R","Strike_R","Strike_R","Strike_R","Defend_R","Defend_R","Defend_R","Defend_R+1","Bash+1","Shockwave+1","Thunderclap","Shrug It Off","True Grit+1","Sword Boomerang","Reckless Charge","Warcry"],"special_seed":0,"relics":["Burning Blood","Oddly Smooth Stone","Shuriken","Bag of Preparation","Juzu Bracelet","Orichalcum"],"potions_floor_usage":[],"damage_taken":[{"damage":7.0,"enemies":"Cultist","floor":1.0,"turns":4.0},{"damage":7.0,"enemies":"Small Slimes","floor":2.0,"turns":3.0},{"damage":3.0,"enemies":"2 Louse","floor":5.0,"turns":4.0},{"damage":29,"enemies":"3 Sentries","floor":7,"turns":13},{"damage":23,"enemies":"Lagavulin","floor":10,"turns":9},{"damage":0,"enemies":"2 Fungi Beasts","floor":13,"turns":4},{"damage":37,"enemies":"Gremlin Nob","floor":14,"turns":4}],"seed_played":"-2640448202255924748","potions_obtained":[{"floor":2.0,"key":"Weak Potion"},{"floor":10,"key":"Dexterity Potion"}],"is_trial":false,"path_per_floor":["M","M","$","?","M","R","E","R","T","E","R","?","M","E"],"character_chosen":"IRONCLAD","items_purchased":["Oddly Smooth Stone","Shrug It Off"],"campfire_rested":1,"item_purchase_floors":[3,3],"current_hp_per_floor":[67,66,66,46,49,49,26,26,26,9,29,29,35,0],"gold":177,"neow_bonus":"TWO_FIFTY_GOLD","is_prod":false,"is_daily":false,"chose_seed":false,"campfire_upgraded":2,"win_rate":0,"timestamp":1556187211,"path_taken":["M","M","$","?","M","R","E","R","T","E","R","?","M","E"],"build_version":"2019-01-23","purchased_purges":1,"victory":false,"max_hp_per_floor":[68,68,68,68,68,68,68,68,68,68,68,68,68,68],"card_choices":[{"not_picked":["Heavy Blade","Pommel Strike"],"picked":"Shockwave","floor":1.0},{"not_picked":["Perfected Strike","Sentinel"],"picked":"Thunderclap","floor":2.0},{"not_picked":["Twin Strike","Sever Soul"],"picked":"True Grit","floor":5.0},{"not_picked":["Perfected Strike","Cleave"],"picked":"Sword Boomerang","floor":7},{"not_picked":["Flex","Clash"],"picked":"Reckless Charge","floor":10},{"not_picked":["Entrench","Headbutt"],"picked":"Warcry","floor":13}],"player_experience":439053,"relics_obtained":[{"floor":7,"key":"Shuriken"},{"floor":9,"key":"Bag of Preparation"},{"floor":10,"key":"Juzu Bracelet"}],"event_choices":[{"damage_healed":0.0,"max_hp_gain":0.0,"max_hp_loss":0.0,"gold_gain":0.0,"event_name":"Shining Light","player_choice":"Entered Light","floor":4.0,"gold_loss":0.0,"damage_taken":20.0,"cards_upgraded":["Defend_R","Bash"]},{"damage_healed":0,"gold_gain":0,"player_choice":"Gave Potion","damage_taken":0,"relics_obtained":["Orichalcum"],"max_hp_gain":0,"max_hp_loss":0,"event_name":"WeMeetAgain","floor":12,"gold_loss":0}],"is_beta":false,"boss_relics":[],"items_purged_floors":[3],"is_endless":false,"potions_floor_spawned":[2,10],"killed_by":"Gremlin Nob","ascension_level":20}