{"gold_per_floor":[117,133,199,213,223,249,263,277,302,104,104,122,122,134,134,237,237,250,250,54,67,84,118,118,78,78,92,92,102,120,220,220,320,320,331,331,347,357,367,367],"floor_reached":40,"playtime":3173,"items_purged":[],"score":441,"play_id":"564b6044-e402-4378-9ddb-ef56a374ec4a","local_time":"20190523035003","is_ascension_mode":false,"campfire_choices":[{"data":"Reaper","floor":13.0,"key":"SMITH"},{"floor":15.0,"key":"REST"},{"floor":24.0,"key":"REST"},{"data":"Metallicize","floor":28.0,"key":"SMITH"},{"floor":32.0,"key":"REST"}],"neow_cost":"NONE","seed_source_timestamp":122896553346600,"circlet_count":0,"master_deck":["Strike_R","Strike_R","Strike_R","Defend_R","Defend_R+1","Defend_R","Bash","Cleave","Clash","Seeing Red+1","Infernal Blade","Whirlwind","Twin Strike","Shrug It Off","Reaper+1","Metallicize+1","Iron Wave","Double Tap","Rage+1","Rage+1","Inflame","Spot Weakness","Demon Form","Heavy Blade+1","Headbutt+1","Entrench+1","Rampage","Warcry","Feed","Iron Wave+1","Heavy Blade+1","Anger+1"],"special_seed":0,"relics":["Black Blood","Strawberry","Dream Catcher","ClockworkSouvenir","Astrolabe","Membership Card","Ice Cream","Letter Opener","Centennial Puzzle"],"potions_floor_usage":[33,33,39],"damage_taken":[{"damage":13.0,"enemies":"Jaw Worm","floor":1.0,"turns":5.0},{"damage":0.0,"enemies":"2 Louse","floor":2.0,"turns":3.0},{"damage":0.0,"enemies":"Cultist","floor":4.0,"turns":2.0},{"damage":7.0,"enemies":"Blue Slaver","floor":5.0,"turns":4.0},{"damage":38.0,"enemies":"Gremlin Nob","floor":6.0,"turns":5.0},{"damage":21.0,"enemies":"Large Slime","floor":7.0,"turns":6.0},{"damage":1.0,"enemies":"Lots of Slimes","floor":8.0,"turns":3.0},{"damage":0.0,"enemies":"Exordium Wildlife","floor":12.0,"turns":4.0},{"damage":13.0,"enemies":"Red Slaver","floor":14.0,"turns":3.0},{"damage":74.0,"enemies":"Slime Boss","floor":16.0,"turns":11.0},{"damage":21.0,"enemies":"Spheric Guardian","floor":18.0,"turns":8.0},{"damage":15.0,"enemies":"Shell Parasite","floor":21.0,"turns":8.0},{"damage":37.0,"enemies":"Snake Plant","floor":22.0,"turns":4.0},{"damage":39.0,"enemies":"Book of Stabbing","floor":23.0,"turns":5.0},{"damage":12.0,"enemies":"Shelled Parasite and Fungi","floor":27.0,"turns":10.0},{"damage":9.0,"enemies":"Sentry and Sphere","floor":29.0,"turns":6.0},{"damage":30.0,"enemies":"Cultist and Chosen","floor":30.0,"turns":7.0},{"damage":37,"enemies":"Collector","floor":33,"turns":7},{"damage":38,"enemies":"3 Darklings","floor":35,"turns":8},{"damage":32,"enemies":"3 Shapes","floor":37,"turns":3},{"damage":18,"enemies":"Sphere and 2 Shapes","floor":38,"turns":7},{"damage":41,"enemies":"Jaw Worm Horde","floor":39,"turns":4},{"damage":26,"enemies":"Giant Head","floor":40,"turns":4}],"seed_played":"-4251212103368453440","potions_obtained":[{"floor":2.0,"key":"Block Potion"},{"floor":4.0,"key":"PowerPotion"},{"floor":7.0,"key":"PowerPotion"},{"floor":12.0,"key":"SkillPotion"},{"floor":14.0,"key":"Energy Potion"},{"floor":18.0,"key":"Strength Potion"},{"floor":21.0,"key":"AttackPotion"},{"floor":27.0,"key":"Ancient Potion"},{"floor":30.0,"key":"SneckoOil"},{"floor":37,"key":"AttackPotion"},{"floor":39,"key":"AttackPotion"}],"is_trial":false,"path_per_floor":["M","M","?","M","M","E","M","M","T","$","?","M","R","M","R","B",null,"M","?","$","M","M","E","R","?","T","M","R","M","M","?","R","B",null,"M","T","M","M","M","E"],"character_chosen":"IRONCLAD","items_purchased":["ClockworkSouvenir","Membership Card"],"campfire_rested":3,"item_purchase_floors":[10,20],"current_hp_per_floor":[81,87,87,88,87,62,47,52,52,52,52,58,58,51,79,23,95,80,80,80,71,47,14,42,42,42,41,41,38,24,24,52,21,95,67,67,55,50,22,0],"gold":367,"neow_bonus":"TEN_PERCENT_HP_BONUS","is_prod":false,"is_daily":false,"chose_seed":false,"campfire_upgraded":2,"win_rate":0.0,"timestamp":1558608603,"path_taken":["M","M","?","M","M","E","M","M","T","$","?","?","R","M","R","BOSS","M","?","$","M","M","E","R","?","T","M","R","?","M","?","R","BOSS","M","?","M","M","?","E"],"build_version":"2019-01-23","purchased_purges":0,"victory":false,"max_hp_per_floor":[88,88,88,88,88,95,95,95,95,95,95,95,95,95,95,95,95,95,95,95,95,95,95,95,95,95,95,95,95,95,95,95,95,95,95,95,95,98,101,101],"card_choices":[{"not_picked":["Bloodletting","Pommel Strike"],"picked":"Cleave","floor":1.0},{"not_picked":["Cleave","Ghostly Armor"],"picked":"Clash","floor":2.0},{"not_picked":["Heavy Blade","Flex"],"picked":"Seeing Red","floor":4.0},{"not_picked":["Bloodletting","Juggernaut"],"picked":"Infernal Blade","floor":5.0},{"not_picked":["Flex","Pommel Strike"],"picked":"Whirlwind","floor":6.0},{"not_picked":["Flex","Whirlwind"],"picked":"Twin Strike","floor":7.0},{"not_picked":["Thunderclap","Twin Strike"],"picked":"Shrug It Off","floor":8.0},{"not_picked":["Uppercut","Fire Breathing"],"picked":"Reaper","floor":12.0},{"not_picked":["Headbutt","Pommel Strike"],"picked":"Metallicize","floor":14.0},{"not_picked":["Clash","Headbutt"],"picked":"Iron Wave","floor":15.0},{"not_picked":["Berserk","Fiend Fire"],"picked":"Double Tap","floor":16.0},{"not_picked":["Warcry","Cleave"],"picked":"Inflame","floor":18.0},{"not_picked":["Body Slam","Anger","True Grit"],"picked":"SKIP","floor":21.0},{"not_picked":["Reaper","Thunderclap"],"picked":"Heavy Blade+1","floor":22.0},{"not_picked":["Infernal Blade","Juggernaut","Metallicize"],"picked":"SKIP","floor":23.0},{"not_picked":["Whirlwind","Burning Pact"],"picked":"Headbutt+1","floor":24.0},{"not_picked":["Twin Strike","Headbutt+1"],"picked":"Entrench+1","floor":27.0},{"not_picked":["Bludgeon","Whirlwind","Clash"],"picked":"SKIP","floor":29.0},{"not_picked":["Combust","Sword Boomerang"],"picked":"Rampage","floor":30.0},{"not_picked":["Headbutt","Hemokinesis"],"picked":"Warcry","floor":32.0},{"not_picked":["Dark Embrace","Berserk"],"picked":"Feed","floor":33},{"not_picked":["Uppercut","Combust","Heavy Blade"],"picked":"SKIP","floor":35},{"not_picked":["Shrug It Off","Twin Strike"],"picked":"Iron Wave+1","floor":37},{"not_picked":["Clothesline+1","Flame Barrier"],"picked":"Heavy Blade+1","floor":38},{"not_picked":["Disarm","Thunderclap+1"],"picked":"Anger+1","floor":39}],"player_experience":19545,"relics_obtained":[{"floor":6.0,"key":"Strawberry"},{"floor":9.0,"key":"Dream Catcher"},{"floor":23.0,"key":"Ice Cream"},{"floor":26.0,"key":"Letter Opener"},{"floor":36,"key":"Centennial Puzzle"}],"event_choices":[{"damage_healed":0.0,"max_hp_gain":0.0,"max_hp_loss":0.0,"gold_gain":66.0,"event_name":"Golden Wing","player_choice":"Gained Gold","floor":3.0,"gold_loss":0.0,"damage_taken":0.0},{"damage_healed":0.0,"max_hp_gain":0.0,"max_hp_loss":0.0,"gold_gain":0.0,"event_name":"Match and Keep!","player_choice":"1 cards matched","floor":11.0,"gold_loss":0.0,"damage_taken":0.0,"cards_obtained":["Bash"]},{"damage_healed":0.0,"max_hp_gain":0.0,"max_hp_loss":0.0,"gold_gain":0.0,"cards_transformed":["Corruption","Defend_R"],"event_name":"Drug Dealer","player_choice":"Became Test Subject","floor":19.0,"gold_loss":0.0,"damage_taken":0.0,"cards_obtained":["Spot Weakness","Demon Form"]},{"damage_healed":0.0,"max_hp_gain":0.0,"max_hp_loss":0.0,"gold_gain":0.0,"event_name":"Designer","player_choice":"Upgraded Two","floor":25.0,"gold_loss":40.0,"damage_taken":0.0,"cards_upgraded":["Seeing Red","Defend_R"]},{"damage_healed":0.0,"max_hp_gain":0.0,"max_hp_loss":0.0,"gold_gain":100.0,"event_name":"Golden Shrine","player_choice":"Pray","floor":31.0,"gold_loss":0.0,"damage_taken":0.0}],"is_beta":false,"boss_relics":[{"not_picked":["Ectoplasm","Runic Pyramid"],"picked":"Astrolabe"},{"not_picked":["Snecko Eye","Cursed Key"],"picked":"Black Blood"}],"items_purged_floors":[],"is_endless":false,"potions_floor_spawned":[2,4,7,12,14,18,21,27,30,37,39],"killed_by":"Giant Head","ascension_level":0}