{"gold_per_floor":[117,217,228,240,253,283,283,316,316,332,294,294],"floor_reached":12,"playtime":786,"items_purged":[],"score":104,"play_id":"29ab1340-da48-4b6b-8806-74251a56e5be","local_time":"20190208004547","is_ascension_mode":true,"campfire_choices":[{"floor":7,"key":"REST"}],"neow_cost":"NONE","seed_source_timestamp":2460377637286747,"circlet_count":0,"master_deck":["Strike_B","Strike_B","Strike_B","Strike_B","Defend_B","Defend_B","Defend_B","Defend_B","Zap","Dualcast","Gash","Coolheaded","Ball Lightning","White Noise","Go for the Eyes","Compile Driver","Rebound"],"relics":["Cracked Core","Ginger","Regal Pillow","Centennial Puzzle"],"potions_floor_usage":[6,8,12],"damage_taken":[{"damage":0,"enemies":"2 Louse","floor":1,"turns":1},{"damage":0,"enemies":"Cultist","floor":3,"turns":4},{"damage":2,"enemies":"Small Slimes","floor":4,"turns":3},{"damage":14,"enemies":"Blue Slaver","floor":5,"turns":3},{"damage":25,"enemies":"Gremlin Nob","floor":6,"turns":4},{"damage":30,"enemies":"3 Sentries","floor":8,"turns":7},{"damage":7,"enemies":"3 Louse","floor":10,"turns":2},{"damage":19,"enemies":"Exordium Thugs","floor":12,"turns":2}],"seed_played":"-4911460268799563963","potions_obtained":[{"floor":3,"key":"FearPotion"},{"floor":4,"key":"SneckoOil"},{"floor":6,"key":"Fire Potion"}],"is_trial":false,"path_per_floor":["M","?","M","M","M","E","R","E","T","M","?","M"],"character_chosen":"DEFECT","items_purchased":[],"campfire_rested":1,"item_purchase_floors":[],"current_hp_per_floor":[75,75,75,73,59,34,56,26,26,19,19,0],"gold":294,"neow_bonus":"THREE_CARDS","is_prod":false,"is_daily":false,"chose_seed":false,"campfire_upgraded":0,"win_rate":0,"timestamp":1549604747,"path_taken":["M","?","M","M","?","E","R","E","T","M","?","M"],"build_version":"2019-01-23","purchased_purges":0,"victory":false,"max_hp_per_floor":[75,75,75,75,75,75,75,75,75,75,75,75],"card_choices":[{"not_picked":["Conserve Battery","Beam Cell"],"picked":"Gash","floor":0},{"not_picked":["Compile Driver","Reprogram"],"picked":"Coolheaded","floor":1},{"not_picked":["Recycle","Steam","Rainbow"],"picked":"SKIP","floor":3},{"not_picked":["Coolheaded","Reprogram"],"picked":"Ball Lightning","floor":4},{"not_picked":["Turbo","Thunder Strike"],"picked":"White Noise","floor":5},{"not_picked":["Compile Driver","Conserve Battery"],"picked":"Go for the Eyes","floor":6},{"not_picked":["Stack","Beam Cell"],"picked":"Compile Driver","floor":8},{"not_picked":["Barrage","Amplify"],"picked":"Rebound","floor":10}],"player_experience":169599,"relics_obtained":[{"floor":6,"key":"Ginger"},{"floor":8,"key":"Regal Pillow"},{"floor":9,"key":"Centennial Puzzle"}],"event_choices":[{"damage_healed":0,"gold_gain":100,"player_choice":"Pray","damage_taken":0,"max_hp_gain":0,"max_hp_loss":0,"event_name":"Golden Shrine","floor":2,"gold_loss":0},{"damage_healed":0,"gold_gain":0,"player_choice":"Left Gold","damage_taken":0,"max_hp_gain":0,"max_hp_loss":0,"event_name":"World of Goop","floor":11,"gold_loss":38}],"is_beta":false,"boss_relics":[],"items_purged_floors":[],"is_endless":false,"potions_floor_spawned":[3,4,6],"killed_by":"Exordium Thugs","ascension_level":3}