{"gold_per_floor":[119,134,34,34,34,67,67,99,99,130,130,141,155,175,175,271,271,281,231,244,14,14,49,63,94,94,94,111,143,143,157,157,259,259,276,276,296,314,314,339,339,370,370,385,385,411,427,52,52,52],"floor_reached":51,"playtime":4973,"items_purged":["Strike_R"],"score":1155,"play_id":"3f69d6b2-0336-4253-a993-492b3c66eb73","local_time":"20190212215426","is_ascension_mode":true,"campfire_choices":[{"data":"Bash","floor":7,"key":"SMITH"},{"data":"Pommel Strike","floor":15,"key":"SMITH"},{"data":"Corruption","floor":27,"key":"SMITH"},{"data":"Anger","floor":32,"key":"SMITH"},{"data":"Seeing Red","floor":45,"key":"SMITH"},{"data":"Seeing Red","floor":49,"key":"SMITH"}],"neow_cost":"NONE","seed_source_timestamp":2877858733866511,"circlet_count":0,"master_deck":["Strike_R","Strike_R","Strike_R","Defend_R","Defend_R","Defend_R+1","Defend_R","Bash+1","Anger+1","True Grit+1","Cleave","Corruption+1","Pommel Strike+1","Seeing Red+1","Dark Embrace+1","Seeing Red+1","Havoc","Combust","Feed","Shockwave+1","Dark Embrace+1","Inflame+1","Offering+1","True Grit+1","True Grit+1","Flex+1","True Grit+1","True Grit+1"],"relics":["Burning Blood","NeowsBlessing","Pantograph","Bird Faced Urn","Kunai","Juzu Bracelet","Letter Opener","Runic Pyramid","War Paint","Centennial Puzzle","Frozen Egg 2","Toxic Egg 2","Shuriken","Ancient Tea Set","Philosopher\u0027s Stone","Meat on the Bone","Spirit Poop","Potion Belt","Blue Candle","Question Card","Dead Branch"],"potions_floor_usage":[8,8,16,29,29,40,50,50,50,50],"damage_taken":[{"damage":0,"enemies":"Jaw Worm","floor":1,"turns":1},{"damage":0,"enemies":"2 Louse","floor":2,"turns":1},{"damage":0,"enemies":"Lagavulin","floor":6,"turns":1},{"damage":30,"enemies":"3 Sentries","floor":8,"turns":5},{"damage":28,"enemies":"Gremlin Nob","floor":10,"turns":5},{"damage":0,"enemies":"Cultist","floor":12,"turns":4},{"damage":6,"enemies":"Looter","floor":13,"turns":3},{"damage":13,"enemies":"Exordium Thugs","floor":14,"turns":5},{"damage":56,"enemies":"The Guardian","floor":16,"turns":14},{"damage":9,"enemies":"Shell Parasite","floor":18,"turns":3},{"damage":3,"enemies":"Chosen","floor":20,"turns":4},{"damage":5,"enemies":"Book of Stabbing","floor":23,"turns":3},{"damage":17,"enemies":"Centurion and Healer","floor":24,"turns":5},{"damage":5,"enemies":"Gremlin Leader","floor":25,"turns":5},{"damage":11,"enemies":"Cultist and Chosen","floor":28,"turns":4},{"damage":30,"enemies":"Slavers","floor":29,"turns":3},{"damage":26,"enemies":"Snake Plant","floor":31,"turns":3},{"damage":35,"enemies":"Champ","floor":33,"turns":7},{"damage":33,"enemies":"3 Shapes","floor":35,"turns":2},{"damage":6,"enemies":"Orb Walker","floor":37,"turns":2},{"damage":8,"enemies":"3 Darklings","floor":38,"turns":2},{"damage":7,"enemies":"Nemesis","floor":40,"turns":3},{"damage":7,"enemies":"Giant Head","floor":42,"turns":2},{"damage":6,"enemies":"Writhing Mass","floor":44,"turns":1},{"damage":32,"enemies":"Nemesis","floor":46,"turns":3},{"damage":20,"enemies":"Spire Growth","floor":47,"turns":2},{"damage":55,"enemies":"Donu and Deca","floor":50,"turns":5}],"seed_played":"-1339663818443283666","potions_obtained":[{"floor":1,"key":"SteroidPotion"},{"floor":2,"key":"SteroidPotion"},{"floor":13,"key":"Block Potion"},{"floor":23,"key":"LiquidBronze"},{"floor":24,"key":"LiquidBronze"},{"floor":28,"key":"Energy Potion"},{"floor":31,"key":"Explosive Potion"},{"floor":42,"key":"Strength Potion"},{"floor":44,"key":"LiquidBronze"},{"floor":47,"key":"Energy Potion"}],"is_trial":false,"path_per_floor":["M","M","$","?","?","E","R","E","T","E","?","M","M","M","R","B",null,"M","?","M","$","?","E","M","E","T","R","M","E","?","M","R","B",null,"M","?","M","M","?","E","?","E","T","M","R","E","M","$","R","B",null],"character_chosen":"IRONCLAD","items_purchased":["True Grit","War Paint","Combust","Dead Branch","PowerPotion","True Grit+1"],"campfire_rested":0,"item_purchase_floors":[3,21,21,48,48,48],"current_hp_per_floor":[80,80,80,68,68,74,74,50,50,28,33,41,43,38,38,15,68,69,69,76,76,76,81,76,86,86,86,90,74,74,62,62,71,91,77,77,87,93,93,95,95,98,98,101,101,81,80,80,80,77],"gold":52,"neow_bonus":"THREE_ENEMY_KILL","is_prod":false,"is_daily":false,"chose_seed":false,"campfire_upgraded":6,"win_rate":0,"timestamp":1550026466,"path_taken":["M","M","$","?","?","E","R","E","T","E","?","M","M","M","R","BOSS","M","?","M","$","?","E","M","E","T","R","M","E","?","M","R","BOSS","M","?","M","M","?","E","?","E","T","M","R","E","M","$","R","BOSS"],"build_version":"2019-01-23","purchased_purges":1,"victory":true,"max_hp_per_floor":[80,80,80,80,80,80,80,80,80,80,85,85,85,85,85,85,85,85,85,85,85,85,85,85,88,88,88,91,94,94,94,94,97,97,100,100,100,100,95,95,95,98,98,101,101,104,107,107,107,110],"card_choices":[{"not_picked":["Rampage","Second Wind"],"picked":"Disarm","floor":1},{"not_picked":["Intimidate","Thunderclap"],"picked":"Anger","floor":2},{"not_picked":["Heavy Blade","Body Slam"],"picked":"Cleave","floor":6},{"not_picked":["Immolate","Headbutt"],"picked":"Corruption","floor":8},{"not_picked":["Searing Blow","Disarm","Dual Wield"],"picked":"SKIP","floor":10},{"not_picked":["Shockwave","Thunderclap","Cleave"],"picked":"SKIP","floor":12},{"not_picked":["Warcry","Carnage"],"picked":"Pommel Strike","floor":13},{"not_picked":["Sever Soul","Heavy Blade"],"picked":"Seeing Red","floor":14},{"not_picked":["Berserk","Exhume"],"picked":"Dark Embrace","floor":16},{"not_picked":["Flex","Power Through"],"picked":"Seeing Red","floor":18},{"not_picked":["Bloodletting","Clash"],"picked":"Havoc","floor":20},{"not_picked":["Hemokinesis+1","Entrench"],"picked":"Feed","floor":23},{"not_picked":["Perfected Strike+1","Clash","Twin Strike"],"picked":"SKIP","floor":24},{"not_picked":["Rupture+1","Blood for Blood+1"],"picked":"Shockwave","floor":25},{"not_picked":["Reckless Charge+1","Twin Strike","Wild Strike"],"picked":"SKIP","floor":28},{"not_picked":["Wild Strike","Entrench+1"],"picked":"Dark Embrace+1","floor":29},{"not_picked":["Body Slam","Wild Strike"],"picked":"Inflame+1","floor":31},{"not_picked":["Brutality+1","Berserk+1"],"picked":"Offering+1","floor":33},{"not_picked":["Cleave","Sever Soul","Twin Strike+1"],"picked":"SKIP","floor":35},{"not_picked":["Rupture+1","Cleave"],"picked":"True Grit+1","floor":37},{"not_picked":["Iron Wave","Anger"],"picked":"True Grit+1","floor":38},{"not_picked":["Pummel","Clash","Heavy Blade"],"picked":"SKIP","floor":40},{"not_picked":["Cleave","Bludgeon","Sword Boomerang+1"],"picked":"SKIP","floor":42},{"not_picked":["Combust+1","Heavy Blade+1","Searing Blow"],"picked":"SKIP","floor":44},{"not_picked":["Ghostly Armor+1","Metallicize+1"],"picked":"Flex+1","floor":46},{"not_picked":["Flame Barrier+1","Pommel Strike+1","Spot Weakness+1"],"picked":"True Grit+1","floor":47}],"player_experience":197573,"relics_obtained":[{"floor":6,"key":"Bird Faced Urn"},{"floor":8,"key":"Kunai"},{"floor":9,"key":"Juzu Bracelet"},{"floor":10,"key":"Letter Opener"},{"floor":23,"key":"Frozen Egg 2"},{"floor":25,"key":"Toxic Egg 2"},{"floor":26,"key":"Shuriken"},{"floor":29,"key":"Ancient Tea Set"},{"floor":40,"key":"Meat on the Bone"},{"floor":42,"key":"Potion Belt"},{"floor":43,"key":"Blue Candle"},{"floor":46,"key":"Question Card"}],"event_choices":[{"damage_healed":0,"gold_gain":0,"player_choice":"Success","damage_taken":12,"relics_obtained":["Pantograph"],"max_hp_gain":0,"max_hp_loss":0,"event_name":"Scrap Ooze","floor":4,"gold_loss":0},{"cards_removed":["Strike_R"],"damage_healed":0,"gold_gain":0,"player_choice":"Forget","damage_taken":0,"max_hp_gain":0,"max_hp_loss":0,"event_name":"Living Wall","floor":5,"gold_loss":0},{"damage_healed":0,"gold_gain":0,"player_choice":"Donut","damage_taken":0,"max_hp_gain":5,"max_hp_loss":0,"event_name":"Big Fish","floor":11,"gold_loss":0},{"damage_healed":0,"gold_gain":0,"player_choice":"Bet on Owner","damage_taken":0,"max_hp_gain":0,"max_hp_loss":0,"event_name":"The Joust","floor":19,"gold_loss":50},{"damage_healed":0,"gold_gain":0,"player_choice":"Stole Relic","damage_taken":0,"relics_obtained":["Centennial Puzzle"],"max_hp_gain":0,"max_hp_loss":0,"event_name":"Addict","floor":22,"gold_loss":0,"cards_obtained":["Shame"]},{"damage_healed":0,"gold_gain":0,"player_choice":"Upgraded","damage_taken":0,"max_hp_gain":0,"max_hp_loss":0,"event_name":"Upgrade Shrine","floor":30,"gold_loss":0,"cards_upgraded":["Dark Embrace"]},{"cards_removed":["Disarm"],"damage_healed":0,"gold_gain":0,"player_choice":"Removed Skill","damage_taken":0,"max_hp_gain":0,"max_hp_loss":0,"event_name":"Falling","floor":36,"gold_loss":0},{"damage_healed":0,"gold_gain":0,"player_choice":"Max HP","damage_taken":0,"max_hp_gain":0,"max_hp_loss":5,"event_name":"Winding Halls","floor":39,"gold_loss":0},{"cards_removed":["Shame"],"damage_healed":0,"gold_gain":0,"player_choice":"Offered Curse","damage_taken":0,"relics_obtained":["Spirit Poop"],"max_hp_gain":0,"max_hp_loss":0,"event_name":"Bonfire Elementals","floor":41,"gold_loss":0}],"is_beta":false,"boss_relics":[{"not_picked":["Tiny House","Busted Crown"],"picked":"Runic Pyramid"},{"not_picked":["Astrolabe","Black Star"],"picked":"Philosopher\u0027s Stone"}],"items_purged_floors":[3],"is_endless":false,"potions_floor_spawned":[1,2,13,23,24,28,31,42,44,47],"ascension_level":5}