{"gold_per_floor":[109,109,109,122,13,38,38,66,66,92,102,77,109,129,129,226,226,240,250,263,273,273,273,299,315,389,67,67],"floor_reached":28,"playtime":2039,"items_purged":[],"score":552,"play_id":"a421071b-3b7e-41f9-ad9d-e9705f7a5f76","local_time":"20190416235029","is_ascension_mode":true,"campfire_choices":[{"data":"Zap","floor":7.0,"key":"SMITH"},{"data":"Ball Lightning","floor":15.0,"key":"SMITH"},{"data":"Coolheaded","floor":23,"key":"SMITH"}],"neow_cost":"NONE","seed_source_timestamp":0,"circlet_count":0,"master_deck":["AscendersBane","Zap+1","Dualcast","Ball Lightning+1","Rebound","Hologram","Darkness","Coolheaded+1","Darkness","Tempest","Reboot","Chaos+1","Go for the Eyes","Leap","Loop+1","White Noise","Go for the Eyes","Skim","Lockon+1","Stack","Leap","Heatsinks+1","Coolheaded","Hello World+1","Recycle","Apotheosis"],"special_seed":0,"relics":["Cracked Core","NeowsBlessing","Mercury Hourglass","Frozen Egg 2","Oddly Smooth Stone","Bottled Flame","Meat on the Bone","Bottled Lightning","Mummified Hand","Pandora\u0027s Box","Darkstone Periapt","Symbiotic Virus"],"potions_floor_usage":[25,28,28,28],"damage_taken":[{"damage":0.0,"enemies":"Jaw Worm","floor":1.0,"turns":1.0},{"damage":0.0,"enemies":"2 Louse","floor":4.0,"turns":1.0},{"damage":0.0,"enemies":"Gremlin Nob","floor":6.0,"turns":1.0},{"damage":22.0,"enemies":"Lagavulin","floor":8.0,"turns":6.0},{"damage":0.0,"enemies":"Gremlin Nob","floor":10.0,"turns":2.0},{"damage":4.0,"enemies":"Small Slimes","floor":11.0,"turns":2.0},{"damage":18.0,"enemies":"3 Sentries","floor":13.0,"turns":4.0},{"damage":4.0,"enemies":"Exordium Thugs","floor":14.0,"turns":4.0},{"damage":0.0,"enemies":"Slime Boss","floor":16.0,"turns":6.0},{"damage":8,"enemies":"Chosen","floor":18,"turns":3},{"damage":0,"enemies":"Spheric Guardian","floor":19,"turns":4},{"damage":14,"enemies":"Snake Plant","floor":20,"turns":2},{"damage":23,"enemies":"Shelled Parasite and Fungi","floor":21,"turns":3},{"damage":30,"enemies":"Gremlin Leader","floor":24,"turns":7},{"damage":15,"enemies":"Centurion and Healer","floor":25,"turns":5},{"damage":13,"enemies":"Book of Stabbing","floor":28,"turns":2}],"seed_played":"6155039338280284607","potions_obtained":[{"floor":1.0,"key":"Energy Potion"},{"floor":4.0,"key":"Fire Potion"},{"floor":8.0,"key":"Dexterity Potion"},{"floor":16.0,"key":"LiquidBronze"},{"floor":20,"key":"Poison Potion"},{"floor":21,"key":"Dexterity Potion"},{"floor":24,"key":"SkillPotion"},{"floor":25,"key":"PowerPotion"}],"is_trial":false,"path_per_floor":["M","?","?","M","?","E","R","E","T","E","M","?","E","M","R","B",null,"M","M","M","M","?","R","E","M","T","$","E"],"character_chosen":"DEFECT","items_purchased":["Hello World+1","Recycle","Apotheosis"],"campfire_rested":0,"item_purchase_floors":[27,27,27],"current_hp_per_floor":[68,68,65,65,65,65,65,43,43,43,39,39,33,41,41,41,67,59,59,45,34,34,34,16,13,13,13,0],"gold":67,"neow_bonus":"THREE_ENEMY_KILL","is_prod":false,"is_daily":false,"chose_seed":false,"campfire_upgraded":3,"win_rate":0,"timestamp":1555473029,"path_taken":["M","?","?","M","?","E","R","E","T","E","?","?","E","M","R","BOSS","M","M","M","M","?","R","E","?","T","?","E"],"build_version":"2019-01-23","purchased_purges":0,"victory":false,"max_hp_per_floor":[75,75,75,75,75,75,75,75,75,75,75,75,75,75,75,75,75,75,75,75,75,75,75,75,75,75,75,75],"card_choices":[{"not_picked":["Reprogram","Cold Snap"],"picked":"Ball Lightning","floor":1.0},{"not_picked":["Go for the Eyes","Redo"],"picked":"Rebound","floor":4.0},{"not_picked":["Auto Shields","Turbo"],"picked":"Hologram","floor":6.0},{"not_picked":["Streamline","Stack"],"picked":"Darkness","floor":8.0},{"not_picked":["Streamline","FTL"],"picked":"Coolheaded","floor":10.0},{"not_picked":["Streamline","Amplify"],"picked":"Darkness","floor":11.0},{"not_picked":["Gash","Beam Cell","Streamline"],"picked":"SKIP","floor":13.0},{"not_picked":["Undo","BootSequence"],"picked":"Tempest","floor":14.0},{"not_picked":["Hyperbeam","Amplify"],"picked":"Reboot","floor":16.0},{"not_picked":["Tempest","Beam Cell"],"picked":"Lockon+1","floor":18},{"not_picked":["Gash","Cold Snap"],"picked":"Stack","floor":19},{"not_picked":["Gash","Sweeping Beam"],"picked":"Leap","floor":20},{"not_picked":["Force Field","Steam Power","Skim"],"picked":"SKIP","floor":21},{"not_picked":["Ball Lightning+1","Turbo+1"],"picked":"Heatsinks+1","floor":24},{"not_picked":["Darkness","Turbo"],"picked":"Coolheaded","floor":25}],"player_experience":306789,"relics_obtained":[{"floor":6.0,"key":"Oddly Smooth Stone"},{"floor":8.0,"key":"Bottled Flame"},{"floor":9.0,"key":"Meat on the Bone"},{"floor":10.0,"key":"Bottled Lightning"},{"floor":13.0,"key":"Mummified Hand"},{"floor":24,"key":"Darkstone Periapt"},{"floor":26,"key":"Symbiotic Virus"}],"event_choices":[{"cards_removed":["Strike_B"],"damage_healed":0.0,"max_hp_gain":0.0,"max_hp_loss":0.0,"gold_gain":0.0,"event_name":"Living Wall","player_choice":"Forget","floor":2.0,"gold_loss":0.0,"damage_taken":0.0},{"damage_healed":0.0,"max_hp_gain":0.0,"max_hp_loss":0.0,"gold_gain":0.0,"event_name":"Scrap Ooze","player_choice":"Success","floor":3.0,"gold_loss":0.0,"damage_taken":3.0,"relics_obtained":["Mercury Hourglass"]},{"damage_healed":0.0,"max_hp_gain":0.0,"max_hp_loss":0.0,"gold_gain":0.0,"event_name":"WeMeetAgain","player_choice":"Paid Gold","floor":5.0,"gold_loss":109.0,"damage_taken":0.0,"relics_obtained":["Frozen Egg 2"]},{"damage_healed":0.0,"max_hp_gain":0.0,"max_hp_loss":0.0,"gold_gain":0.0,"event_name":"World of Goop","player_choice":"Left Gold","floor":12.0,"gold_loss":25.0,"damage_taken":0.0},{"damage_healed":0,"gold_gain":0,"player_choice":"Forge","damage_taken":0,"max_hp_gain":0,"max_hp_loss":0,"event_name":"Accursed Blacksmith","floor":22,"gold_loss":0,"cards_upgraded":["Chaos"]}],"is_beta":false,"boss_relics":[{"not_picked":["Calling Bell","Fusion Hammer"],"picked":"Pandora\u0027s Box"}],"items_purged_floors":[],"is_endless":false,"potions_floor_spawned":[1,4,8,16,20,21,24,25],"killed_by":"Book of Stabbing","ascension_level":10}