{"gold_per_floor":[110,37,37,37,48,48,48,48,48,92,106,122,136,159,159,279,279,304,318,337,358,16,16,16,36,84,84,96,96,109,109,109,208,208,227,243,253,270,287,287,306,306,385,402,418,450,463,475,475,475],"floor_reached":50,"playtime":3562,"items_purged":["Defend_B"],"score":637,"play_id":"159cc3d4-dcf4-45b3-bf75-fc0ca225e87e","local_time":"20190426124433","is_ascension_mode":true,"campfire_choices":[{"data":"Sweeping Beam","floor":6,"key":"SMITH"},{"floor":15,"key":"REST"},{"floor":23,"key":"RECALL"},{"floor":27,"key":"REST"},{"floor":29,"key":"REST"},{"floor":32,"key":"REST"},{"floor":40,"key":"REST"},{"floor":49,"key":"REST"}],"neow_cost":"NONE","seed_source_timestamp":1049387515505741,"circlet_count":0,"master_deck":["Strike_B","Strike_B","Strike_B","Strike_B","Defend_B","Defend_B","Zap","Dualcast","Melter","Ball Lightning","Sweeping Beam+1","Aggregate","Electrodynamics","Compile Driver","Glacier","White Noise","Echo Form","Cold Snap+1","Coolheaded","Compile Driver","Ball Lightning","Self Repair","Chill","Blizzard","Compile Driver","Leap","Self Repair","Machine Learning","Compile Driver","Self Repair+1","Self Repair+1","Barrage","Coolheaded","Defragment","Barrage+1","Hologram+1","Tempest+1","Chill","Conserve Battery","Conserve Battery"],"relics":["Cracked Core","NeowsBlessing","Bloody Idol","Dream Catcher","Happy Flower","Fusion Hammer","Lee\u0027s Waffle","Anchor","Runic Dome","Kunai","Mercury Hourglass"],"potions_floor_usage":[14,16,28,33,33,38,39,41,46,48,50],"damage_taken":[{"damage":0,"enemies":"Jaw Worm","floor":1,"turns":1},{"damage":0,"enemies":"Cultist","floor":5,"turns":1},{"damage":0,"enemies":"3 Sentries","floor":10,"turns":1},{"damage":12,"enemies":"2 Louse","floor":11,"turns":3},{"damage":1,"enemies":"2 Fungi Beasts","floor":12,"turns":2},{"damage":9,"enemies":"Red Slaver","floor":13,"turns":2},{"damage":5,"enemies":"Gremlin Gang","floor":14,"turns":2},{"damage":33,"enemies":"Slime Boss","floor":16,"turns":7},{"damage":0,"enemies":"Spheric Guardian","floor":18,"turns":1},{"damage":17,"enemies":"2 Thieves","floor":19,"turns":2},{"damage":0,"enemies":"Chosen and Byrds","floor":20,"turns":4},{"damage":8,"enemies":"3 Cultists","floor":21,"turns":3},{"damage":39,"enemies":"Snake Plant","floor":25,"turns":4},{"damage":0,"enemies":"Snecko","floor":28,"turns":3},{"damage":32,"enemies":"Centurion and Healer","floor":30,"turns":5},{"damage":20,"enemies":"Champ","floor":33,"turns":11},{"damage":38,"enemies":"3 Darklings","floor":35,"turns":4},{"damage":24,"enemies":"3 Shapes","floor":36,"turns":4},{"damage":19,"enemies":"Sphere and 2 Shapes","floor":37,"turns":3},{"damage":24,"enemies":"3 Darklings","floor":38,"turns":4},{"damage":0,"enemies":"Maw","floor":39,"turns":9},{"damage":8,"enemies":"Sphere and 2 Shapes","floor":41,"turns":4},{"damage":46,"enemies":"3 Darklings","floor":44,"turns":6},{"damage":38,"enemies":"Jaw Worm Horde","floor":45,"turns":4},{"damage":29,"enemies":"Nemesis","floor":46,"turns":7},{"damage":21,"enemies":"4 Shapes","floor":47,"turns":2},{"damage":23,"enemies":"Transient","floor":48,"turns":5},{"damage":102,"enemies":"Awakened One","floor":50,"turns":7}],"seed_played":"2855102854491911422","potions_obtained":[{"floor":5,"key":"Fire Potion"},{"floor":11,"key":"EssenceOfSteel"},{"floor":16,"key":"Fire Potion"},{"floor":18,"key":"FocusPotion"},{"floor":19,"key":"Fire Potion"},{"floor":28,"key":"Regen Potion"},{"floor":33,"key":"Swift Potion"},{"floor":37,"key":"AttackPotion"},{"floor":38,"key":"PowerPotion"},{"floor":39,"key":"EssenceOfSteel"},{"floor":41,"key":"FairyPotion"},{"floor":46,"key":"Dexterity Potion"},{"floor":47,"key":"EssenceOfSteel"}],"is_trial":false,"path_per_floor":["M","$","?","?","M","R","?","?","T","E","M","M","M","M","R","B",null,"M","M","M","M","$","R","?","M","T","R","M","R","M","?","R","B",null,"M","M","M","M","M","R","M","?","T","M","M","E","M","M","R","B"],"character_chosen":"DEFECT","items_purchased":["Melter","Lee\u0027s Waffle","Self Repair"],"campfire_rested":6,"item_purchase_floors":[2,22,22],"current_hp_per_floor":[75,75,75,75,75,75,57,57,57,57,45,44,35,30,52,19,75,75,58,58,50,82,82,82,62,67,82,82,82,69,82,82,82,82,56,51,44,59,82,82,82,82,82,82,76,79,70,62,82,0],"gold":475,"neow_bonus":"THREE_ENEMY_KILL","is_prod":false,"is_daily":false,"chose_seed":false,"campfire_upgraded":1,"win_rate":0,"timestamp":1556307873,"path_taken":["M","$","?","?","?","R","?","?","T","E","?","M","M","M","R","BOSS","M","?","M","M","$","R","?","M","T","R","M","R","M","?","R","BOSS","M","M","M","M","M","R","M","?","T","M","M","E","M","M","R","BOSS"],"build_version":"2019-01-23","purchased_purges":1,"victory":false,"max_hp_per_floor":[75,75,75,75,75,75,75,75,75,75,75,75,75,75,75,75,75,75,75,75,75,82,82,82,82,82,82,82,82,82,82,82,82,82,82,82,82,82,82,82,82,82,82,82,82,82,82,82,82,82],"card_choices":[{"not_picked":["Streamline","Aggregate","Fusion"],"picked":"SKIP","floor":1},{"not_picked":["Redo","Storm"],"picked":"Sweeping Beam","floor":5},{"not_picked":["Stack","Compile Driver"],"picked":"Electrodynamics","floor":10},{"not_picked":["Reprogram","Redo"],"picked":"Compile Driver","floor":11},{"not_picked":["Undo","Loop","Sweeping Beam"],"picked":"SKIP","floor":12},{"not_picked":["Turbo","Barrage"],"picked":"Glacier","floor":13},{"not_picked":["Self Repair","Coolheaded"],"picked":"White Noise","floor":14},{"not_picked":["Reboot","Hyperbeam"],"picked":"Echo Form","floor":16},{"not_picked":["Leap","Gash+1"],"picked":"Cold Snap+1","floor":18},{"not_picked":["Rebound","Sweeping Beam"],"picked":"Coolheaded","floor":19},{"not_picked":["Stack+1","Streamline+1"],"picked":"Compile Driver","floor":20},{"not_picked":["Scrape","Streamline"],"picked":"Ball Lightning","floor":21},{"not_picked":["Streamline","Consume"],"picked":"Chill","floor":25},{"not_picked":["Coolheaded","Sweeping Beam"],"picked":"Blizzard","floor":27},{"not_picked":["Conserve Battery","Biased Cognition"],"picked":"Compile Driver","floor":28},{"not_picked":["Darkness+1","Rebound+1"],"picked":"Leap","floor":29},{"not_picked":["Beam Cell","Hello World"],"picked":"Coolheaded","floor":30},{"not_picked":["Loop","Cold Snap"],"picked":"Self Repair","floor":32},{"not_picked":["Thunder Strike","Reboot"],"picked":"Machine Learning","floor":33},{"not_picked":["Auto Shields+1","Go for the Eyes"],"picked":"Compile Driver","floor":35},{"not_picked":["Leap+1","Turbo+1"],"picked":"Self Repair+1","floor":36},{"not_picked":["Gash","Beam Cell+1"],"picked":"Self Repair+1","floor":37},{"not_picked":["Auto Shields","Turbo"],"picked":"Barrage","floor":38},{"not_picked":["Amplify","Beam Cell"],"picked":"Coolheaded","floor":39},{"not_picked":["Darkness+1","Turbo"],"picked":"Defragment","floor":40},{"not_picked":["Stack","Gash"],"picked":"Barrage+1","floor":41},{"not_picked":["Rebound+1","Turbo","Heatsinks"],"picked":"SKIP","floor":44},{"not_picked":["Rebound","Steam+1"],"picked":"Hologram+1","floor":45},{"not_picked":["Go for the Eyes+1","Hologram"],"picked":"Tempest+1","floor":46},{"not_picked":["Turbo","Redo"],"picked":"Chill","floor":47},{"not_picked":["Steam","Compile Driver"],"picked":"Conserve Battery","floor":48},{"not_picked":["Biased Cognition","Stack"],"picked":"Conserve Battery","floor":49}],"player_experience":121913,"relics_obtained":[{"floor":9,"key":"Dream Catcher"},{"floor":10,"key":"Happy Flower"},{"floor":26,"key":"Anchor"},{"floor":43,"key":"Kunai"},{"floor":46,"key":"Mercury Hourglass"}],"event_choices":[{"damage_healed":0,"gold_gain":0,"player_choice":"Ignored","damage_taken":0,"max_hp_gain":0,"max_hp_loss":0,"event_name":"Shining Light","floor":3,"gold_loss":0},{"damage_healed":0,"gold_gain":0,"player_choice":"2 cards matched","damage_taken":0,"max_hp_gain":0,"max_hp_loss":0,"event_name":"Match and Keep!","floor":4,"gold_loss":0,"cards_obtained":["Impatience","Ball Lightning"]},{"damage_healed":0,"gold_gain":0,"player_choice":"Take Damage","damage_taken":18,"relics_obtained":["Golden Idol"],"max_hp_gain":0,"max_hp_loss":0,"event_name":"Golden Idol","floor":7,"gold_loss":0},{"damage_healed":0,"gold_gain":0,"cards_transformed":["Defend_B"],"player_choice":"Transformed","damage_taken":0,"max_hp_gain":0,"max_hp_loss":0,"event_name":"Transmorgrifier","floor":8,"gold_loss":0,"cards_obtained":["Aggregate"]},{"damage_healed":0,"gold_gain":0,"player_choice":"Gave Idol","damage_taken":0,"relics_obtained":["Bloody Idol"],"max_hp_gain":0,"max_hp_loss":0,"event_name":"Forgotten Altar","floor":24,"relics_lost":["Golden Idol"],"gold_loss":0},{"cards_removed":["Impatience"],"damage_healed":13,"gold_gain":0,"player_choice":"Offered Uncommon","damage_taken":0,"max_hp_gain":0,"max_hp_loss":0,"event_name":"Bonfire Elementals","floor":31,"gold_loss":0},{"cards_removed":["Coolheaded"],"damage_healed":0,"gold_gain":0,"player_choice":"Removed Skill","damage_taken":0,"max_hp_gain":0,"max_hp_loss":0,"event_name":"Falling","floor":42,"gold_loss":0}],"is_beta":false,"boss_relics":[{"not_picked":["Astrolabe","Tiny House"],"picked":"Fusion Hammer"},{"not_picked":["Snecko Eye","Black Star"],"picked":"Runic Dome"}],"items_purged_floors":[22],"is_endless":false,"potions_floor_spawned":[5,11,16,18,19,28,33,37,38,39,41,46,47],"killed_by":"Awakened One","ascension_level":2}