{"gold_per_floor":[118,135,135,135,153,153,74,74,74,104,116,141,154,174,174,269,269],"floor_reached":17,"playtime":1387,"items_purged":[],"score":192,"play_id":"4e000060-5a47-4baf-8547-7bd463616430","local_time":"20180722222331","daily_mods":["Heirloom","Allstar","Time Dilation"],"is_ascension_mode":false,"campfire_choices":[{"data":"Dualcast","floor":6,"key":"SMITH"},{"data":"Zap","floor":15,"key":"SMITH"}],"neow_cost":"","seed_source_timestamp":0,"circlet_count":0,"master_deck":["Strike_B","Strike_B","Strike_B","Strike_B","Defend_B","Defend_B","Defend_B","Defend_B","Zap+1","Dualcast+1","Dark Shackles","Secret Technique","Finesse","Trip","Secret Weapon","Beam Cell","Hologram","Consume","Capacitor","Gash","Gash","Self Repair","Ball Lightning","Scrape","Core Surge"],"relics":["Cracked Core","Mango","Anchor","Bottled Lightning","Pantograph","Question Card","Letter Opener","Runic Dome"],"potions_floor_usage":[16,16],"damage_taken":[{"damage":2,"enemies":"Jaw Worm","floor":1,"turns":3},{"damage":5,"enemies":"2 Louse","floor":2,"turns":2},{"damage":0,"enemies":"Small Slimes","floor":5,"turns":3},{"damage":19,"enemies":"Lagavulin","floor":10,"turns":6},{"damage":0,"enemies":"2 Fungi Beasts","floor":11,"turns":3},{"damage":30,"enemies":"Gremlin Nob","floor":12,"turns":4},{"damage":0,"enemies":"Exordium Wildlife","floor":13,"turns":2},{"damage":1,"enemies":"Red Slaver","floor":14,"turns":2},{"damage":39,"enemies":"Hexaghost","floor":16,"turns":5}],"seed_played":"-5055249939350922961","potions_obtained":[{"floor":1,"key":"Regen Potion"},{"floor":5,"key":"PowerPotion"},{"floor":10,"key":"Poison Potion"},{"floor":12,"key":"SkillPotion"}],"is_trial":true,"path_per_floor":["M","M","?","T","M","R","$","?","T","E","M","E","M","M","R","B"],"character_chosen":"DEFECT","items_purchased":["Capacitor"],"campfire_rested":0,"item_purchase_floors":[7],"current_hp_per_floor":[87,82,75,75,75,75,75,80,80,61,61,31,38,44,44,37,94],"gold":269,"neow_bonus":"","is_prod":false,"is_daily":false,"chose_seed":false,"campfire_upgraded":2,"win_rate":0,"timestamp":1532265811,"path_taken":["M","M","?","?","M","R","$","?","T","E","M","E","M","?","R","BOSS"],"build_version":"2018-07-19v2","purchased_purges":0,"victory":false,"max_hp_per_floor":[89,89,89,89,89,89,89,94,94,94,94,94,94,94,94,94,94],"card_choices":[{"not_picked":["Hologram","Skim"],"picked":"Beam Cell","floor":1},{"not_picked":["Heatsinks","Turbo"],"picked":"Hologram","floor":2},{"not_picked":["Scrape","Doom and Gloom"],"picked":"Consume","floor":5},{"not_picked":["Hologram","Skim"],"picked":"Gash","floor":10},{"not_picked":["Beam Cell","Redo","Coolheaded"],"picked":"Gash","floor":11},{"not_picked":["Beam Cell","Creative AI","Amplify"],"picked":"Self Repair","floor":12},{"not_picked":["Hologram","Barrage","Turbo"],"picked":"Ball Lightning","floor":13},{"not_picked":["Redo","Turbo","Steam Power"],"picked":"Scrape","floor":14},{"not_picked":["Amplify","Buffer","Fission"],"picked":"Core Surge","floor":16}],"player_experience":228364,"relics_obtained":[{"floor":4,"key":"Bottled Lightning"},{"floor":9,"key":"Pantograph"},{"floor":10,"key":"Question Card"},{"floor":12,"key":"Letter Opener"}],"event_choices":[{"event_name":"Scrap Ooze","player_choice":"success","floor":3,"damage_taken":7},{"event_name":"Big Fish","player_choice":"Donut","floor":8,"damage_taken":0}],"is_beta":false,"boss_relics":[{"not_picked":["White Beast Statue","Calling Bell"],"picked":"Runic Dome"}],"items_purged_floors":[],"is_endless":true,"potions_floor_spawned":[1,5,10,12,14],"ascension_level":0}