{"gold_per_floor":[369,3,3,19,39,39,39,57,57,69,93,93,112,147,147,223,223,238,198,210,221,233,233,243,243],"floor_reached":25,"playtime":1281,"items_purged":["Strike_B"],"score":393,"play_id":"46f8c8cc-2870-429a-9acf-d2e906e25910","local_time":"20190527133011","is_ascension_mode":true,"campfire_choices":[{"data":"Doom and Gloom","floor":6,"key":"SMITH"},{"floor":15,"key":"REST"},{"floor":23,"key":"REST"}],"neow_cost":"PERCENT_DAMAGE","seed_source_timestamp":216853133346751,"circlet_count":0,"master_deck":["AscendersBane","Strike_B","Defend_B","Defend_B","Defend_B","Defend_B","Zap","Dualcast","Steam","Reinforced Body","Doom and Gloom+1","Self Repair","Fission","Steam","Leap","Machine Learning","Coolheaded","Coolheaded","Fusion","Redo"],"relics":["Cracked Core","Letter Opener","Dodecahedron","The Courier","Omamori","Lantern","Philosopher\u0027s Stone"],"potions_floor_usage":[14,14,18,21,22,22,22,24],"damage_taken":[{"damage":2,"enemies":"2 Louse","floor":1,"turns":2},{"damage":6,"enemies":"Cultist","floor":4,"turns":3},{"damage":0,"enemies":"Small Slimes","floor":5,"turns":4},{"damage":7,"enemies":"Exordium Wildlife","floor":8,"turns":3},{"damage":15,"enemies":"Looter","floor":10,"turns":4},{"damage":0,"enemies":"Lots of Slimes","floor":13,"turns":2},{"damage":14,"enemies":"Lagavulin","floor":14,"turns":11},{"damage":28,"enemies":"Slime Boss","floor":16,"turns":7},{"damage":11,"enemies":"3 Byrds","floor":18,"turns":3},{"damage":31,"enemies":"Spheric Guardian","floor":20,"turns":6},{"damage":2,"enemies":"Snake Plant","floor":21,"turns":4},{"damage":22,"enemies":"Cultist and Chosen","floor":22,"turns":7},{"damage":24,"enemies":"Shelled Parasite and Fungi","floor":24,"turns":8},{"damage":33,"enemies":"Gremlin Leader","floor":25,"turns":5}],"seed_played":"-6789705132224451687","potions_obtained":[{"floor":4,"key":"Weak Potion"},{"floor":10,"key":"GamblersBrew"},{"floor":13,"key":"PowerPotion"},{"floor":16,"key":"LiquidBronze"},{"floor":18,"key":"EntropicBrew"},{"floor":19,"key":"Block Potion"},{"floor":22,"key":"EssenceOfSteel"}],"is_trial":false,"path_per_floor":["M","$","?","M","M","R","?","M","T","M","T","?","M","E","R","B",null,"M","?","M","M","M","R","M","E"],"character_chosen":"DEFECT","items_purchased":["Letter Opener","Steam"],"campfire_rested":2,"item_purchase_floors":[2,2],"current_hp_per_floor":[44,44,44,38,38,38,31,24,24,16,16,16,16,9,30,9,56,52,52,28,33,26,47,30,0],"gold":243,"neow_bonus":"TWO_FIFTY_GOLD","is_prod":false,"is_daily":false,"chose_seed":false,"campfire_upgraded":1,"win_rate":0,"timestamp":1558989011,"path_taken":["M","$","?","M","?","R","?","M","T","M","?","?","?","E","R","BOSS","M","?","M","?","M","R","?","E"],"build_version":"2019-01-23","purchased_purges":1,"victory":false,"max_hp_per_floor":[71,71,71,71,71,71,71,71,71,71,71,71,71,71,71,71,71,71,71,71,71,71,71,71,71],"card_choices":[{"not_picked":["Coolheaded","Redo"],"picked":"Conserve Battery","floor":1},{"not_picked":["Tempest","Sweeping Beam"],"picked":"Reinforced Body","floor":4},{"not_picked":["Barrage","Conserve Battery"],"picked":"Doom and Gloom","floor":5},{"not_picked":["Capacitor","Rip and Tear"],"picked":"Self Repair","floor":8},{"not_picked":["Rebound","Redo"],"picked":"Fission","floor":10},{"not_picked":["Doom and Gloom","Sweeping Beam"],"picked":"Leap","floor":13},{"not_picked":["Go for the Eyes","Doom and Gloom","Scrape"],"picked":"SKIP","floor":14},{"not_picked":["All For One","Fission"],"picked":"Machine Learning","floor":16},{"not_picked":["Rebound","Cold Snap"],"picked":"Coolheaded","floor":18},{"not_picked":["Go for the Eyes","Sweeping Beam","Hello World"],"picked":"SKIP","floor":20},{"not_picked":["Conserve Battery","Steam"],"picked":"Coolheaded","floor":21},{"not_picked":["Barrage","Ball Lightning"],"picked":"Fusion","floor":22},{"not_picked":["Barrage","Rip and Tear"],"picked":"Redo","floor":24}],"player_experience":757181,"relics_obtained":[{"floor":9,"key":"The Courier"},{"floor":11,"key":"Omamori"},{"floor":14,"key":"Lantern"}],"event_choices":[{"cards_removed":["Conserve Battery"],"damage_healed":0,"gold_gain":0,"player_choice":"Gave Card","damage_taken":0,"relics_obtained":["Dodecahedron"],"max_hp_gain":0,"max_hp_loss":0,"event_name":"WeMeetAgain","floor":3,"gold_loss":0},{"cards_removed":["Strike_B"],"damage_healed":0,"gold_gain":0,"player_choice":"Card Removal","damage_taken":7,"max_hp_gain":0,"max_hp_loss":0,"event_name":"Golden Wing","floor":7,"gold_loss":0},{"damage_healed":0,"gold_gain":0,"cards_transformed":["Strike_B"],"player_choice":"Transformed","damage_taken":0,"max_hp_gain":0,"max_hp_loss":0,"event_name":"Transmorgrifier","floor":12,"gold_loss":0,"cards_obtained":["Steam"]},{"damage_healed":0,"gold_gain":0,"player_choice":"Bought 3 Potions","damage_taken":0,"max_hp_gain":0,"max_hp_loss":0,"event_name":"The Woman in Blue","floor":19,"gold_loss":0}],"is_beta":false,"boss_relics":[{"not_picked":["Eternal Feather","Tiny House"],"picked":"Philosopher\u0027s Stone"}],"items_purged_floors":[2],"is_endless":false,"potions_floor_spawned":[4,10,13,16,18,20,22],"killed_by":"Gremlin Leader","ascension_level":18}