{"gold_per_floor":[119,119,44,44,62,62,97,97,176,193,6,6,41,61,61,135,135,149,75,60,77,77],"floor_reached":22,"playtime":1719,"items_purged":["Strike_B","Strike_B"],"score":405,"play_id":"5fd4bb46-eb4c-4f4e-8fd7-eb7ccf35324a","local_time":"20190524133439","is_ascension_mode":true,"campfire_choices":[{"data":"Zap","floor":6,"key":"SMITH"},{"data":"Steam","floor":8,"key":"SMITH"},{"data":"Buffer","floor":15,"key":"SMITH"}],"neow_cost":"NONE","seed_source_timestamp":128868907746035,"circlet_count":0,"master_deck":["AscendersBane","Strike_B","Defend_B","Defend_B","Defend_B","Defend_B","Zap+1","Dualcast","Steam+1","Cold Snap","Ball Lightning","Leap","Buffer+1","Genetic Algorithm","Undo","Hologram","Seek","Sweeping Beam","Reinforced Body","Darkness","Reboot"],"relics":["Cracked Core","NeowsBlessing","Cables","Pear","Matryoshka","Runic Pyramid"],"potions_floor_usage":[21,22,22],"damage_taken":[{"damage":0,"enemies":"Jaw Worm","floor":1,"turns":1},{"damage":0,"enemies":"2 Louse","floor":5,"turns":1},{"damage":0,"enemies":"3 Sentries","floor":7,"turns":1},{"damage":0,"enemies":"Cultist","floor":10,"turns":3},{"damage":16,"enemies":"Gremlin Nob","floor":13,"turns":4},{"damage":0,"enemies":"Large Slime","floor":14,"turns":4},{"damage":17,"enemies":"The Guardian","floor":16,"turns":12},{"damage":2,"enemies":"Spheric Guardian","floor":18,"turns":5},{"damage":1,"enemies":"2 Thieves","floor":20,"turns":5},{"damage":8,"enemies":"Shelled Parasite and Fungi","floor":21,"turns":9},{"damage":16,"enemies":"Colosseum Slavers","floor":22,"turns":5},{"damage":79,"enemies":"Colosseum Nobs","floor":22,"turns":6}],"seed_played":"9198084444907473098","potions_obtained":[{"floor":7,"key":"Energy Potion"},{"floor":16,"key":"PowerPotion"},{"floor":21,"key":"EssenceOfSteel"}],"is_trial":false,"path_per_floor":["M","?","$","?","M","R","E","R","T","M","$","$","E","M","R","B",null,"M","$","M","M","?"],"character_chosen":"DEFECT","items_purchased":["Genetic Algorithm","Reinforced Body"],"campfire_rested":0,"item_purchase_floors":[11,19],"current_hp_per_floor":[64,64,64,69,69,69,69,69,79,79,79,79,63,63,63,46,76,74,74,73,65,0],"gold":77,"neow_bonus":"THREE_ENEMY_KILL","is_prod":false,"is_daily":false,"chose_seed":false,"campfire_upgraded":3,"win_rate":0,"timestamp":1558730079,"path_taken":["M","?","$","?","?","R","E","R","T","M","?","$","E","M","R","BOSS","M","$","M","M","?"],"build_version":"2019-01-23","purchased_purges":2,"victory":false,"max_hp_per_floor":[71,71,71,76,76,76,76,76,86,86,86,86,86,86,86,86,86,86,86,86,86,86],"card_choices":[{"not_picked":["Lockon","Storm"],"picked":"Steam","floor":1},{"not_picked":["Self Repair","Hello World"],"picked":"Ball Lightning","floor":5},{"not_picked":["Barrage","Steam"],"picked":"Leap","floor":7},{"not_picked":["Leap","Consume"],"picked":"Buffer","floor":10},{"not_picked":["Chill","FTL"],"picked":"Undo","floor":13},{"not_picked":["Beam Cell","Compile Driver"],"picked":"Hologram","floor":14},{"not_picked":["Multi-Cast","Biased Cognition"],"picked":"Seek","floor":16},{"not_picked":["Conserve Battery+1","Gash"],"picked":"Sweeping Beam","floor":18},{"not_picked":["Steam","Leap"],"picked":"Darkness","floor":20},{"not_picked":["Turbo","Ball Lightning"],"picked":"Reboot","floor":21}],"player_experience":726457,"relics_obtained":[{"floor":7,"key":"Cables"},{"floor":9,"key":"Pear"},{"floor":13,"key":"Matryoshka"}],"event_choices":[{"damage_healed":0,"gold_gain":0,"cards_transformed":["Strike_B"],"player_choice":"Change","damage_taken":0,"max_hp_gain":0,"max_hp_loss":0,"event_name":"Living Wall","floor":2,"gold_loss":0,"cards_obtained":["Cold Snap"]},{"damage_healed":0,"gold_gain":0,"player_choice":"Donut","damage_taken":0,"max_hp_gain":5,"max_hp_loss":0,"event_name":"Big Fish","floor":4,"gold_loss":0},{"damage_healed":0,"gold_gain":0,"player_choice":"Fight","damage_taken":0,"max_hp_gain":0,"max_hp_loss":0,"event_name":"Colosseum","floor":22,"gold_loss":0},{"damage_healed":0,"gold_gain":0,"player_choice":"Fought Nobs","damage_taken":0,"max_hp_gain":0,"max_hp_loss":0,"event_name":"Colosseum","floor":22,"gold_loss":0}],"is_beta":false,"boss_relics":[{"not_picked":["Velvet Choker","Orrery"],"picked":"Runic Pyramid"}],"items_purged_floors":[3,11],"is_endless":false,"potions_floor_spawned":[7,16,18,21],"killed_by":"Colosseum Nobs","ascension_level":17}