{"gold_per_floor":[113,113,113,63,81,106,117,117,143,143,143,158,16,36,36,140,140,157,167,167,17,116,116,143,143,225,238,153,53,73,36,36,36],"floor_reached":33,"playtime":1109,"items_purged":["Strike_G","Strike_G"],"score":288,"play_id":"5eed0ddb-a5c2-4ffa-b074-2e4fac429c0f","local_time":"20181118111222","is_ascension_mode":false,"campfire_choices":[{"data":"Bouncing Flask","floor":8,"key":"SMITH"},{"data":"Poisoned Stab","floor":11,"key":"SMITH"},{"floor":15,"key":"REST"},{"data":"A Thousand Cuts","floor":23,"key":"SMITH"},{"floor":25,"key":"REST"},{"floor":32,"key":"REST"}],"neow_cost":"CURSE","seed_source_timestamp":11423648659369,"circlet_count":0,"master_deck":["Defend_G","Defend_G","Defend_G","Defend_G","Defend_G","Strike_G","Survivor","Neutralize+1","Adrenaline","Poisoned Stab+1","Bouncing Flask+1","PiercingWail+1","Poisoned Stab","Poisoned Stab","A Thousand Cuts+1","Venomology+1","Corpse Explosion","Deflect","Dagger Spray","Burst","Catalyst","All Out Attack+1","Dagger Spray+1","Distraction"],"relics":["Ring of the Snake","Ancient Tea Set","Unceasing Top","Strawberry","Empty Cage","War Paint","Pear","Boot"],"potions_floor_usage":[6,14,16,19,19,24,30,30,33],"damage_taken":[{"damage":9,"enemies":"Cultist","floor":1,"turns":6},{"damage":0,"enemies":"2 Louse","floor":5,"turns":3},{"damage":13,"enemies":"Gremlin Nob","floor":6,"turns":4},{"damage":3,"enemies":"Small Slimes","floor":7,"turns":3},{"damage":8,"enemies":"Gremlin Gang","floor":12,"turns":4},{"damage":8,"enemies":"Lots of Slimes","floor":14,"turns":3},{"damage":37,"enemies":"The Guardian","floor":16,"turns":8},{"damage":5,"enemies":"Chosen","floor":18,"turns":4},{"damage":17,"enemies":"Spheric Guardian","floor":19,"turns":4},{"damage":25,"enemies":"Slavers","floor":24,"turns":4},{"damage":10,"enemies":"Cultist and Chosen","floor":27,"turns":5},{"damage":17,"enemies":"Centurion and Healer","floor":30,"turns":3},{"damage":117,"enemies":"Champ","floor":33,"turns":12}],"seed_played":"-2596098942204116908","potions_obtained":[{"floor":5,"key":"SkillPotion"},{"floor":7,"key":"LiquidBronze"},{"floor":12,"key":"SkillPotion"},{"floor":19,"key":"Weak Potion"},{"floor":27,"key":"Weak Potion"}],"is_trial":false,"path_per_floor":["M","?","?","?","M","E","M","R","T","?","R","M","$","M","R","B",null,"M","M","?","$","?","R","E","R","T","M","?","$","M","$","R","B"],"character_chosen":"THE_SILENT","items_purchased":["A Thousand Cuts","Catalyst","Distraction"],"campfire_rested":3,"item_purchase_floors":[13,21,31],"current_hp_per_floor":[61,61,61,61,61,48,45,45,52,52,52,44,44,36,59,22,77,72,64,64,64,64,64,39,62,72,62,62,62,45,45,71,0],"gold":36,"neow_bonus":"THREE_RARE_CARDS","is_prod":false,"is_daily":false,"chose_seed":false,"campfire_upgraded":3,"win_rate":0,"timestamp":1542535942,"path_taken":["M","?","?","?","M","E","M","R","T","?","R","?","$","?","R","BOSS","M","M","?","$","?","R","E","R","T","M","?","$","M","$","R","BOSS"],"build_version":"2018-11-15","purchased_purges":2,"victory":false,"max_hp_per_floor":[70,70,70,70,70,70,70,70,77,77,77,77,77,77,77,77,77,77,77,77,77,77,77,77,77,87,87,87,87,87,87,87,87],"card_choices":[{"not_picked":["Tools of the Trade","Unload"],"picked":"Adrenaline","floor":0},{"not_picked":["Dash","Slice"],"picked":"Poisoned Stab","floor":1},{"not_picked":["Deflect","Prepared"],"picked":"Bouncing Flask","floor":5},{"not_picked":["Setup","Predator"],"picked":"PiercingWail","floor":6},{"not_picked":["Slice","Sucker Punch"],"picked":"Poisoned Stab","floor":7},{"not_picked":["Flying Knee","Outmaneuver"],"picked":"Poisoned Stab","floor":12},{"not_picked":["Deflect","Sucker Punch"],"picked":"Venomology","floor":14},{"not_picked":["Tools of the Trade","After Image"],"picked":"Corpse Explosion","floor":16},{"not_picked":["Prepared","Deadly Poison"],"picked":"Deflect","floor":18},{"not_picked":["Setup","Concentrate+1"],"picked":"Dagger Spray","floor":19},{"not_picked":["Cloak And Dagger","Dagger Throw"],"picked":"All Out Attack+1","floor":24},{"not_picked":["Concentrate","Doppelganger","Slice+1"],"picked":"SKIP","floor":27},{"not_picked":["Riddle With Holes","Blur"],"picked":"Dagger Spray+1","floor":30}],"player_experience":118702,"relics_obtained":[{"floor":6,"key":"Unceasing Top"},{"floor":9,"key":"Strawberry"},{"floor":24,"key":"War Paint"},{"floor":26,"key":"Pear"}],"event_choices":[{"damage_healed":0,"gold_gain":0,"player_choice":"Box","damage_taken":0,"relics_obtained":["Ancient Tea Set"],"max_hp_gain":0,"max_hp_loss":0,"event_name":"Big Fish","floor":2,"gold_loss":0,"cards_obtained":["Regret"]},{"cards_removed":["Shame"],"damage_healed":0,"gold_gain":0,"player_choice":"Forget","damage_taken":0,"max_hp_gain":0,"max_hp_loss":0,"event_name":"Living Wall","floor":3,"gold_loss":0},{"cards_removed":["Regret"],"damage_healed":0,"gold_gain":0,"player_choice":"Card Removal","damage_taken":0,"max_hp_gain":0,"max_hp_loss":0,"event_name":"The Cleric","floor":4,"gold_loss":50},{"damage_healed":0,"gold_gain":0,"player_choice":"Upgraded","damage_taken":0,"max_hp_gain":0,"max_hp_loss":0,"event_name":"Upgrade Shrine","floor":10,"gold_loss":0,"cards_upgraded":["Neutralize"]},{"damage_healed":0,"gold_gain":0,"player_choice":"Read","damage_taken":0,"max_hp_gain":0,"max_hp_loss":0,"event_name":"The Library","floor":20,"gold_loss":0,"cards_obtained":["Burst"]},{"damage_healed":0,"gold_gain":99,"player_choice":"Stole From Cult","damage_taken":0,"max_hp_gain":0,"max_hp_loss":0,"event_name":"Nest","floor":22,"gold_loss":0},{"damage_healed":0,"gold_gain":0,"player_choice":"Obtained Relic","damage_taken":0,"relics_obtained":["Boot"],"max_hp_gain":0,"max_hp_loss":0,"event_name":"Addict","floor":28,"gold_loss":85}],"is_beta":false,"boss_relics":[{"not_picked":["Astrolabe","Runic Pyramid"],"picked":"Empty Cage"}],"items_purged_floors":[21,29],"is_endless":false,"potions_floor_spawned":[5,7,12,19,27],"killed_by":"Champ","ascension_level":0}