{"gold_per_floor":[116,116,116,135,210,225,245,245,327,338,588,588,588,602,602,698,698,711,711,379,379],"floor_reached":21,"playtime":783,"items_purged":[],"score":169,"play_id":"c83d0b08-09e2-480b-a77f-4bf39249ca82","local_time":"20180704165340","is_ascension_mode":false,"campfire_choices":[{"floor":8,"key":"REST"},{"data":"Static Discharge","floor":13,"key":"SMITH"},{"floor":15,"key":"REST"}],"neow_cost":"TEN_PERCENT_HP_LOSS","seed_source_timestamp":193884601559379,"circlet_count":0,"master_deck":["Strike_B","Strike_B","Defend_B","Defend_B","Defend_B","Zap","Dualcast","Force Field","Hello World","Cold Snap","Cold Snap","Streamline","Genetic Algorithm","Static Discharge+1","Undo","Force Field","Echo Form","Go for the Eyes+1","Storm"],"relics":["Cracked Core","Pen Nib","Pear","White Beast Statue","Pantograph"],"potions_floor_usage":[7,16,16,18],"damage_taken":[{"damage":5,"enemies":"Small Slimes","floor":1,"turns":3},{"damage":1,"enemies":"Cultist","floor":4,"turns":3},{"damage":2,"enemies":"2 Louse","floor":6,"turns":3},{"damage":10,"enemies":"Looter","floor":7,"turns":2},{"damage":6,"enemies":"2 Fungi Beasts","floor":10,"turns":3},{"damage":7,"enemies":"Blue Slaver","floor":14,"turns":3},{"damage":54,"enemies":"The Guardian","floor":16,"turns":9},{"damage":54,"enemies":"Shell Parasite","floor":18,"turns":5},{"damage":40,"floor":21,"turns":3}],"seed_played":"-2832685670212642292","potions_obtained":[{"floor":1,"key":"PowerPotion"},{"floor":2,"key":"SkillPotion"},{"floor":2,"key":"Fire Potion"},{"floor":16,"key":"Regen Potion"},{"floor":18,"key":"Ancient Potion"}],"is_trial":false,"path_per_floor":["M","?","?","M","?","M","M","R","T","M","?","?","R","M","R","B",null,"M","?","$"],"character_chosen":"DEFECT","items_purchased":["Pantograph","Storm"],"campfire_rested":2,"item_purchase_floors":[20,20],"current_hp_per_floor":[63,63,45,44,33,31,21,41,51,45,45,45,45,38,61,7,78,36,36,36,0],"gold":379,"neow_bonus":"TRANSFORM_TWO_CARDS","is_prod":false,"is_daily":false,"chose_seed":false,"campfire_upgraded":1,"win_rate":0,"timestamp":1530716020,"path_taken":["M","?","?","M","?","?","M","R","T","M","?","?","R","?","R","BOSS","M","?","$","?"],"build_version":"2018-06-28","purchased_purges":0,"victory":false,"max_hp_per_floor":[68,68,68,68,68,68,68,68,78,78,78,78,78,78,78,78,78,78,78,78,78],"card_choices":[{"not_picked":["Scrape","Rebound"],"picked":"Cold Snap","floor":1},{"not_picked":["Turbo","Gash"],"picked":"Cold Snap","floor":4},{"not_picked":["Rebound","Ball Lightning"],"picked":"Streamline","floor":6},{"not_picked":["Echo Form","Compile Driver"],"picked":"Genetic Algorithm","floor":7},{"not_picked":["Leap","Consume"],"picked":"Static Discharge","floor":10},{"not_picked":["Stack","Coolheaded"],"picked":"Force Field","floor":14},{"not_picked":["Fission","Meteor Strike"],"picked":"Echo Form","floor":16},{"not_picked":["Ball Lightning","Turbo+1"],"picked":"Go for the Eyes+1","floor":18}],"player_experience":66271,"relics_obtained":[{"floor":9,"key":"Pear"}],"event_choices":[{"event_name":"The Lab","player_choice":"Got Potions","floor":2,"damage_taken":0},{"event_name":"Scrap Ooze","player_choice":"success","floor":3,"damage_taken":18},{"event_name":"World of Goop","player_choice":"Gather Gold","floor":5,"damage_taken":0},{"event_name":"Golden Shrine","player_choice":"Desecrate","floor":11,"damage_taken":0},{"event_name":"Transmorgrifier","player_choice":"Transform","floor":12,"damage_taken":0},{"event_name":"Purifier","player_choice":"One Purge","floor":19,"damage_taken":0},{"event_name":"Masked Bandits","player_choice":"Fought over 379 gold","floor":21,"damage_taken":0}],"boss_relics":[{"not_picked":["Fusion Hammer","Tiny House"],"picked":"White Beast Statue"}],"items_purged_floors":[],"is_endless":false,"potions_floor_spawned":[1,16,18],"ascension_level":0}