{"gold_per_floor":[116,116,191,191,208,243,259,47,47,21,38,67,67,81,81,185,185,203,203],"floor_reached":19,"playtime":475,"items_purged":[],"score":202,"play_id":"bafef38c-9199-4bf6-a06c-0563d8e2a01d","local_time":"20181130161123","is_ascension_mode":false,"campfire_choices":[{"floor":13,"key":"REST"},{"data":"Noxious Fumes","floor":15,"key":"SMITH"}],"neow_cost":"NONE","seed_source_timestamp":10491925899771,"circlet_count":0,"master_deck":["Survivor","Neutralize","Noxious Fumes","Prepared","Noxious Fumes+1","Bouncing Flask","The Bomb","Deadly Poison","Dagger Spray","Deadly Poison","Crippling Poison","Burst","Dagger Spray","Dodge and Roll","Accuracy","Dagger Throw","All Out Attack","Poisoned Stab","Slice","Prepared","Crippling Poison","Choke","Escape Plan"],"relics":["Ring of the Snake","NeowsBlessing","Gremlin Horn","Juzu Bracelet","Boot","Pandora\u0027s Box"],"potions_floor_usage":[12,16],"damage_taken":[{"damage":0,"enemies":"Small Slimes","floor":1,"turns":1},{"damage":0,"enemies":"Jaw Worm","floor":5,"turns":1},{"damage":0,"enemies":"3 Sentries","floor":6,"turns":1},{"damage":0,"enemies":"2 Louse","floor":7,"turns":3},{"damage":11,"enemies":"Blue Slaver","floor":11,"turns":4},{"damage":21,"enemies":"Gremlin Nob","floor":12,"turns":4},{"damage":0,"enemies":"Lots of Slimes","floor":14,"turns":1},{"damage":48,"enemies":"The Guardian","floor":16,"turns":7},{"damage":33,"enemies":"2 Thieves","floor":18,"turns":4},{"damage":37,"enemies":"3 Byrds","floor":19,"turns":2}],"seed_played":"-6406629360625686672","potions_obtained":[{"floor":1,"key":"FearPotion"},{"floor":11,"key":"AttackPotion"},{"floor":12,"key":"GamblersBrew"}],"is_trial":false,"path_per_floor":["M","?","?","?","M","E","M","$","T","$","M","E","R","M","R","B",null,"M","M"],"character_chosen":"THE_SILENT","items_purchased":["Bouncing Flask","The Bomb","Deadly Poison"],"campfire_rested":1,"item_purchase_floors":[8,8,10],"current_hp_per_floor":[70,56,45,68,68,68,68,68,68,68,57,36,57,57,57,9,70,37,0],"gold":203,"neow_bonus":"THREE_ENEMY_KILL","is_prod":false,"is_daily":false,"chose_seed":false,"campfire_upgraded":1,"win_rate":0,"timestamp":1543590683,"path_taken":["M","?","?","?","M","E","M","$","T","?","M","E","R","M","R","BOSS","M","M"],"build_version":"2018-11-15","purchased_purges":0,"victory":false,"max_hp_per_floor":[70,70,70,70,70,70,70,70,70,70,70,70,70,70,70,70,70,70,70],"card_choices":[{"not_picked":["Deadly Poison","Flying Knee"],"picked":"Noxious Fumes","floor":1},{"not_picked":["Tactician","Leg Sweep"],"picked":"Prepared","floor":5},{"not_picked":["Deflect","Venomology"],"picked":"Noxious Fumes","floor":6},{"not_picked":["Concentrate","Dagger Throw","Quick Slash"],"picked":"SKIP","floor":7},{"not_picked":["Dagger Throw","Acrobatics"],"picked":"Dagger Spray","floor":11},{"not_picked":["Cloak And Dagger","Blade Dance"],"picked":"Deadly Poison","floor":12},{"not_picked":["Dagger Throw","Eviscerate"],"picked":"Crippling Poison","floor":14},{"not_picked":["Night Terror","Envenom"],"picked":"Burst","floor":16},{"not_picked":["Concentrate","Infinite Blades"],"picked":"Escape Plan","floor":18}],"player_experience":155272,"relics_obtained":[{"floor":6,"key":"Gremlin Horn"},{"floor":9,"key":"Juzu Bracelet"},{"floor":12,"key":"Boot"}],"event_choices":[{"damage_healed":0,"gold_gain":0,"player_choice":"Entered Light","damage_taken":14,"max_hp_gain":0,"max_hp_loss":0,"event_name":"Shining Light","floor":2,"gold_loss":0,"cards_upgraded":["Strike_G","Defend_G"]},{"damage_healed":0,"gold_gain":75,"player_choice":"Gather Gold","damage_taken":11,"max_hp_gain":0,"max_hp_loss":0,"event_name":"World of Goop","floor":3,"gold_loss":0},{"damage_healed":23,"gold_gain":0,"player_choice":"Banana","damage_taken":0,"max_hp_gain":0,"max_hp_loss":0,"event_name":"Big Fish","floor":4,"gold_loss":0}],"is_beta":false,"boss_relics":[{"not_picked":["White Beast Statue","Philosopher\u0027s Stone"],"picked":"Pandora\u0027s Box"}],"items_purged_floors":[],"is_endless":false,"potions_floor_spawned":[1,11,12],"killed_by":"3 Byrds","ascension_level":0}