{"gold_per_floor":[116,116,137,3,19,58,74,115,115,133,133,169,169,185,185,316,316,241,241,241,241,241,241],"floor_reached":23,"playtime":1236,"items_purged":[],"score":265,"play_id":"1d5ac02e-faca-4431-be05-4ca2d828dd2a","local_time":"20190329075815","is_ascension_mode":false,"campfire_choices":[{"floor":11.0,"key":"REST"},{"floor":15.0,"key":"REST"}],"neow_cost":"TEN_PERCENT_HP_LOSS","seed_source_timestamp":0,"circlet_count":0,"master_deck":["Strike_B","Strike_B","Strike_B","Defend_B","Defend_B","Defend_B","Defend_B","Zap","Dualcast","Chaos","Capacitor","Ball Lightning","Chill","Cold Snap","FTL","Capacitor","Fusion","Consume","Creative AI","Steam+1","Static Discharge","Go for the Eyes+1","Fission"],"special_seed":0,"relics":["Cracked Core","Pocketwatch","Golden Idol","Pen Nib","Ornamental Fan","Pantograph","Oddly Smooth Stone","Ectoplasm"],"potions_floor_usage":[23,23],"damage_taken":[{"damage":5.0,"enemies":"Small Slimes","floor":1.0,"turns":4.0},{"damage":2.0,"enemies":"2 Louse","floor":3.0,"turns":2.0},{"damage":0.0,"enemies":"Cultist","floor":5.0,"turns":3.0},{"damage":13.0,"enemies":"3 Sentries","floor":6.0,"turns":6.0},{"damage":1.0,"enemies":"3 Louse","floor":7.0,"turns":4.0},{"damage":22.0,"enemies":"Gremlin Nob","floor":8.0,"turns":4.0},{"damage":19.0,"enemies":"Exordium Thugs","floor":10.0,"turns":4.0},{"damage":9.0,"enemies":"3 Sentries","floor":12.0,"turns":6.0},{"damage":1.0,"enemies":"Blue Slaver","floor":14.0,"turns":4.0},{"damage":0.0,"enemies":"Slime Boss","floor":16.0,"turns":7.0},{"damage":25.0,"enemies":"2 Thieves","floor":18.0,"turns":4.0},{"damage":6,"enemies":"Spheric Guardian","floor":20,"turns":6},{"damage":4,"enemies":"Centurion and Healer","floor":21,"turns":6},{"damage":10,"enemies":"Snecko","floor":22,"turns":5},{"damage":23,"enemies":"Gremlin Leader","floor":23,"turns":4}],"seed_played":"7142056166544028274","potions_obtained":[{"floor":1.0,"key":"Swift Potion"},{"floor":3.0,"key":"SpeedPotion"},{"floor":10.0,"key":"Weak Potion"},{"floor":12.0,"key":"PowerPotion"},{"floor":16.0,"key":"Explosive Potion"},{"floor":19,"key":"SpeedPotion"},{"floor":19,"key":"SpeedPotion"},{"floor":19,"key":"SmokeBomb"},{"floor":20,"key":"Poison Potion"},{"floor":21,"key":"Strength Potion"},{"floor":22,"key":"FocusPotion"}],"is_trial":false,"path_per_floor":["M","?","M","$","M","E","M","E","T","M","R","E","?","M","R","B",null,"M","?","M","M","M","E"],"character_chosen":"DEFECT","items_purchased":["Capacitor","Ball Lightning"],"campfire_rested":2,"item_purchase_floors":[4,4],"current_hp_per_floor":[63,63,61,61,61,48,47,25,25,6,24,15,8,7,25,50,63,38,38,32,28,18,0],"gold":241,"neow_bonus":"ONE_RARE_RELIC","is_prod":false,"is_daily":false,"chose_seed":false,"campfire_upgraded":0,"win_rate":0.0,"timestamp":1553860695,"path_taken":["M","?","M","$","M","E","M","E","T","M","R","E","?","M","R","BOSS","M","?","M","M","M","E"],"build_version":"2019-01-23","purchased_purges":0,"victory":false,"max_hp_per_floor":[68,63,63,63,63,63,63,63,63,63,63,63,63,63,63,63,63,63,63,63,63,63,63],"card_choices":[{"not_picked":["Aggregate","Skim","Blizzard"],"picked":"SKIP","floor":1.0},{"not_picked":["Go for the Eyes","Leap"],"picked":"Chaos","floor":3.0},{"not_picked":["Leap","Redo"],"picked":"Chill","floor":5.0},{"not_picked":["Doom and Gloom","Double Energy"],"picked":"Cold Snap","floor":6.0},{"not_picked":["Conserve Battery","Melter","Skim"],"picked":"SKIP","floor":7.0},{"not_picked":["Force Field","Cold Snap"],"picked":"FTL","floor":8.0},{"not_picked":["Ball Lightning","Cold Snap"],"picked":"Capacitor","floor":10.0},{"not_picked":["Hologram","FTL"],"picked":"Fusion","floor":12.0},{"not_picked":["Go for the Eyes","Tempest"],"picked":"Consume","floor":14.0},{"not_picked":["Reboot","Multi-Cast"],"picked":"Creative AI","floor":16.0},{"not_picked":["Streamline","Fusion"],"picked":"Steam+1","floor":18},{"not_picked":["Beam Cell","Steam"],"picked":"Static Discharge","floor":20},{"not_picked":["Gash","Ball Lightning+1"],"picked":"Go for the Eyes+1","floor":21},{"not_picked":["Cold Snap+1","Reinforced Body+1"],"picked":"Fission","floor":22}],"player_experience":710805,"relics_obtained":[{"floor":6.0,"key":"Pen Nib"},{"floor":8.0,"key":"Ornamental Fan"},{"floor":9.0,"key":"Pantograph"},{"floor":12.0,"key":"Oddly Smooth Stone"}],"event_choices":[{"damage_healed":0.0,"max_hp_gain":0.0,"max_hp_loss":5.0,"gold_gain":0.0,"event_name":"Golden Idol","player_choice":"Lose Max HP","floor":2.0,"gold_loss":0.0,"damage_taken":0.0,"relics_obtained":["Golden Idol"]},{"cards_removed":["Strike_B"],"damage_healed":0.0,"max_hp_gain":0.0,"max_hp_loss":0.0,"gold_gain":0.0,"event_name":"Golden Wing","player_choice":"Card Removal","floor":13.0,"gold_loss":0.0,"damage_taken":7.0},{"damage_healed":0,"gold_gain":0,"player_choice":"Got Potions","damage_taken":0,"max_hp_gain":0,"max_hp_loss":0,"event_name":"Lab","floor":19,"gold_loss":0}],"is_beta":false,"boss_relics":[{"not_picked":["Velvet Choker","Eternal Feather"],"picked":"Ectoplasm"}],"items_purged_floors":[],"is_endless":false,"potions_floor_spawned":[1,3,10,12,16,20,21,22],"killed_by":"Gremlin Leader","ascension_level":0}