{"gold_per_floor":[110,124,124,49,64,97,97,131,131,145,145,145,155,9,9,112,112,130,5,5,15,15,40,40,40,65,65,90,90,101,118,118,215,215,226,271,271,371,52,52,72,85,85,104,137,156,183,197,197,197],"floor_reached":51,"playtime":2018,"items_purged":["Strike_R","Strike_R","Defend_R","Defend_R+1"],"score":1005,"play_id":"293382e9-b946-4fb0-976d-fdaf43546864","local_time":"20190603132345","is_ascension_mode":false,"campfire_choices":[{"floor":7.0,"key":"REST"},{"floor":12.0,"key":"REST"},{"floor":15.0,"key":"REST"},{"data":"Offering","floor":27,"key":"SMITH"},{"data":"Impervious","floor":29,"key":"SMITH"},{"floor":32,"key":"REST"},{"floor":40,"key":"DIG"},{"floor":49,"key":"REST"}],"neow_cost":"NONE","seed_source_timestamp":24107668296384,"circlet_count":0,"master_deck":["Body Slam+1","Shrug It Off","Armaments+1","Offering+1","Ghostly Armor+1","Bloodletting+1","Flame Barrier+1","True Grit+1","Entrench+1","Juggernaut+1","Impervious+1","Corruption+1","Impervious","Havoc","Havoc","Exhume","Shrug It Off","Fire Breathing+1","Havoc"],"special_seed":0,"relics":["Black Star","Happy Flower","Calipers","PreservedInsect","Centennial Puzzle","Paper Frog","Frozen Egg 2","Astrolabe","Mango","Question Card","The Courier","Nunchaku","War Paint","Bag of Preparation","Dead Branch","Empty Cage","Peace Pipe","Shovel","Self Forming Clay","Letter Opener","Turnip","Orichalcum","Whetstone","Oddly Smooth Stone"],"potions_floor_usage":[23,28,31,47],"damage_taken":[{"damage":4.0,"enemies":"Jaw Worm","floor":1.0,"turns":5.0},{"damage":5.0,"enemies":"Cultist","floor":2.0,"turns":4.0},{"damage":2.0,"enemies":"Small Slimes","floor":5.0,"turns":5.0},{"damage":37.0,"enemies":"3 Sentries","floor":6.0,"turns":14.0},{"damage":30.0,"enemies":"Lagavulin","floor":8.0,"turns":8.0},{"damage":2.0,"enemies":"Looter","floor":10.0,"turns":3.0},{"damage":0.0,"enemies":"Large Slime","floor":13.0,"turns":9.0},{"damage":21,"enemies":"Slime Boss","floor":16,"turns":14},{"damage":9,"enemies":"Spheric Guardian","floor":18,"turns":1},{"damage":9,"enemies":"2 Thieves","floor":21,"turns":2},{"damage":9,"enemies":"Book of Stabbing","floor":23,"turns":3},{"damage":16,"enemies":"Slavers","floor":28,"turns":2},{"damage":10,"enemies":"Chosen and Byrds","floor":30,"turns":3},{"damage":12,"enemies":"Centurion and Healer","floor":31,"turns":1},{"damage":6,"enemies":"Collector","floor":33,"turns":1},{"damage":12,"enemies":"Orb Walker","floor":35,"turns":3},{"damage":12,"enemies":"2 Orb Walkers","floor":36,"turns":1},{"damage":9,"enemies":"Mind Bloom Boss Battle","floor":38,"turns":1},{"damage":9,"enemies":"3 Shapes","floor":41,"turns":1},{"damage":9,"enemies":"Writhing Mass","floor":42,"turns":1},{"damage":3,"enemies":"Jaw Worm Horde","floor":44,"turns":2},{"damage":12,"enemies":"Reptomancer","floor":45,"turns":1},{"damage":12,"enemies":"Spire Growth","floor":46,"turns":1},{"damage":3,"enemies":"Nemesis","floor":47,"turns":1},{"damage":0,"enemies":"4 Shapes","floor":48,"turns":1},{"damage":9,"enemies":"Time Eater","floor":50,"turns":3}],"seed_played":"-1600837847779869630","potions_obtained":[{"floor":8.0,"key":"Energy Potion"},{"floor":13.0,"key":"PowerPotion"},{"floor":23,"key":"Fruit Juice"},{"floor":30,"key":"Regen Potion"},{"floor":35,"key":"Strength Potion"},{"floor":36,"key":"FearPotion"},{"floor":47,"key":"Strength Potion"}],"is_trial":false,"path_per_floor":["M","M","?","$","M","E","R","E","T","M","?","R","M","$","R","B",null,"M","$","?","M","?","E","T","T","T","R","E","R","M","M","R","B",null,"M","?","?","?","$","R","M","M","T","M","E","M","E","M","R","B",null],"character_chosen":"IRONCLAD","items_purchased":["Armaments","Havoc","Exhume","Shrug It Off"],"campfire_rested":5,"item_purchase_floors":[14,39,39,39],"current_hp_per_floor":[76,71,55,55,53,16,40,10,10,8,8,32,32,32,56,35,80,71,71,71,62,62,72,72,72,72,72,56,56,46,34,63,57,99,87,75,75,66,66,66,57,48,48,45,33,21,18,18,47,38],"gold":197,"neow_bonus":"BOSS_RELIC","is_prod":false,"is_daily":false,"chose_seed":false,"campfire_upgraded":2,"win_rate":0,"timestamp":1559561025,"path_taken":["M","M","?","$","M","E","R","E","T","M","?","R","M","?","R","BOSS","M","?","?","M","?","E","?","?","T","R","E","R","M","M","R","BOSS","M","?","?","?","$","R","?","M","T","M","E","M","E","M","R","BOSS"],"build_version":"2019-01-23","purchased_purges":4,"victory":true,"max_hp_per_floor":[80,80,80,80,80,80,80,80,80,80,80,80,80,80,80,80,80,80,80,80,80,80,99,99,99,99,99,99,99,99,99,99,99,99,99,99,99,99,99,99,99,99,99,99,99,99,99,99,99,99],"card_choices":[{"not_picked":["Infernal Blade","Iron Wave"],"picked":"Body Slam","floor":1.0},{"not_picked":["Pommel Strike","Anger","Cleave"],"picked":"SKIP","floor":2.0},{"not_picked":["Thunderclap","Rupture","Clothesline"],"picked":"SKIP","floor":5.0},{"not_picked":["Evolve","Blood for Blood","Twin Strike"],"picked":"SKIP","floor":6.0},{"not_picked":["Rampage","Flex"],"picked":"Shrug It Off","floor":8.0},{"not_picked":["Feel No Pain","True Grit"],"picked":"Body Slam","floor":10.0},{"not_picked":["Limit Break","Fiend Fire"],"picked":"Offering","floor":16},{"not_picked":["Feel No Pain+1","Warcry"],"picked":"True Grit","floor":18},{"not_picked":["Body Slam+1","True Grit"],"picked":"Entrench+1","floor":21},{"not_picked":["Hemokinesis","Searing Blow","Corruption+1"],"picked":"SKIP","floor":23},{"not_picked":["Heavy Blade","Twin Strike","Headbutt+1"],"picked":"Impervious","floor":28},{"not_picked":["Intimidate","Thunderclap","Sever Soul"],"picked":"Corruption+1","floor":30},{"not_picked":["Rampage","Iron Wave","Sword Boomerang","Dual Wield"],"picked":"SKIP","floor":31},{"not_picked":["Double Tap","Brutality+1","Feed"],"picked":"Impervious","floor":33},{"not_picked":["Corruption+1","Wild Strike","Twin Strike"],"picked":"Havoc","floor":35},{"not_picked":["Clothesline+1","Warcry","Pommel Strike","Clash"],"picked":"SKIP","floor":41},{"not_picked":["Flex+1","Wild Strike","Headbutt"],"picked":"Fire Breathing+1","floor":42},{"not_picked":["Cleave","Warcry+1","Pommel Strike","Bludgeon"],"picked":"SKIP","floor":44},{"not_picked":["Wild Strike+1","Thunderclap","True Grit+1"],"picked":"Havoc","floor":45},{"not_picked":["Heavy Blade","Fire Breathing+1","Headbutt+1","Burning Pact"],"picked":"SKIP","floor":46},{"not_picked":["Carnage","Battle Trance","Heavy Blade","Ghostly Armor"],"picked":"SKIP","floor":47},{"not_picked":["Iron Wave+1","Bludgeon","Twin Strike","Fire Breathing+1"],"picked":"SKIP","floor":48}],"player_experience":286322,"relics_obtained":[{"floor":6.0,"key":"Happy Flower"},{"floor":6.0,"key":"Calipers"},{"floor":8.0,"key":"PreservedInsect"},{"floor":8.0,"key":"Centennial Puzzle"},{"floor":9.0,"key":"Paper Frog"},{"floor":23,"key":"Mango"},{"floor":23,"key":"Question Card"},{"floor":24,"key":"The Courier"},{"floor":25,"key":"Nunchaku"},{"floor":26,"key":"War Paint"},{"floor":28,"key":"Bag of Preparation"},{"floor":28,"key":"Dead Branch"},{"floor":36,"key":"Peace Pipe"},{"floor":38,"key":"Shovel"},{"floor":40,"key":"Self Forming Clay"},{"floor":43,"key":"Letter Opener"},{"floor":45,"key":"Turnip"},{"floor":45,"key":"Orichalcum"},{"floor":47,"key":"Whetstone"},{"floor":47,"key":"Oddly Smooth Stone"}],"event_choices":[{"damage_healed":0.0,"max_hp_gain":0.0,"max_hp_loss":0.0,"gold_gain":0.0,"event_name":"Shining Light","player_choice":"Entered Light","floor":3.0,"gold_loss":0.0,"damage_taken":16.0,"cards_upgraded":["Bash","Defend_R"]},{"damage_healed":0.0,"max_hp_gain":0.0,"max_hp_loss":0.0,"gold_gain":0.0,"event_name":"Dead Adventurer","player_choice":"Searched \u00271\u0027 times","floor":11.0,"gold_loss":0.0,"damage_taken":0.0,"relics_obtained":["Frozen Egg 2"]},{"cards_removed":["Defend_R"],"damage_healed":0,"gold_gain":0,"player_choice":"Elegance","damage_taken":0,"max_hp_gain":0,"max_hp_loss":0,"event_name":"Back to Basics","floor":20,"gold_loss":0},{"damage_healed":0,"gold_gain":0,"player_choice":"Read","damage_taken":0,"max_hp_gain":0,"max_hp_loss":0,"event_name":"The Library","floor":22,"gold_loss":0,"cards_obtained":["Juggernaut"]},{"damage_healed":0,"gold_gain":0,"player_choice":"Fight","damage_taken":0,"max_hp_gain":0,"max_hp_loss":0,"event_name":"Mysterious Sphere","floor":36,"gold_loss":0},{"cards_removed":["Body Slam"],"damage_healed":0,"gold_gain":0,"player_choice":"Removed Attack","damage_taken":0,"max_hp_gain":0,"max_hp_loss":0,"event_name":"Falling","floor":37,"gold_loss":0},{"damage_healed":0,"gold_gain":0,"player_choice":"Fight","damage_taken":0,"max_hp_gain":0,"max_hp_loss":0,"event_name":"MindBloom","floor":38,"gold_loss":0}],"is_beta":false,"boss_relics":[{"not_picked":["Mark of Pain","Orrery"],"picked":"Astrolabe"},{"not_picked":["Snecko Eye","Calling Bell"],"picked":"Empty Cage"}],"items_purged_floors":[4,14,19,39],"is_endless":false,"potions_floor_spawned":[8,13,23,30,35,36,44,47],"ascension_level":0}