{"gold_per_floor":[111,125,142,161,180,208,208,208,284,284,307,321,321,15,15,135,135,150,23,23,46,46,77,77,93,142,15,15,51,51,67,67,195,195,219,12,12,30,30,70,70,85,85,106,38,38,52,83,83,214,214,233,233,233,308,308,50,76,76,76,90,125,125,150,168,168,287,350,363,377,377,377,102,102,102,102,145,145,160,179,179,199,199,322,322,338,338,353,353,369,369,393,417,458,458,458,458,458,472,472,592,592,617,617,633,645,657,669,681,713,759,771,827,860,872,1197,1209,1352,1364,1392,1427,1439,1366,1394,1406,1454,1487,1534,1546,1558,1593,1528,1540,1552,1684,1696,1723,1735,1847,1874,1886,1898,1950,1962,2017,2029,2074,2086,2119,1711,1711,1836,1836,1860,1905,1905,1920,1920,1960,1985,1985,2018,2039,2039,2039,2039,2078,2078,2208,2208],"floor_reached":170,"playtime":3912,"items_purged":["Normality","Decay","Parasite","Pommel Strike"],"score":5525,"play_id":"b88b6662-a77f-4970-823e-b3a024aa02b6","local_time":"20180806120834","daily_mods":["Draft","Heirloom","Time Dilation","Vintage"],"is_ascension_mode":false,"campfire_choices":[{"data":"Heavy Blade","floor":10,"key":"SMITH"},{"data":"Rage","floor":13,"key":"SMITH"},{"data":"Rampage","floor":15,"key":"SMITH"},{"data":"Rage","floor":24,"key":"SMITH"},{"data":"Sword Boomerang","floor":32,"key":"SMITH"},{"data":"Shrug It Off","floor":41,"key":"SMITH"},{"data":"1","floor":49,"key":"LIFT"},{"data":"2","floor":59,"key":"LIFT"},{"data":"3","floor":63,"key":"LIFT"},{"data":"Clash","floor":66,"key":"SMITH"},{"data":"Searing Blow+2","floor":74,"key":"SMITH"},{"data":"Searing Blow+3","floor":78,"key":"SMITH"},{"data":"Searing Blow+4","floor":81,"key":"SMITH"},{"data":"Searing Blow+5","floor":83,"key":"SMITH"},{"data":"Searing Blow+6","floor":91,"key":"SMITH"},{"data":"Searing Blow+7","floor":98,"key":"SMITH"},{"data":"Searing Blow+8","floor":100,"key":"SMITH"},{"data":"Searing Blow+10","floor":108,"key":"SMITH"},{"data":"Searing Blow+11","floor":117,"key":"SMITH"},{"data":"Searing Blow+12","floor":125,"key":"SMITH"},{"data":"Searing Blow+13","floor":129,"key":"SMITH"},{"data":"Searing Blow+14","floor":134,"key":"SMITH"},{"data":"Searing Blow+15","floor":142,"key":"SMITH"},{"data":"Searing Blow+16","floor":146,"key":"SMITH"},{"data":"Searing Blow+17","floor":148,"key":"SMITH"},{"data":"Searing Blow+18","floor":151,"key":"SMITH"},{"data":"Searing Blow+20","floor":165,"key":"SMITH"},{"data":"Searing Blow+22","floor":168,"key":"SMITH"}],"neow_cost":"","seed_source_timestamp":0,"circlet_count":0,"master_deck":["Sword Boomerang+1","Clash+1","Anger+1","Rage+1","Heavy Blade+1","Rage+1","Headbutt+1","Flex+1","Rampage+1","Flex+1","Spot Weakness+1","Offering+1","Flex+1","Necronomicurse","Flex+1","Spot Weakness+1","Demon Form+1","Fire Breathing+1","Cleave+1","Rage+1","Limit Break+1","Inflame+1","Madness+1","Madness+1","Sever Soul+1","Exhume+1","Battle Trance+1","Reaper+1","Heavy Blade+1","Searing Blow+23","Inflame+1","Body Slam+1","Feed+1","Reaper+1","Offering+1","Body Slam+1","J.A.X.+1","Demon Form+1","Sword Boomerang+1","Limit Break+1","Battle Trance+1","Magnetism+1","Mind Blast+1","Jack Of All Trades+1","Uppercut+1","Double Tap+1","Double Tap+1","Body Slam+1","Corruption+1","Heavy Blade+1"],"relics":["Burning Blood","Magic Flower","Torii","StoneCalendar","Strawberry","Toxic Egg 2","Darkstone Periapt","War Paint","CultistMask","Golden Idol","Frozen Egg 2","Ornamental Fan","Vajra","Unceasing Top","Gambling Chip","Calling Bell","Juzu Bracelet","Matryoshka","Incense Burner","Happy Flower","Necronomicon","Letter Opener","Bag of Marbles","Pantograph","Art of War","Pen Nib","Dodecahedron","Potion Belt","Meat on the Bone","Coffee Dripper","Lantern","Omamori","Du-Vu Doll","Ice Cream","Orichalcum","Kunai","Bag of Preparation","Girya","Ancient Tea Set","Bronze Scales","White Beast Statue","Mercury Hourglass","Molten Egg 2","Odd Mushroom","Anchor","Gremlin Horn","Whetstone","Shuriken","Mummified Hand","Tiny House","Smiling Mask","Ginger","Nloth\u0027s Gift","Chemical X","Oddly Smooth Stone","Bottled Tornado","Blood Vial","Singing Bowl","Bottled Flame","Sozu","The Courier","Question Card","Champion Belt","Blue Candle","Pear","Paper Frog","Bottled Lightning","Bird Faced Urn","Mark of Pain","Dream Catcher","Self Forming Clay","MawBank","Mango","Sundial","Red Skull","Old Coin","Dead Branch","Runic Cube","Regal Pillow","Shovel","Prayer Wheel","Centennial Puzzle","Turnip","Charon\u0027s Ashes","Runic Dome","Sling","Astrolabe","Calipers","Tiny Chest","Nunchaku","Thread and Needle","Orrery"],"potions_floor_usage":[16,23,33,101,101],"damage_taken":[{"damage":0,"enemies":"Small Slimes","floor":1,"turns":2},{"damage":0,"enemies":"Cultist","floor":2,"turns":2},{"damage":0,"enemies":"2 Louse","floor":3,"turns":1},{"damage":0,"enemies":"2 Fungi Beasts","floor":4,"turns":2},{"damage":0,"enemies":"Large Slime","floor":5,"turns":1},{"damage":0,"enemies":"Gremlin Nob","floor":6,"turns":2},{"damage":0,"enemies":"Lots of Slimes","floor":11,"turns":2},{"damage":0,"enemies":"Looter","floor":12,"turns":2},{"damage":18,"enemies":"Hexaghost","floor":16,"turns":3},{"damage":0,"enemies":"2 Thieves","floor":18,"turns":1},{"damage":12,"enemies":"Spheric Guardian","floor":21,"turns":3},{"damage":2,"enemies":"Slavers","floor":23,"turns":3},{"damage":5,"enemies":"Centurion and Healer","floor":25,"turns":1},{"damage":2,"enemies":"Book of Stabbing","floor":29,"turns":2},{"damage":5,"enemies":"Sentry and Sphere","floor":31,"turns":1},{"damage":0,"enemies":"Collector","floor":33,"turns":1},{"damage":0,"enemies":"Orb Walker","floor":35,"turns":1},{"damage":0,"enemies":"3 Darklings","floor":38,"turns":2},{"damage":0,"floor":39,"turns":1},{"damage":5,"enemies":"Nemesis","floor":40,"turns":1},{"damage":5,"enemies":"Sphere and 2 Shapes","floor":42,"turns":1},{"damage":3,"enemies":"4 Shapes","floor":44,"turns":2},{"damage":5,"enemies":"Flame Bruiser 2 Orb","floor":47,"turns":1},{"damage":5,"enemies":"Giant Head","floor":48,"turns":1},{"damage":5,"enemies":"Donu and Deca","floor":50,"turns":4},{"damage":0,"enemies":"Cultist","floor":52,"turns":1},{"damage":5,"floor":58,"turns":1},{"damage":0,"enemies":"2 Louse","floor":61,"turns":1},{"damage":0,"enemies":"3 Sentries","floor":62,"turns":1},{"damage":0,"enemies":"Small Slimes","floor":64,"turns":1},{"damage":0,"enemies":"Blue Slaver","floor":65,"turns":1},{"damage":0,"enemies":"Hexaghost","floor":67,"turns":1},{"damage":0,"enemies":"Spheric Guardian","floor":69,"turns":1},{"damage":0,"enemies":"2 Thieves","floor":70,"turns":1},{"damage":0,"enemies":"Book of Stabbing","floor":77,"turns":1},{"damage":0,"enemies":"Chosen and Byrds","floor":79,"turns":1},{"damage":0,"enemies":"Centurion and Healer","floor":80,"turns":1},{"damage":0,"enemies":"3 Cultists","floor":82,"turns":1},{"damage":1,"enemies":"Champ","floor":84,"turns":1},{"damage":0,"enemies":"3 Darklings","floor":86,"turns":1},{"damage":0,"enemies":"Flame Bruiser 1 Orb","floor":88,"turns":1},{"damage":0,"enemies":"4 Shapes","floor":90,"turns":1},{"damage":5,"enemies":"Flame Bruiser 2 Orb","floor":92,"turns":1},{"damage":1,"enemies":"Spire Growth","floor":93,"turns":1},{"damage":0,"enemies":"Giant Head","floor":94,"turns":1},{"damage":0,"enemies":"Maw","floor":99,"turns":1},{"damage":16,"enemies":"Donu and Deca","floor":101,"turns":2},{"damage":0,"enemies":"Cultist","floor":103,"turns":1},{"damage":0,"enemies":"2 Louse","floor":105,"turns":1},{"damage":0,"enemies":"Small Slimes","floor":110,"turns":1},{"damage":0,"enemies":"3 Sentries","floor":111,"turns":1},{"damage":0,"enemies":"Lagavulin","floor":113,"turns":1},{"damage":0,"enemies":"Exordium Wildlife","floor":114,"turns":1},{"damage":0,"enemies":"Exordium Thugs","floor":116,"turns":1},{"damage":0,"enemies":"Slime Boss","floor":118,"turns":1},{"damage":0,"enemies":"3 Byrds","floor":120,"turns":1},{"damage":0,"enemies":"Chosen","floor":121,"turns":1},{"damage":0,"enemies":"3 Cultists","floor":124,"turns":1},{"damage":0,"enemies":"Book of Stabbing","floor":126,"turns":1},{"damage":0,"enemies":"Snecko","floor":127,"turns":1},{"damage":10,"enemies":"Slavers","floor":128,"turns":1},{"damage":0,"enemies":"Sentry and Sphere","floor":131,"turns":1},{"damage":0,"enemies":"Champ","floor":135,"turns":1},{"damage":3,"enemies":"Flame Bruiser 1 Orb","floor":137,"turns":1},{"damage":5,"enemies":"3 Darklings","floor":140,"turns":1},{"damage":0,"enemies":"2 Orb Walkers","floor":143,"turns":1},{"damage":0,"enemies":"Nemesis","floor":145,"turns":1},{"damage":0,"enemies":"Giant Head","floor":147,"turns":1},{"damage":0,"enemies":"Spire Growth","floor":149,"turns":1},{"damage":3,"enemies":"Awakened One","floor":152,"turns":2},{"damage":0,"enemies":"Cultist","floor":154,"turns":1},{"damage":0,"enemies":"2 Louse","floor":155,"turns":1},{"damage":0,"enemies":"Small Slimes","floor":157,"turns":1},{"damage":0,"enemies":"Lagavulin","floor":159,"turns":1},{"damage":0,"enemies":"Exordium Thugs","floor":160,"turns":1},{"damage":0,"enemies":"3 Sentries","floor":162,"turns":1},{"damage":0,"enemies":"Blue Slaver","floor":163,"turns":1},{"damage":0,"enemies":"Looter","floor":164,"turns":1},{"damage":0,"enemies":"Lagavulin","floor":167,"turns":1},{"damage":0,"enemies":"Hexaghost","floor":169,"turns":1}],"seed_played":"4475279683051628365","potions_obtained":[{"floor":1,"key":"SteroidPotion"},{"floor":6,"key":"GamblersBrew"},{"floor":11,"key":"LiquidBronze"},{"floor":22,"key":"BloodPotion"},{"floor":22,"key":"PowerPotion"},{"floor":23,"key":"Ancient Potion"},{"floor":31,"key":"Swift Potion"},{"floor":33,"key":"Dexterity Potion"},{"floor":39,"key":"PowerPotion"},{"floor":40,"key":"Energy Potion"},{"floor":58,"key":"PowerPotion"}],"is_trial":true,"path_per_floor":["M","M","M","M","M","E","?","?","T","R","M","M","R","$","R","B",null,"M","$","?","M","?","E","R","M","T","$","?","E","$","M","R","B",null,"M","$","?","M","?","E","R","M","T","M","$","?","M","E","R","B",null,"M","$","$","?","?","$","?","R","T","M","E","R","M","M","R","B",null,"M","M","?","?","$","R","?","$","E","R","M","M","R","M","R","B",null,"M","?","M","?","M","R","M","M","E","?","?","?","R","M","R","B",null,"M","?","M","?","?","R","?","M","E","$","E","M","?","M","R","B",null,"M","M","?","?","M","R","E","M","E","R","$","M","?","$","R","B",null,"M","?","?","M","?","R","E","?","E","R","E","R","M","$","R","B",null,"M","M","?","M","?","E","M","?","E","M","M","R","?","E","R","B"],"character_chosen":"IRONCLAD","items_purchased":["Unceasing Top","Flex+1","True Grit+1","Fire Breathing+1","Inflame+1","Molten Egg 2","Chemical X","Inflame+1","Battle Trance+1","Sling","Magnetism+1"],"campfire_rested":0,"item_purchase_floors":[14,19,27,36,45,57,73,73,150,150,150],"current_hp_per_floor":[80,80,87,87,87,87,87,66,66,66,75,84,84,84,84,75,105,105,105,95,92,92,99,99,103,103,103,103,110,110,111,111,111,111,111,108,108,108,108,108,108,108,108,108,108,94,98,102,102,108,108,108,108,108,97,75,75,79,79,79,88,97,97,106,108,108,108,113,113,113,113,113,113,113,113,113,113,113,113,113,113,113,113,113,113,113,113,113,113,117,117,127,127,129,129,129,113,113,125,125,122,129,129,126,129,129,117,117,131,147,153,153,155,155,160,160,160,160,160,160,160,160,160,160,160,160,160,162,162,162,162,162,162,162,162,162,165,165,165,165,149,149,165,165,165,165,167,167,167,167,167,169,169,169,169,169,169,169,169,169,135,144,169,169,169,169,169,169,169,169],"gold":2208,"neow_bonus":"","is_prod":false,"is_daily":false,"chose_seed":false,"campfire_upgraded":25,"win_rate":0,"timestamp":1533524914,"path_taken":["M","M","M","M","M","E","?","?","T","R","M","?","R","$","R","BOSS","M","$","?","M","?","E","R","M","T","$","?","E","?","M","R","BOSS","M","$","?","M","?","E","R","M","T","M","$","?","M","E","R","BOSS","M","?","$","?","?","?","?","R","T","M","E","R","M","M","R","BOSS","M","M","?","?","$","R","?","?","E","R","M","M","R","M","R","BOSS","M","?","M","?","M","R","M","M","E","?","?","?","R","M","R","BOSS","M","?","M","?","?","R","?","M","E","$","E","M","?","M","R","BOSS","M","M","?","?","M","R","E","M","E","R","$","M","?","$","R","BOSS","M","?","?","M","?","R","E","?","E","R","E","R","M","$","R","BOSS","M","M","?","M","?","E","M","?","E","M","M","R","?","E","R","BOSS"],"build_version":"2018-08-02","purchased_purges":4,"victory":false,"max_hp_per_floor":[80,80,87,87,87,87,87,87,87,87,87,87,87,87,87,87,105,105,105,111,111,111,111,111,111,111,111,111,111,111,111,111,111,111,111,108,108,108,108,108,108,108,108,108,108,108,108,108,108,108,108,108,108,108,108,108,108,108,108,108,108,108,108,108,108,108,108,113,113,113,113,113,113,113,113,113,113,113,113,113,113,113,113,113,113,113,113,113,113,117,117,127,127,129,129,129,129,129,129,129,129,129,129,129,129,129,129,129,143,147,153,153,155,155,160,160,160,160,160,160,160,160,160,160,160,160,160,162,162,162,162,162,162,162,162,162,165,165,165,165,165,165,165,165,165,165,167,167,167,167,167,169,169,169,169,169,169,169,169,169,169,169,169,169,169,169,169,169,169,169],"card_choices":[{"not_picked":["Rupture","Flame Barrier"],"picked":"Sword Boomerang","floor":0},{"not_picked":["Armaments","Clothesline"],"picked":"Clash","floor":0},{"not_picked":["Clothesline","Wild Strike"],"picked":"Infernal Blade","floor":0},{"not_picked":["Warcry","Hemokinesis"],"picked":"Anger","floor":0},{"not_picked":["Clothesline","Perfected Strike"],"picked":"Rage","floor":0},{"not_picked":["Perfected Strike","Uppercut"],"picked":"Intimidate","floor":0},{"not_picked":["Entrench","Thunderclap"],"picked":"Heavy Blade","floor":0},{"not_picked":["Blood for Blood","Whirlwind"],"picked":"Rage","floor":0},{"not_picked":["Anger","Rage"],"picked":"Headbutt","floor":0},{"not_picked":["Warcry","Blood for Blood"],"picked":"Shrug It Off","floor":0},{"not_picked":["Thunderclap","Anger"],"picked":"Flex","floor":0},{"not_picked":["Armaments","Warcry"],"picked":"Rampage","floor":0},{"not_picked":["Searing Blow","Twin Strike"],"picked":"Flex","floor":0},{"not_picked":["Flex","Shrug It Off"],"picked":"Clash","floor":0},{"not_picked":["Iron Wave","Reckless Charge"],"picked":"Pommel Strike","floor":0},{"not_picked":["Twin Strike","Sentinel+1"],"picked":"Spot Weakness+1","floor":6},{"not_picked":["Double Tap+1","Barricade+1"],"picked":"Offering+1","floor":16},{"not_picked":["Intimidate+1","Carnage"],"picked":"Flex+1","floor":23},{"not_picked":["Pummel+1","Power Through+1"],"picked":"Spot Weakness+1","floor":29},{"not_picked":["Bludgeon","Immolate"],"picked":"Demon Form+1","floor":33},{"not_picked":["Wild Strike+1","Sword Boomerang"],"picked":"Rage+1","floor":39},{"not_picked":["Rupture+1","Body Slam"],"picked":"Limit Break+1","floor":40},{"not_picked":["Perfected Strike","Rage+1"],"picked":"Sever Soul+1","floor":48},{"not_picked":["Impervious+1","Brutality+1"],"picked":"Exhume+1","floor":50},{"not_picked":["Ghostly Armor+1","True Grit+1"],"picked":"Battle Trance+1","floor":58},{"not_picked":["Shrug It Off+1","Body Slam+1","Warcry+1"],"picked":"SKIP","floor":62},{"not_picked":["Berserk+1","Double Tap+1"],"picked":"Reaper+1","floor":67},{"not_picked":["Whirlwind+1","Cleave+1"],"picked":"Heavy Blade+1","floor":68},{"not_picked":["Brutality+1","Dark Embrace+1"],"picked":"Body Slam+1","floor":77},{"not_picked":["Bludgeon+1","Demon Form+1"],"picked":"Feed+1","floor":84},{"not_picked":["Combust+1","Wild Strike+1","Sever Soul+1","Havoc+1"],"picked":"Singing Bowl","floor":94},{"not_picked":["Barricade+1","Impervious+1","Exhume+1"],"picked":"Reaper+1","floor":101},{"not_picked":["Clash+1","Barricade+1","Headbutt+1","Iron Wave+1"],"picked":"Singing Bowl","floor":111},{"not_picked":["Warcry+1","Clothesline+1","Power Through+1","Cleave+1"],"picked":"Singing Bowl","floor":113},{"not_picked":["Barricade+1","Immolate+1","Reaper+1"],"picked":"Offering+1","floor":118},{"not_picked":["Reckless Charge+1","Berserk+1","Perfected Strike+1"],"picked":"Body Slam+1","floor":126},{"not_picked":["Cleave+1","Headbutt+1","Armaments+1","Dark Embrace+1"],"picked":"Singing Bowl","floor":128},{"not_picked":["Reaper+1","Impervious+1","Fiend Fire+1"],"picked":"Demon Form+1","floor":135},{"not_picked":["Inflame+1","Barricade+1","Cleave+1"],"picked":"Sword Boomerang+1","floor":143},{"not_picked":["Rampage+1","Anger+1","Clothesline+1"],"picked":"Limit Break+1","floor":145},{"not_picked":["Juggernaut+1","Shrug It Off+1","Pommel Strike+1","Corruption+1"],"picked":"Singing Bowl","floor":147},{"not_picked":["Feed+1","Fiend Fire+1","Reaper+1","Brutality+1"],"picked":"Singing Bowl","floor":152},{"not_picked":["Immolate+1","Feed+1","Flex+1"],"picked":"Double Tap+1","floor":159},{"not_picked":["Power Through+1","Juggernaut+1","True Grit+1","Sword Boomerang+1"],"picked":"Singing Bowl","floor":162},{"not_picked":["Clothesline+1","Combust+1","True Grit+1","Thunderclap+1"],"picked":"Singing Bowl","floor":167},{"not_picked":["Juggernaut+1","Demon Form+1","Fiend Fire+1"],"picked":"Double Tap+1","floor":169},{"not_picked":["Battle Trance+1","Rupture+1","Bludgeon+1","Blood for Blood+1"],"picked":"Singing Bowl","floor":170},{"not_picked":["Warcry+1","Wild Strike+1","Pommel Strike+1"],"picked":"Body Slam+1","floor":170},{"not_picked":["True Grit+1","Sever Soul+1","Clothesline+1"],"picked":"Corruption+1","floor":170},{"not_picked":["Wild Strike+1","Burning Pact+1","Immolate+1"],"picked":"Heavy Blade+1","floor":170}],"player_experience":257145,"relics_obtained":[{"floor":1,"key":"Torii"},{"floor":2,"key":"StoneCalendar"},{"floor":3,"key":"Strawberry"},{"floor":4,"key":"Toxic Egg 2"},{"floor":5,"key":"Darkstone Periapt"},{"floor":6,"key":"War Paint"},{"floor":9,"key":"Frozen Egg 2"},{"floor":11,"key":"Ornamental Fan"},{"floor":12,"key":"Vajra"},{"floor":16,"key":"Gambling Chip"},{"floor":17,"key":"Juzu Bracelet"},{"floor":17,"key":"Matryoshka"},{"floor":17,"key":"Incense Burner"},{"floor":18,"key":"Happy Flower"},{"floor":20,"key":"Necronomicon"},{"floor":21,"key":"Letter Opener"},{"floor":23,"key":"Bag of Marbles"},{"floor":25,"key":"Pantograph"},{"floor":26,"key":"Art of War"},{"floor":26,"key":"Pen Nib"},{"floor":29,"key":"Dodecahedron"},{"floor":31,"key":"Potion Belt"},{"floor":33,"key":"Meat on the Bone"},{"floor":35,"key":"Lantern"},{"floor":38,"key":"Omamori"},{"floor":39,"key":"Du-Vu Doll"},{"floor":40,"key":"Boot"},{"floor":42,"key":"Ice Cream"},{"floor":43,"key":"Orichalcum"},{"floor":43,"key":"Kunai"},{"floor":44,"key":"Bag of Preparation"},{"floor":47,"key":"Girya"},{"floor":48,"key":"Ancient Tea Set"},{"floor":50,"key":"Bronze Scales"},{"floor":52,"key":"Mercury Hourglass"},{"floor":58,"key":"Odd Mushroom"},{"floor":60,"key":"Anchor"},{"floor":61,"key":"Gremlin Horn"},{"floor":64,"key":"Whetstone"},{"floor":65,"key":"Shuriken"},{"floor":67,"key":"Mummified Hand"},{"floor":69,"key":"Smiling Mask"},{"floor":70,"key":"Ginger"},{"floor":79,"key":"Bottled Tornado"},{"floor":80,"key":"Blood Vial"},{"floor":82,"key":"Singing Bowl"},{"floor":84,"key":"Bottled Flame"},{"floor":86,"key":"The Courier"},{"floor":88,"key":"Question Card"},{"floor":90,"key":"Blue Candle"},{"floor":92,"key":"Pear"},{"floor":93,"key":"Paper Frog"},{"floor":99,"key":"Bottled Lightning"},{"floor":101,"key":"Bird Faced Urn"},{"floor":103,"key":"Dream Catcher"},{"floor":105,"key":"MawBank"},{"floor":110,"key":"Sundial"},{"floor":114,"key":"Red Skull"},{"floor":116,"key":"Old Coin"},{"floor":118,"key":"Dead Branch"},{"floor":120,"key":"Regal Pillow"},{"floor":121,"key":"Shovel"},{"floor":124,"key":"Centennial Puzzle"},{"floor":127,"key":"Turnip"},{"floor":131,"key":"Charon\u0027s Ashes"},{"floor":154,"key":"Calipers"},{"floor":155,"key":"Tiny Chest"},{"floor":157,"key":"Nunchaku"},{"floor":160,"key":"Thread and Needle"}],"event_choices":[{"event_name":"FaceTrader","player_choice":"Trade","floor":7,"damage_taken":0},{"event_name":"Golden Idol","player_choice":"Take Damage","floor":8,"damage_taken":0},{"event_name":"Cursed Tome","player_choice":"Obtained Book","floor":20,"damage_taken":0},{"event_name":"The Lab","player_choice":"Got Potions","floor":22,"damage_taken":0},{"event_name":"Vampires","player_choice":"Ignored","floor":28,"damage_taken":0},{"event_name":"Transmorgrifier","player_choice":"Transform","floor":37,"damage_taken":0},{"event_name":"MindBloom","player_choice":"Fight","floor":39,"damage_taken":0},{"event_name":"Winding Halls","player_choice":"Embrace Madness","floor":46,"damage_taken":0},{"event_name":"World of Goop","player_choice":"Gather Gold","floor":55,"damage_taken":0},{"event_name":"Shining Light","player_choice":"Entered Light","floor":56,"damage_taken":0},{"event_name":"Mushrooms","player_choice":"Fought Mushrooms","floor":58,"damage_taken":0},{"event_name":"N\u0027loth","player_choice":"Traded a Boot","floor":71,"damage_taken":0},{"event_name":"The Library","player_choice":"Read","floor":72,"damage_taken":0},{"event_name":"The Mausoleum","player_choice":"Yes","floor":75,"damage_taken":0},{"event_name":"The Moai Head","player_choice":"Ignored","floor":87,"damage_taken":0},{"event_name":"WeMeetAgain","player_choice":"Potion","floor":89,"damage_taken":0},{"event_name":"Tomb of Lord Red Mask","player_choice":"Ignored","floor":95,"damage_taken":0},{"event_name":"Falling","player_choice":"Removed Attack","floor":96,"damage_taken":0},{"event_name":"Winding Halls","player_choice":"Embrace Madness","floor":97,"damage_taken":0},{"event_name":"Scrap Ooze","player_choice":"success","floor":104,"damage_taken":3},{"event_name":"Living Wall","player_choice":"Grow","floor":106,"damage_taken":0},{"event_name":"Wheel of Change","player_choice":"Damage","floor":107,"damage_taken":0},{"event_name":"Dead Adventurer","player_choice":"Searched \u00272\u0027 times","floor":109,"damage_taken":0},{"event_name":"Big Fish","player_choice":"Donut","floor":115,"damage_taken":0},{"event_name":"The Lab","player_choice":"Got Potions","floor":122,"damage_taken":0},{"event_name":"Addict","player_choice":"Obtained Relic","floor":123,"damage_taken":0},{"event_name":"Drug Dealer","player_choice":"Got JAXXED","floor":132,"damage_taken":0},{"event_name":"Falling","player_choice":"Removed Skill","floor":138,"damage_taken":0},{"event_name":"Golden Shrine","player_choice":"Pray","floor":139,"damage_taken":0},{"event_name":"Wheel of Change","player_choice":"Damage","floor":141,"damage_taken":0},{"event_name":"MindBloom","player_choice":"Heal","floor":144,"damage_taken":0},{"event_name":"Transmorgrifier","player_choice":"Transform","floor":156,"damage_taken":0},{"event_name":"Bonfire Elementals","player_choice":"RARE","floor":158,"damage_taken":0},{"event_name":"Shining Light","player_choice":"Entered Light","floor":161,"damage_taken":0},{"event_name":"Living Wall","player_choice":"Grow","floor":166,"damage_taken":0}],"is_beta":false,"boss_relics":[{"not_picked":["Sozu","Runic Dome"],"picked":"Calling Bell"},{"not_picked":["Runic Pyramid","Philosopher\u0027s Stone"],"picked":"Coffee Dripper"},{"not_picked":["Empty Cage","Cursed Key"],"picked":"White Beast Statue"},{"not_picked":["Snecko Eye","Runic Cube"],"picked":"Tiny House"},{"not_picked":["Eternal Feather","Runic Pyramid"],"picked":"Sozu"},{"not_picked":["Lizard Tail","Philosopher\u0027s Stone"],"picked":"Mark of Pain"},{"not_picked":["Black Star","Philosopher\u0027s Stone"],"picked":"Runic Cube"},{"not_picked":["Runic Pyramid","Lizard Tail"],"picked":"Runic Dome"},{"not_picked":["Eternal Feather","Fusion Hammer"],"picked":"Astrolabe"},{"not_picked":["Black Blood","Empty Cage"],"picked":"Orrery"}],"items_purged_floors":[19,27,36,150],"is_endless":true,"potions_floor_spawned":[1,6,11,23,31,33,39,40,44,47,52,58,61,62,64,65,67,69,70,77,79,80,82,84,86,88,90,92,93,94,99,101,103,105,110,111,113,114,116,118,120,121,124,126,127,128,131,135,137,140,143,145,147,149,152,154,155,157,159,160,162,163,164,167,169],"ascension_level":0}