{"gold_per_floor":[114,39,52,63,80,80,80,109,109,109,142,161,161,86,86,164,164,180,160,174,174,174,174,174],"floor_reached":24,"playtime":732,"items_purged":["Strike_R"],"score":357,"play_id":"46c6c6be-6202-4e5c-8555-c82670e4e8e7","local_time":"20190321103225","is_ascension_mode":true,"campfire_choices":[{"data":"Bash","floor":6,"key":"SMITH"},{"data":"Demon Form","floor":10,"key":"SMITH"},{"data":"Pommel Strike","floor":13,"key":"SMITH"},{"floor":15,"key":"REST"},{"data":"Double Tap","floor":23,"key":"SMITH"}],"neow_cost":"NONE","seed_source_timestamp":4086424314355,"circlet_count":0,"master_deck":["AscendersBane","Strike_R+1","Defend_R","Defend_R","Defend_R","Defend_R","Bash+1","Twin Strike","Heavy Blade+1","Pommel Strike+1","Disarm","Demon Form+1","Metallicize","Double Tap+1","Ghostly","Ghostly","Ghostly"],"relics":["Burning Blood","Whetstone","Omamori","Singing Bowl","Sozu"],"potions_floor_usage":[8,16],"damage_taken":[{"damage":1,"enemies":"Cultist","floor":1,"turns":3},{"damage":1,"enemies":"Small Slimes","floor":3,"turns":4},{"damage":4,"enemies":"2 Louse","floor":4,"turns":3},{"damage":14,"enemies":"Blue Slaver","floor":5,"turns":4},{"damage":16,"enemies":"Gremlin Nob","floor":8,"turns":3},{"damage":35,"enemies":"3 Sentries","floor":11,"turns":6},{"damage":0,"enemies":"3 Louse","floor":12,"turns":6},{"damage":52,"enemies":"Slime Boss","floor":16,"turns":9},{"damage":9,"enemies":"Shell Parasite","floor":18,"turns":4},{"damage":28,"enemies":"2 Thieves","floor":20,"turns":3},{"damage":21,"enemies":"Book of Stabbing","floor":24,"turns":3}],"seed_played":"-2121861108252542239","potions_obtained":[{"floor":3,"key":"Dexterity Potion"},{"floor":5,"key":"GamblersBrew"},{"floor":8,"key":"Fire Potion"},{"floor":16,"key":"Explosive Potion"}],"is_trial":false,"path_per_floor":["M","?","M","M","M","R","?","E","T","R","E","M","R","$","R","B",null,"M","?","M","?","?","R","E"],"character_chosen":"IRONCLAD","items_purchased":[],"campfire_rested":1,"item_purchase_floors":[],"current_hp_per_floor":[73,73,75,75,67,67,67,57,57,57,30,36,36,36,59,13,61,60,60,40,17,17,17,0],"gold":174,"neow_bonus":"REMOVE_CARD","is_prod":false,"is_daily":false,"chose_seed":false,"campfire_upgraded":4,"win_rate":0,"timestamp":1553139145,"path_taken":["M","?","M","M","M","R","?","E","T","R","E","M","R","$","R","BOSS","M","?","?","?","?","R","E"],"build_version":"2019-01-23","purchased_purges":1,"victory":false,"max_hp_per_floor":[75,75,75,75,75,75,75,75,75,75,77,77,77,77,77,77,77,79,79,81,86,43,43,43],"card_choices":[{"not_picked":["Perfected Strike","True Grit"],"picked":"Twin Strike","floor":1},{"not_picked":["Armaments","Flex"],"picked":"Heavy Blade","floor":3},{"not_picked":["Perfected Strike","Iron Wave"],"picked":"Pommel Strike","floor":4},{"not_picked":["Rage","Carnage"],"picked":"Disarm","floor":5},{"not_picked":["Intimidate","Pommel Strike"],"picked":"Demon Form","floor":8},{"not_picked":["Burning Pact","Perfected Strike","Blood for Blood"],"picked":"Singing Bowl","floor":11},{"not_picked":["Havoc","Armaments"],"picked":"Metallicize","floor":12},{"not_picked":["Demon Form","Fiend Fire"],"picked":"Double Tap","floor":16},{"not_picked":["Cleave","Thunderclap","Hemokinesis"],"picked":"Singing Bowl","floor":18},{"not_picked":["Anger+1","Iron Wave","Havoc"],"picked":"Singing Bowl","floor":20}],"player_experience":400886,"relics_obtained":[{"floor":8,"key":"Whetstone"},{"floor":9,"key":"Omamori"},{"floor":11,"key":"Singing Bowl"}],"event_choices":[{"cards_removed":["Strike_R"],"damage_healed":0,"gold_gain":0,"player_choice":"Card Removal","damage_taken":0,"max_hp_gain":0,"max_hp_loss":0,"event_name":"The Cleric","floor":2,"gold_loss":75},{"cards_removed":["Strike_R"],"damage_healed":0,"gold_gain":0,"player_choice":"Purged","damage_taken":0,"max_hp_gain":0,"max_hp_loss":0,"event_name":"Purifier","floor":7,"gold_loss":0},{"damage_healed":0,"gold_gain":0,"player_choice":"Bought 1 Potion","damage_taken":0,"max_hp_gain":0,"max_hp_loss":0,"event_name":"The Woman in Blue","floor":19,"gold_loss":0},{"damage_healed":0,"gold_gain":0,"player_choice":"Shed Blood","damage_taken":28,"max_hp_gain":5,"max_hp_loss":0,"event_name":"Forgotten Altar","floor":21,"gold_loss":0},{"damage_healed":0,"gold_gain":0,"player_choice":"Became a Ghost","damage_taken":0,"max_hp_gain":0,"max_hp_loss":43,"event_name":"Ghosts","floor":22,"gold_loss":0,"cards_obtained":["Ghostly","Ghostly","Ghostly"]}],"is_beta":false,"boss_relics":[{"not_picked":["Snecko Eye","Busted Crown"],"picked":"Sozu"}],"items_purged_floors":[14],"is_endless":false,"potions_floor_spawned":[3,5,8,16,20],"killed_by":"Book of Stabbing","ascension_level":15}