{"gold_per_floor":[119,119,144,155,169,199,44,44,44,78,78,78,78,89,89,186,186,205,217,235,162,162,162,176,194,194,244,244,260,272,282,282,379,409,419,436,451,255,267,267,294,294,320,320,332,332,346,4,4,4],"floor_reached":51,"playtime":1688,"items_purged":["Strike_B"],"score":741,"play_id":"3c4df4b7-3e08-415c-b5a1-47b58e6f116d","local_time":"20190528013324","is_ascension_mode":false,"campfire_choices":[{"data":"Defragment","floor":8.0,"key":"SMITH"},{"data":"Coolheaded","floor":12.0,"key":"SMITH"},{"data":"Barrage","floor":15.0,"key":"SMITH"},{"data":"Defragment","floor":23.0,"key":"SMITH"},{"floor":28,"key":"REST"},{"floor":32,"key":"REST"},{"data":"Creative AI","floor":40,"key":"SMITH"},{"floor":46,"key":"REST"},{"floor":49,"key":"REST"}],"neow_cost":"NONE","seed_source_timestamp":809885636885178,"circlet_count":0,"master_deck":["Strike_B","Strike_B","Defend_B","Defend_B","Defend_B","Defend_B","Zap","Dualcast","Coolheaded+1","Ball Lightning","Streamline","Reboot","Defragment+1","Hologram+1","Strike_G","Barrage+1","Echo Form","Darkness","Defragment+1","Self Repair+1","Melter+1","Creative AI+1","Glacier","Reinforced Body+1","Capacitor","Writhe","Electrodynamics","Double Energy"],"special_seed":0,"relics":["Cracked Core","NeowsBlessing","Regal Pillow","Pear","Symbiotic Virus","Happy Flower","energizedSpire:OldTV","Centennial Puzzle","Kunai","Calling Bell","Tiny Chest","Shuriken","Turnip","Membership Card","Boot","Pantograph","Vajra","Blue Candle","Question Card"],"potions_floor_usage":[29,30,30,33,45,50,50],"damage_taken":[{"damage":0.0,"enemies":"2 Louse","floor":1.0,"turns":1.0},{"damage":0.0,"enemies":"Jaw Worm","floor":4.0,"turns":1.0},{"damage":0.0,"enemies":"Cultist","floor":5.0,"turns":1.0},{"damage":9.0,"enemies":"Gremlin Nob","floor":6.0,"turns":3.0},{"damage":18.0,"enemies":"Lagavulin","floor":10.0,"turns":6.0},{"damage":8.0,"enemies":"Blue Slaver","floor":14.0,"turns":2.0},{"damage":22.0,"enemies":"Hexaghost","floor":16.0,"turns":9.0},{"damage":18.0,"enemies":"3 Byrds","floor":18.0,"turns":5.0},{"damage":4.0,"enemies":"Chosen","floor":19.0,"turns":4.0},{"damage":9.0,"enemies":"Snecko","floor":20.0,"turns":3.0},{"damage":27.0,"enemies":"Snake Plant","floor":24.0,"turns":4.0},{"damage":11.0,"enemies":"Cultist and Chosen","floor":25.0,"turns":4.0},{"damage":20,"enemies":"Centurion and Healer","floor":29,"turns":3},{"damage":12,"enemies":"Snake Plant","floor":30,"turns":6},{"damage":34,"enemies":"Shelled Parasite and Fungi","floor":31,"turns":5},{"damage":66,"enemies":"Collector","floor":33,"turns":8},{"damage":21,"enemies":"3 Shapes","floor":35,"turns":6},{"damage":15,"enemies":"Orb Walker","floor":36,"turns":3},{"damage":29,"enemies":"4 Shapes","floor":37,"turns":6},{"damage":11,"enemies":"Sphere and 2 Shapes","floor":39,"turns":12},{"damage":53,"enemies":"Reptomancer","floor":41,"turns":7},{"damage":28,"enemies":"Transient","floor":45,"turns":5},{"damage":36,"enemies":"4 Shapes","floor":47,"turns":4},{"damage":55,"enemies":"Time Eater","floor":50,"turns":24}],"seed_played":"7519173214180482225","potions_obtained":[{"floor":4.0,"key":"AttackPotion"},{"floor":10.0,"key":"Energy Potion"},{"floor":14.0,"key":"FearPotion"},{"floor":20.0,"key":"Block Potion"},{"floor":24.0,"key":"AttackPotion"},{"floor":31,"key":"Weak Potion"},{"floor":35,"key":"Ancient Potion"},{"floor":36,"key":"GamblersBrew"},{"floor":41,"key":"Energy Potion"},{"floor":47,"key":"Poison Potion"}],"is_trial":false,"path_per_floor":["M","?","T","M","M","E","$","R","T","E","?","R","?","M","R","B",null,"M","M","M","$","T","R","M","M","T","?","R","M","M","M","R","B",null,"M","M","M","$","M","R","E","T","T","?","M","R","M","$","R","B",null],"character_chosen":"DEFECT","items_purchased":["Defragment","Defragment","Membership Card","Electrodynamics","Double Energy","Blue Candle","Question Card"],"campfire_rested":4,"item_purchase_floors":[7,21,38,48,48,48,48],"current_hp_per_floor":[75,80,80,80,80,81,81,81,81,63,63,63,63,55,55,33,90,72,68,59,59,59,59,32,31,31,31,73,53,51,27,69,13,90,79,64,45,45,54,54,11,11,11,34,16,58,22,22,64,44],"gold":4,"neow_bonus":"THREE_ENEMY_KILL","is_prod":false,"is_daily":false,"chose_seed":false,"campfire_upgraded":5,"win_rate":0,"timestamp":1558974804,"path_taken":["M","?","?","M","?","E","$","R","T","E","?","R","?","M","R","BOSS","M","M","M","$","?","R","M","M","T","?","R","M","M","M","R","BOSS","M","?","M","$","M","R","E","?","T","?","M","R","M","$","R","BOSS"],"build_version":"2019-01-23","purchased_purges":1,"victory":true,"max_hp_per_floor":[75,80,80,80,80,90,90,90,90,90,90,90,90,90,90,90,90,90,90,90,90,90,90,90,90,90,90,90,90,90,90,90,90,90,90,90,90,90,90,90,90,90,90,90,90,90,90,90,90,90],"card_choices":[{"not_picked":["Static Discharge","Conserve Battery"],"picked":"Coolheaded","floor":1.0},{"not_picked":["Streamline","Coolheaded"],"picked":"Ball Lightning","floor":4.0},{"not_picked":["Steam","Compile Driver"],"picked":"Streamline","floor":5.0},{"not_picked":["Conserve Battery","Hologram"],"picked":"Reboot","floor":6.0},{"not_picked":["Reboot","Steam"],"picked":"Hologram","floor":10.0},{"not_picked":["Sweeping Beam","FTL"],"picked":"Barrage","floor":14.0},{"not_picked":["Amplify","Seek"],"picked":"Echo Form","floor":16.0},{"not_picked":["Leap","Steam+1","Rebound+1"],"picked":"SKIP","floor":18.0},{"not_picked":["Ball Lightning+1","Cold Snap+1"],"picked":"Darkness","floor":19.0},{"not_picked":["Blizzard","Ball Lightning+1","Cold Snap"],"picked":"SKIP","floor":20.0},{"not_picked":["Conserve Battery","Gash"],"picked":"Self Repair+1","floor":24.0},{"not_picked":["Turbo","Chaos"],"picked":"Melter+1","floor":25.0},{"not_picked":["Hologram","Lockon"],"picked":"Creative AI","floor":29},{"not_picked":["Rebound","Beam Cell","Conserve Battery"],"picked":"SKIP","floor":30},{"not_picked":["Reinforced Body","Coolheaded","Stack"],"picked":"SKIP","floor":31},{"not_picked":["FTL","Cold Snap","Leap"],"picked":"SKIP","floor":35},{"not_picked":["Force Field+1","Undo+1"],"picked":"Glacier","floor":36},{"not_picked":["Go for the Eyes+1","Compile Driver+1"],"picked":"Reinforced Body+1","floor":37},{"not_picked":["Scrape","Leap"],"picked":"Capacitor","floor":39},{"not_picked":["Sweeping Beam+1","Stack+1","Sunder"],"picked":"SKIP","floor":41},{"not_picked":["Conserve Battery","Steam","Leap+1"],"picked":"SKIP","floor":45},{"not_picked":["Storm+1","Turbo","Steam+1"],"picked":"SKIP","floor":47}],"player_experience":474092,"relics_obtained":[{"floor":3.0,"key":"Regal Pillow"},{"floor":6.0,"key":"Pear"},{"floor":9.0,"key":"Symbiotic Virus"},{"floor":10.0,"key":"Happy Flower"},{"floor":22.0,"key":"Centennial Puzzle"},{"floor":26.0,"key":"Kunai"},{"floor":34,"key":"Tiny Chest"},{"floor":34,"key":"Shuriken"},{"floor":34,"key":"Turnip"},{"floor":41,"key":"Boot"},{"floor":42,"key":"Pantograph"},{"floor":43,"key":"Vajra"}],"event_choices":[{"damage_healed":0.0,"max_hp_gain":5.0,"max_hp_loss":0.0,"gold_gain":0.0,"event_name":"Big Fish","player_choice":"Donut","floor":2.0,"gold_loss":0.0,"damage_taken":0.0},{"damage_healed":0.0,"max_hp_gain":0.0,"max_hp_loss":0.0,"gold_gain":0.0,"event_name":"Living Wall","player_choice":"Grow","floor":11.0,"gold_loss":0.0,"damage_taken":0.0,"cards_upgraded":["Hologram"]},{"cards_removed":["Strike_B"],"damage_healed":0.0,"max_hp_gain":0.0,"max_hp_loss":0.0,"gold_gain":0.0,"event_name":"NoteForYourself","player_choice":"Took Card","floor":13.0,"gold_loss":0.0,"damage_taken":0.0,"cards_obtained":["Strike_G"]},{"damage_healed":0,"gold_gain":100,"player_choice":"Bet on Murderer","damage_taken":0,"max_hp_gain":0,"max_hp_loss":0,"event_name":"The Joust","floor":27,"gold_loss":50},{"damage_healed":23,"gold_gain":0,"player_choice":"Writhe","damage_taken":0,"max_hp_gain":0,"max_hp_loss":0,"event_name":"Winding Halls","floor":44,"gold_loss":0,"cards_obtained":["Writhe"]}],"is_beta":false,"boss_relics":[{"not_picked":["Black Star","Snecko Eye"],"picked":"energizedSpire:OldTV"},{"not_picked":["Eternal Feather","Runic Dome"],"picked":"Calling Bell"}],"items_purged_floors":[7],"is_endless":false,"potions_floor_spawned":[4,10,14,20,24,25,31,35,36,41,47],"ascension_level":0}