{"gold_per_floor":[112,187,112,112,12,45,8,26,26,60,60,6,22,54,54,54],"floor_reached":16,"playtime":553,"items_purged":["Strike_B","Strike_B"],"score":275,"play_id":"a6adb766-1356-452d-82ec-b159f98231ec","local_time":"20190604093244","is_ascension_mode":true,"campfire_choices":[{"data":"Zap","floor":11,"key":"SMITH"},{"floor":15,"key":"REST"}],"neow_cost":"NONE","seed_source_timestamp":25770326107497,"circlet_count":0,"master_deck":["AscendersBane","Strike_B","Strike_B","Defend_B","Defend_B","Defend_B","Defend_B","Zap+1","Dualcast","Steam","Capacitor","Ball Lightning","Reinforced Body","Ball Lightning","Reinforced Body"],"relics":["Cracked Core","NeowsBlessing","Turnip","Vajra","Incense Burner","Pen Nib","Frozen Egg 2"],"potions_floor_usage":[10,14,16],"damage_taken":[{"damage":0,"enemies":"Small Slimes","floor":1,"turns":1},{"damage":0,"enemies":"Gremlin Nob","floor":6,"turns":1},{"damage":0,"enemies":"2 Louse","floor":8,"turns":1},{"damage":9,"enemies":"Lagavulin","floor":10,"turns":6},{"damage":0,"enemies":"Jaw Worm","floor":13,"turns":3},{"damage":11,"enemies":"Gremlin Nob","floor":14,"turns":3},{"damage":51,"enemies":"Slime Boss","floor":16,"turns":10}],"seed_played":"-4648240387878076604","potions_obtained":[{"floor":6,"key":"PowerPotion"},{"floor":13,"key":"GamblersBrew"},{"floor":14,"key":"PowerPotion"}],"is_trial":false,"path_per_floor":["M","?","$","?","$","E","$","M","T","E","R","$","M","E","R","B"],"character_chosen":"DEFECT","items_purchased":["Capacitor","Ball Lightning"],"campfire_rested":1,"item_purchase_floors":[7,12],"current_hp_per_floor":[64,53,53,42,42,42,42,42,42,33,33,33,33,22,43,0],"gold":54,"neow_bonus":"THREE_ENEMY_KILL","is_prod":false,"is_daily":false,"chose_seed":false,"campfire_upgraded":1,"win_rate":0,"timestamp":1559665964,"path_taken":["M","?","$","?","?","E","$","M","T","E","R","$","?","E","R","BOSS"],"build_version":"2019-01-23","purchased_purges":2,"victory":false,"max_hp_per_floor":[71,71,71,71,71,71,71,71,71,71,71,71,71,71,71,71],"card_choices":[{"not_picked":["Beam Cell","Barrage","Turbo"],"picked":"SKIP","floor":1},{"not_picked":["Leap","Hologram"],"picked":"Steam","floor":6},{"not_picked":["Redo","Beam Cell"],"picked":"Ball Lightning","floor":8},{"not_picked":["Recycle","Blizzard"],"picked":"Reinforced Body","floor":10},{"not_picked":["Leap","Go for the Eyes","Beam Cell"],"picked":"SKIP","floor":13},{"not_picked":["Coolheaded","Rebound"],"picked":"Reinforced Body","floor":14}],"player_experience":820863,"relics_obtained":[{"floor":6,"key":"Vajra"},{"floor":9,"key":"Incense Burner"},{"floor":10,"key":"Pen Nib"},{"floor":14,"key":"Frozen Egg 2"}],"event_choices":[{"damage_healed":0,"gold_gain":75,"player_choice":"Gather Gold","damage_taken":11,"max_hp_gain":0,"max_hp_loss":0,"event_name":"World of Goop","floor":2,"gold_loss":0},{"damage_healed":0,"gold_gain":0,"player_choice":"Success","damage_taken":11,"relics_obtained":["Turnip"],"max_hp_gain":0,"max_hp_loss":0,"event_name":"Scrap Ooze","floor":4,"gold_loss":0}],"is_beta":false,"boss_relics":[],"items_purged_floors":[3,5],"is_endless":false,"potions_floor_spawned":[6,13,14],"killed_by":"Slime Boss","ascension_level":19}