{"gold_per_floor":[109,109,109,127,143,143,154,154,154,154,172,188,216,291,291,392,392,406,331,33,33,33,33,68,68,68,68,81,81,91,6,6,108,108,119,0,0,19,32,58,68,80,134,154,154,154,40,56,56,56],"floor_reached":50,"playtime":1830,"items_purged":["Bite"],"score":542,"play_id":"fa9029a2-c036-4daf-9170-48cfd07596f9","local_time":"20181202190343","is_ascension_mode":false,"campfire_choices":[{"data":"Armaments","floor":6,"key":"SMITH"},{"data":"Body Slam","floor":8,"key":"SMITH"},{"data":"Rampage","floor":15,"key":"SMITH"},{"data":"Body Slam","floor":23,"key":"SMITH"},{"data":"Anger","floor":25,"key":"SMITH"},{"data":"Metallicize","floor":32,"key":"SMITH"},{"data":"Shrug It Off","floor":49,"key":"SMITH"}],"neow_cost":"NONE","seed_source_timestamp":192268963597099,"circlet_count":0,"master_deck":["Defend_R","Defend_R","Defend_R","Defend_R","Bash","Shrug It Off+1","Iron Wave","Armaments+1","Body Slam+1","Rampage+1","Anger+1","Double Tap+1","True Grit+1","Headbutt","Body Slam+1","Flex+1","Pummel","Ghostly Armor+1","Bite","Bite","Bite","Bite","Pommel Strike+1","Shrug It Off+1","Metallicize+1","Juggernaut","Entrench+1","Spot Weakness+1","Inflame+1","Madness+1","Madness+1","Fire Breathing"],"relics":["Coffee Dripper","Pantograph","Bottled Lightning","WarpedTongs","Toxic Egg 2","Orrery","Ginger","Gambling Chip","Nunchaku","Enchiridion","Philosopher\u0027s Stone","Red Mask","Meat on the Bone","Red Skull"],"potions_floor_usage":[13,16,24,24,39,50,50,50],"damage_taken":[{"damage":0,"enemies":"2 Louse","floor":1,"turns":3},{"damage":1,"enemies":"Jaw Worm","floor":4,"turns":3},{"damage":0,"enemies":"Cultist","floor":5,"turns":3},{"damage":0,"enemies":"Blue Slaver","floor":7,"turns":3},{"damage":10,"enemies":"Lots of Slimes","floor":11,"turns":5},{"damage":3,"enemies":"2 Fungi Beasts","floor":12,"turns":3},{"damage":19,"enemies":"3 Sentries","floor":13,"turns":6},{"damage":24,"enemies":"Slime Boss","floor":16,"turns":9},{"damage":7,"enemies":"Shell Parasite","floor":18,"turns":5},{"damage":8,"enemies":"Slavers","floor":24,"turns":4},{"damage":0,"enemies":"3 Byrds","floor":28,"turns":4},{"damage":10,"enemies":"Snecko","floor":30,"turns":3},{"damage":36,"enemies":"Collector","floor":33,"turns":6},{"damage":0,"enemies":"Orb Walker","floor":35,"turns":3},{"damage":5,"enemies":"3 Darklings","floor":38,"turns":6},{"damage":19,"enemies":"Spire Growth","floor":39,"turns":4},{"damage":22,"enemies":"Giant Head","floor":40,"turns":7},{"damage":4,"enemies":"Sphere and 2 Shapes","floor":41,"turns":5},{"damage":9,"enemies":"3 Darklings","floor":42,"turns":7},{"damage":10,"enemies":"Transient","floor":44,"turns":5},{"damage":0,"enemies":"4 Shapes","floor":48,"turns":7},{"damage":68,"enemies":"Donu and Deca","floor":50,"turns":6}],"seed_played":"5050411340340609776","potions_obtained":[{"floor":4,"key":"SkillPotion"},{"floor":5,"key":"GamblersBrew"},{"floor":16,"key":"Energy Potion"},{"floor":18,"key":"LiquidBronze"},{"floor":28,"key":"SpeedPotion"},{"floor":38,"key":"Weak Potion"},{"floor":39,"key":"Ancient Potion"},{"floor":40,"key":"FearPotion"},{"floor":48,"key":"EssenceOfSteel"}],"is_trial":false,"path_per_floor":["M","?","?","M","M","R","M","R","T","?","M","M","E","?","R","B",null,"M","?","$","?","$","R","E","R","T","?","M","?","M","$","R","B",null,"M","?","$","M","M","E","M","M","T","M","?","?","$","M","R","B"],"character_chosen":"IRONCLAD","items_purchased":["Ginger","Shrug It Off+1","Metallicize","Fire Breathing"],"campfire_rested":0,"item_purchase_floors":[20,31,31,47],"current_hp_per_floor":[80,80,80,79,79,79,79,79,79,79,69,66,47,36,36,37,80,73,73,73,73,73,73,65,65,65,56,56,40,33,33,33,29,56,56,56,56,56,37,31,37,45,45,46,39,39,39,48,48,0],"gold":56,"neow_bonus":"BOSS_RELIC","is_prod":false,"is_daily":false,"chose_seed":false,"campfire_upgraded":7,"win_rate":0,"timestamp":1543773823,"path_taken":["M","?","?","M","?","R","M","R","T","?","M","?","E","?","R","BOSS","M","?","$","?","$","R","E","R","T","?","M","?","M","?","R","BOSS","M","?","$","M","M","E","M","M","T","M","?","?","$","?","R","BOSS"],"build_version":"2018-11-15","purchased_purges":1,"victory":false,"max_hp_per_floor":[80,80,80,80,80,80,80,80,80,80,80,80,80,80,80,80,80,80,80,80,80,80,80,80,80,80,56,56,56,56,56,56,56,56,56,56,56,56,56,56,56,56,56,56,56,56,56,56,56,56],"card_choices":[{"not_picked":["Pommel Strike","Combust"],"picked":"Shrug It Off","floor":1},{"not_picked":["Headbutt","Thunderclap"],"picked":"Iron Wave","floor":4},{"not_picked":["Wild Strike","Intimidate"],"picked":"Armaments","floor":5},{"not_picked":["Battle Trance","Searing Blow"],"picked":"Body Slam","floor":7},{"not_picked":["Disarm","Sword Boomerang"],"picked":"Rampage","floor":11},{"not_picked":["Burning Pact","Flame Barrier"],"picked":"Anger","floor":12},{"not_picked":["Havoc","Impervious","Carnage"],"picked":"SKIP","floor":13},{"not_picked":["Dark Embrace","Offering+1"],"picked":"Double Tap+1","floor":16},{"not_picked":["Headbutt","Spot Weakness+1"],"picked":"True Grit+1","floor":17},{"not_picked":["Blood for Blood","Clash"],"picked":"Headbutt","floor":17},{"not_picked":["Pommel Strike","Thunderclap+1"],"picked":"Body Slam","floor":18},{"not_picked":["Perfected Strike","Body Slam"],"picked":"Ghostly Armor+1","floor":24},{"not_picked":["Body Slam+1","Whirlwind"],"picked":"Pommel Strike+1","floor":28},{"not_picked":["Dropkick","Pommel Strike","Clothesline+1"],"picked":"SKIP","floor":30},{"not_picked":["Immolate","Impervious+1"],"picked":"Juggernaut","floor":33},{"not_picked":["Thunderclap","Rupture"],"picked":"Entrench+1","floor":35},{"not_picked":["Heavy Blade","Entrench+1"],"picked":"Spot Weakness+1","floor":38},{"not_picked":["Thunderclap+1","Rupture+1","Wild Strike"],"picked":"SKIP","floor":39},{"not_picked":["Searing Blow","Whirlwind+1"],"picked":"Inflame+1","floor":40},{"not_picked":["Searing Blow+1","Iron Wave","Rupture+1"],"picked":"SKIP","floor":41},{"not_picked":["Armaments+1","Hemokinesis+1","Second Wind+1"],"picked":"SKIP","floor":42},{"not_picked":["Carnage+1","Thunderclap","Armaments+1"],"picked":"SKIP","floor":44},{"not_picked":["Clothesline","Rampage","Heavy Blade+1"],"picked":"SKIP","floor":48}],"player_experience":169559,"relics_obtained":[{"floor":9,"key":"Bottled Lightning"},{"floor":13,"key":"Toxic Egg 2"},{"floor":24,"key":"Gambling Chip"},{"floor":26,"key":"Nunchaku"},{"floor":29,"key":"Enchiridion"},{"floor":40,"key":"Meat on the Bone"},{"floor":43,"key":"Red Skull"}],"event_choices":[{"damage_healed":0,"gold_gain":0,"player_choice":"Box","damage_taken":0,"relics_obtained":["Pantograph"],"max_hp_gain":0,"max_hp_loss":0,"event_name":"Big Fish","floor":2,"gold_loss":0,"cards_obtained":["Regret"]},{"cards_removed":["Regret"],"damage_healed":0,"gold_gain":0,"player_choice":"Purged","damage_taken":0,"max_hp_gain":0,"max_hp_loss":0,"event_name":"Purifier","floor":3,"gold_loss":0},{"damage_healed":0,"gold_gain":0,"player_choice":"Rummage","damage_taken":0,"relics_obtained":["WarpedTongs"],"max_hp_gain":0,"max_hp_loss":0,"event_name":"Accursed Blacksmith","floor":10,"gold_loss":0,"cards_obtained":["Pain"]},{"damage_healed":0,"gold_gain":75,"player_choice":"Gather Gold","damage_taken":11,"max_hp_gain":0,"max_hp_loss":0,"event_name":"World of Goop","floor":14,"gold_loss":0},{"cards_removed":["Pain"],"damage_healed":0,"gold_gain":0,"player_choice":"Gave Gold","damage_taken":0,"max_hp_gain":0,"max_hp_loss":0,"event_name":"Beggar","floor":19,"gold_loss":75},{"damage_healed":0,"gold_gain":0,"cards_transformed":["Strike_R","Strike_R"],"player_choice":"Became Test Subject","damage_taken":0,"max_hp_gain":0,"max_hp_loss":0,"event_name":"Drug Dealer","floor":21,"gold_loss":0,"cards_obtained":["Flex","Pummel"]},{"damage_healed":0,"gold_gain":0,"player_choice":"Became a vampire","damage_taken":0,"max_hp_gain":0,"max_hp_loss":24,"event_name":"Vampires","floor":27,"gold_loss":0,"cards_obtained":["Bite","Bite","Bite","Bite","Bite"]},{"damage_healed":0,"gold_gain":0,"player_choice":"Obtained Book","damage_taken":16,"max_hp_gain":0,"max_hp_loss":0,"event_name":"Cursed Tome","floor":29,"gold_loss":0},{"damage_healed":0,"gold_gain":0,"player_choice":"Paid","damage_taken":0,"relics_obtained":["Red Mask"],"max_hp_gain":0,"max_hp_loss":0,"event_name":"Tomb of Lord Red Mask","floor":36,"gold_loss":119},{"damage_healed":0,"gold_gain":0,"player_choice":"Embrace Madness","damage_taken":7,"max_hp_gain":0,"max_hp_loss":0,"event_name":"Winding Halls","floor":45,"gold_loss":0,"cards_obtained":["Madness","Madness"]},{"damage_healed":0,"gold_gain":0,"player_choice":"Ignored","damage_taken":0,"max_hp_gain":0,"max_hp_loss":0,"event_name":"Mysterious Sphere","floor":46,"gold_loss":0}],"is_beta":false,"boss_relics":[{"not_picked":["Snecko Eye","Runic Cube"],"picked":"Orrery"},{"not_picked":["Black Star","Runic Pyramid"],"picked":"Philosopher\u0027s Stone"}],"items_purged_floors":[47],"is_endless":false,"potions_floor_spawned":[4,5,16,18,28,38,39,40,44,48],"killed_by":"Donu and Deca","ascension_level":0}