{"gold_per_floor":[116,116,142,292,304,338,360,360,360,360],"floor_reached":10,"playtime":404,"items_purged":[],"score":174,"play_id":"37482613-3c47-4235-bd8b-2d80864e5b24","local_time":"20190601220825","is_ascension_mode":true,"campfire_choices":[],"neow_cost":"NONE","seed_source_timestamp":16665684088442,"circlet_count":0,"master_deck":["AscendersBane","Strike_B","Strike_B","Strike_B","Strike_B","Defend_B","Defend_B","Defend_B","Defend_B","Zap","Dualcast","BootSequence","Doubt","Ball Lightning"],"relics":["Cracked Core","NeowsBlessing","Happy Flower","Ancient Tea Set","Smiling Mask","Odd Mushroom","Toxic Egg 2"],"potions_floor_usage":[],"damage_taken":[{"damage":0,"enemies":"2 Louse","floor":1,"turns":1},{"damage":0,"enemies":"Jaw Worm","floor":5,"turns":1},{"damage":0,"enemies":"Gremlin Nob","floor":6,"turns":1},{"damage":45,"enemies":"The Mushroom Lair","floor":7,"turns":4},{"damage":24,"enemies":"Lagavulin","floor":10,"turns":7}],"seed_played":"-1552849362710501616","potions_obtained":[{"floor":1,"key":"Energy Potion"},{"floor":5,"key":"FearPotion"}],"is_trial":false,"path_per_floor":["M","?","T","?","M","E","?","?","T","E"],"character_chosen":"DEFECT","items_purchased":[],"campfire_rested":0,"item_purchase_floors":[],"current_hp_per_floor":[64,46,46,46,46,46,1,24,24,0],"gold":360,"neow_bonus":"THREE_ENEMY_KILL","is_prod":false,"is_daily":false,"chose_seed":false,"campfire_upgraded":0,"win_rate":0,"timestamp":1559452105,"path_taken":["M","?","?","?","M","E","?","?","T","E"],"build_version":"2019-01-23","purchased_purges":0,"victory":false,"max_hp_per_floor":[71,71,71,71,71,71,71,71,71,71],"card_choices":[{"not_picked":["Undo","Rebound"],"picked":"BootSequence","floor":1},{"not_picked":["Steam","Stack","Conserve Battery"],"picked":"SKIP","floor":5},{"not_picked":["Compile Driver","Stack"],"picked":"Ball Lightning","floor":6}],"player_experience":815416,"relics_obtained":[{"floor":3,"key":"Ancient Tea Set"},{"floor":6,"key":"Smiling Mask"},{"floor":7,"key":"Odd Mushroom"},{"floor":9,"key":"Toxic Egg 2"}],"event_choices":[{"damage_healed":0,"gold_gain":0,"player_choice":"Success","damage_taken":18,"relics_obtained":["Happy Flower"],"max_hp_gain":0,"max_hp_loss":0,"event_name":"Scrap Ooze","floor":2,"gold_loss":0},{"damage_healed":0,"gold_gain":150,"player_choice":"AGREE","damage_taken":0,"max_hp_gain":0,"max_hp_loss":0,"event_name":"Liars Game","floor":4,"gold_loss":0,"cards_obtained":["Doubt"]},{"damage_healed":0,"gold_gain":0,"player_choice":"Fought Mushrooms","damage_taken":0,"max_hp_gain":0,"max_hp_loss":0,"event_name":"Mushrooms","floor":7,"gold_loss":0},{"damage_healed":23,"gold_gain":0,"player_choice":"Banana","damage_taken":0,"max_hp_gain":0,"max_hp_loss":0,"event_name":"Big Fish","floor":8,"gold_loss":0}],"is_beta":false,"boss_relics":[],"items_purged_floors":[],"is_endless":false,"potions_floor_spawned":[1,5],"killed_by":"Lagavulin","ascension_level":19}