{"gold_per_floor":[109,29,48,67,82,82,115,115,115,115,115],"floor_reached":11,"playtime":487,"items_purged":[],"score":142,"play_id":"5fa451ff-463a-4323-8efc-af1fa9f43a98","local_time":"20190601100223","is_ascension_mode":true,"campfire_choices":[{"data":"Blind","floor":6,"key":"SMITH"},{"floor":8,"key":"REST"}],"neow_cost":"TEN_PERCENT_HP_LOSS","seed_source_timestamp":5643538810041,"circlet_count":0,"master_deck":["AscendersBane","Strike_B","Strike_B","Strike_B","Strike_B","Defend_B","Defend_B","Defend_B","Defend_B","Zap","Dualcast","Enlightenment","Blind+1","Cold Snap","Ball Lightning","Cold Snap","Sweeping Beam","Doom and Gloom","Conserve Battery","Reprogram"],"relics":["Cracked Core","Shovel","Ornamental Fan","Darkstone Periapt"],"potions_floor_usage":[7,7],"damage_taken":[{"damage":4,"enemies":"Jaw Worm","floor":1,"turns":3},{"damage":0,"enemies":"2 Louse","floor":3,"turns":2},{"damage":5,"enemies":"Small Slimes","floor":4,"turns":3},{"damage":28,"enemies":"Exordium Thugs","floor":5,"turns":3},{"damage":12,"enemies":"Lagavulin","floor":7,"turns":4},{"damage":36,"enemies":"Gremlin Nob","floor":11,"turns":3}],"seed_played":"2242777843996601581","potions_obtained":[{"floor":1,"key":"AttackPotion"},{"floor":3,"key":"FocusPotion"}],"is_trial":false,"path_per_floor":["M","$","M","M","M","R","E","R","T","?","E"],"character_chosen":"DEFECT","items_purchased":["Ball Lightning","Cold Snap"],"campfire_rested":1,"item_purchase_floors":[2,2],"current_hp_per_floor":[60,60,60,55,27,27,15,34,34,23,0],"gold":115,"neow_bonus":"RANDOM_COLORLESS_2","is_prod":false,"is_daily":false,"chose_seed":false,"campfire_upgraded":1,"win_rate":0,"timestamp":1559408543,"path_taken":["M","$","M","M","M","R","E","R","T","?","E"],"build_version":"2019-01-23","purchased_purges":0,"victory":false,"max_hp_per_floor":[64,64,64,64,64,64,64,64,64,64,64],"card_choices":[{"not_picked":["Rebound","Barrage"],"picked":"Cold Snap","floor":1},{"not_picked":["Chill","Streamline"],"picked":"Sweeping Beam","floor":3},{"not_picked":["Stack","Beam Cell"],"picked":"Doom and Gloom","floor":4},{"not_picked":["Hologram","Lockon"],"picked":"Conserve Battery","floor":5},{"not_picked":["Redo","Steam Power"],"picked":"Reprogram","floor":7}],"player_experience":805160,"relics_obtained":[{"floor":7,"key":"Shovel"},{"floor":9,"key":"Ornamental Fan"}],"event_choices":[{"damage_healed":0,"gold_gain":0,"player_choice":"Success","damage_taken":11,"relics_obtained":["Darkstone Periapt"],"max_hp_gain":0,"max_hp_loss":0,"event_name":"Scrap Ooze","floor":10,"gold_loss":0}],"is_beta":false,"boss_relics":[],"items_purged_floors":[],"is_endless":false,"potions_floor_spawned":[1,3,5],"killed_by":"Gremlin Nob","ascension_level":19}