{"gold_per_floor":[110,51,51,126,126,126,42,78,78,78,97,97,113,147,147,240,240,259,275,291,315,339,339,374,390,414,414,433,433,466,58,58,148,148,163,163,288,306,319,319,357,381,408,442,442,442,214,238,238,238,238,238,238,20,60,60],"floor_reached":57,"playtime":2569,"items_purged":["Streamline+1"],"score":3416,"play_id":"973fe6fc-a692-4a67-904d-027a0487128a","local_time":"20190530125137","is_ascension_mode":true,"campfire_choices":[{"data":"Streamline","floor":6,"key":"SMITH"},{"data":"Genetic Algorithm","floor":10,"key":"SMITH"},{"data":"Coolheaded","floor":12,"key":"SMITH"},{"data":"Defragment","floor":15,"key":"SMITH"},{"data":"Coolheaded","floor":23,"key":"SMITH"},{"data":"Darkness","floor":27,"key":"SMITH"},{"data":"Genetic Algorithm","floor":29,"key":"SMITH"},{"data":"Defragment","floor":32,"key":"SMITH"},{"floor":40,"key":"RECALL"},{"data":"Loop","floor":46,"key":"SMITH"},{"data":"Defragment","floor":49,"key":"SMITH"},{"data":"Heatsinks","floor":53,"key":"SMITH"}],"neow_cost":"NONE","seed_source_timestamp":140616097653842,"circlet_count":0,"master_deck":["AscendersBane","Strike_B","Defend_B","Defend_B+1","Defend_B","Defend_B+1","Zap","Dualcast","Compile Driver","Genetic Algorithm+1","Reboot","Coolheaded+1","Genetic Algorithm+1","Defragment+1","Multi-Cast","Chill","Coolheaded+1","Darkness+1","Core Surge","Glacier+1","Ball Lightning","Coolheaded+1","Defragment+1","Coolheaded+1","Hologram+1","Creative AI","Scrape+1","Sunder+1","Force Field+1","Darkness+1","Dark Shackles+1","Deep Breath+1","Hologram+1","Loop+1","Amplify+1","Compile Driver","Coolheaded+1","Defragment+1","Skim+1","Hologram+1","Heatsinks+1","Heatsinks+1"],"relics":["Cracked Core","NeowsBlessing","Ancient Tea Set","Golden Idol","Bird Faced Urn","Omamori","Eternal Feather","Shuriken","Pen Nib","Toxic Egg 2","OrangePellets","Astrolabe","Prayer Wheel","Kunai","War Paint","Oddly Smooth Stone","Vajra","Runic Capacitor","Gambling Chip"],"potions_floor_usage":[16,16,25,56,56],"damage_taken":[{"damage":0,"enemies":"Small Slimes","floor":1,"turns":1},{"damage":0,"enemies":"3 Sentries","floor":8,"turns":1},{"damage":0,"enemies":"2 Louse","floor":11,"turns":1},{"damage":6,"enemies":"Jaw Worm","floor":13,"turns":2},{"damage":6,"enemies":"Lagavulin","floor":14,"turns":5},{"damage":11,"enemies":"Hexaghost","floor":16,"turns":9},{"damage":0,"enemies":"3 Byrds","floor":18,"turns":1},{"damage":0,"enemies":"Shell Parasite","floor":19,"turns":1},{"damage":17,"enemies":"Snake Plant","floor":20,"turns":4},{"damage":0,"enemies":"Snecko","floor":21,"turns":2},{"damage":0,"enemies":"Centurion and Healer","floor":22,"turns":1},{"damage":0,"enemies":"Slavers","floor":24,"turns":1},{"damage":8,"enemies":"Chosen and Byrds","floor":25,"turns":7},{"damage":0,"enemies":"Snake Plant","floor":28,"turns":3},{"damage":14,"enemies":"Book of Stabbing","floor":30,"turns":4},{"damage":0,"enemies":"Champ","floor":33,"turns":4},{"damage":0,"enemies":"Orb Walker","floor":35,"turns":2},{"damage":0,"enemies":"Mind Bloom Boss Battle","floor":37,"turns":2},{"damage":0,"enemies":"3 Darklings","floor":38,"turns":1},{"damage":0,"enemies":"Transient","floor":39,"turns":1},{"damage":0,"enemies":"Giant Head","floor":41,"turns":3},{"damage":1,"enemies":"Nemesis","floor":44,"turns":6},{"damage":0,"enemies":"4 Shapes","floor":48,"turns":2},{"damage":0,"enemies":"Donu and Deca","floor":50,"turns":1},{"damage":0,"enemies":"Awakened One","floor":51,"turns":5},{"damage":0,"enemies":"Shield and Spear","floor":55,"turns":2},{"damage":14,"enemies":"The Heart","floor":56,"turns":6}],"seed_played":"3962223665899641051","potions_obtained":[{"floor":1,"key":"Dexterity Potion"},{"floor":8,"key":"Poison Potion"},{"floor":19,"key":"SteroidPotion"},{"floor":22,"key":"Block Potion"},{"floor":25,"key":"PowerPotion"},{"floor":33,"key":"PowerPotion"}],"is_trial":false,"path_per_floor":["M","$","?","?","?","R","$","E","T","R","M","R","M","E","R","B",null,"M","M","M","M","M","R","E","M","T","R","M","R","E","$","R","B",null,"M","?","?","M","M","R","E","T","T","E","?","R","$","M","R","B","B",null,"R","$","E","B",null],"character_chosen":"DEFECT","items_purchased":["Streamline","Genetic Algorithm","OrangePellets","Defragment","Coolheaded+1","Hologram+1","Defragment","Skim+1","Runic Capacitor"],"campfire_rested":0,"item_purchase_floors":[2,7,31,31,31,31,47,47,54],"current_hp_per_floor":[64,64,46,35,35,35,35,35,35,35,35,35,29,23,23,14,52,54,54,39,41,41,53,53,47,47,62,62,64,50,50,64,64,64,64,54,56,58,58,64,64,64,64,64,64,64,64,64,64,64,64,64,64,64,64,64],"gold":60,"neow_bonus":"THREE_ENEMY_KILL","is_prod":false,"is_daily":false,"chose_seed":false,"campfire_upgraded":11,"win_rate":0,"timestamp":1559188297,"path_taken":["M","$","?","?","?","R","?","E","T","R","M","R","M","E","R","BOSS","M","M","M","M","M","R","E","M","T","R","M","R","E","$","R","BOSS","M","?","?","M","M","R","E","?","T","E","?","R","$","M","R","BOSS","BOSS","R","$","E","BOSS"],"build_version":"2019-01-23","purchased_purges":1,"victory":true,"max_hp_per_floor":[71,71,71,71,64,64,64,64,64,64,64,64,64,64,64,64,64,64,64,64,64,64,64,64,64,64,64,64,64,64,64,64,64,64,64,64,64,64,64,64,64,64,64,64,64,64,64,64,64,64,64,64,64,64,64,64],"card_choices":[{"not_picked":["Blizzard","Conserve Battery"],"picked":"Compile Driver","floor":1},{"not_picked":["Stack","Lockon"],"picked":"Reboot","floor":8},{"not_picked":["Redo","Sweeping Beam"],"picked":"Coolheaded","floor":11},{"not_picked":["Barrage","Turbo"],"picked":"Genetic Algorithm","floor":13},{"not_picked":["Ball Lightning","Chaos"],"picked":"Defragment","floor":14},{"not_picked":["Buffer","Hyperbeam"],"picked":"Multi-Cast","floor":16},{"not_picked":["Streamline","Sweeping Beam"],"picked":"Chill","floor":18},{"not_picked":["Ball Lightning","Doom and Gloom"],"picked":"Coolheaded","floor":19},{"not_picked":["Streamline","FTL","Steam"],"picked":"SKIP","floor":20},{"not_picked":["Gash+1","Streamline+1"],"picked":"Darkness","floor":21},{"not_picked":["Compile Driver","Beam Cell+1"],"picked":"Core Surge","floor":22},{"not_picked":["Streamline","FTL"],"picked":"Glacier+1","floor":24},{"not_picked":["Steam","Hello World"],"picked":"Ball Lightning","floor":25},{"not_picked":["Beam Cell","Ball Lightning","Barrage"],"picked":"SKIP","floor":28},{"not_picked":["Compile Driver","Barrage"],"picked":"Coolheaded","floor":30},{"not_picked":["Thunder Strike","Meteor Strike"],"picked":"Creative AI","floor":33},{"not_picked":["Rebound+1","Storm"],"picked":"Darkness+1","floor":35},{"not_picked":["Mayhem","Thinking Ahead+1"],"picked":"Dark Shackles+1","floor":36},{"not_picked":["Mind Blast","Trip+1"],"picked":"Deep Breath+1","floor":36},{"not_picked":["Darkness+1","Sweeping Beam"],"picked":"Hologram+1","floor":37},{"not_picked":["Hologram+1","Heatsinks+1"],"picked":"Loop","floor":38},{"not_picked":["Gash+1","FTL","Go for the Eyes+1"],"picked":"SKIP","floor":38},{"not_picked":["Turbo+1","Chill+1"],"picked":"Amplify+1","floor":39},{"not_picked":["Static Discharge+1","Sweeping Beam+1"],"picked":"Compile Driver","floor":39},{"not_picked":["Rebound","Gash"],"picked":"Coolheaded+1","floor":41},{"not_picked":["FTL","Turbo+1","Conserve Battery+1"],"picked":"SKIP","floor":44},{"not_picked":["Compile Driver","Auto Shields+1"],"picked":"Hologram+1","floor":48},{"not_picked":["Barrage","Cold Snap"],"picked":"Heatsinks","floor":48},{"not_picked":["Electrodynamics","FTL"],"picked":"Heatsinks+1","floor":55}],"player_experience":599071,"relics_obtained":[{"floor":8,"key":"Bird Faced Urn"},{"floor":14,"key":"Omamori"},{"floor":24,"key":"Shuriken"},{"floor":26,"key":"Pen Nib"},{"floor":30,"key":"Toxic Egg 2"},{"floor":37,"key":"Prayer Wheel"},{"floor":41,"key":"Kunai"},{"floor":42,"key":"War Paint"},{"floor":43,"key":"Oddly Smooth Stone"},{"floor":44,"key":"Vajra"},{"floor":55,"key":"Gambling Chip"}],"event_choices":[{"damage_healed":0,"gold_gain":0,"player_choice":"Success","damage_taken":18,"relics_obtained":["Ancient Tea Set"],"max_hp_gain":0,"max_hp_loss":0,"event_name":"Scrap Ooze","floor":3,"gold_loss":0},{"damage_healed":0,"gold_gain":75,"player_choice":"Gather Gold","damage_taken":11,"max_hp_gain":0,"max_hp_loss":0,"event_name":"World of Goop","floor":4,"gold_loss":0},{"damage_healed":0,"gold_gain":0,"player_choice":"Lose Max HP","damage_taken":0,"relics_obtained":["Golden Idol"],"max_hp_gain":0,"max_hp_loss":7,"event_name":"Golden Idol","floor":5,"gold_loss":0},{"damage_healed":0,"gold_gain":0,"player_choice":"Memory 3","damage_taken":10,"max_hp_gain":0,"max_hp_loss":0,"event_name":"SensoryStone","floor":36,"gold_loss":0},{"damage_healed":0,"gold_gain":0,"player_choice":"Fight","damage_taken":0,"max_hp_gain":0,"max_hp_loss":0,"event_name":"MindBloom","floor":37,"gold_loss":0},{"damage_healed":0,"gold_gain":0,"player_choice":"Ignored","damage_taken":0,"max_hp_gain":0,"max_hp_loss":0,"event_name":"Tomb of Lord Red Mask","floor":45,"gold_loss":0}],"is_beta":false,"boss_relics":[{"not_picked":["Coffee Dripper","Tiny House"],"picked":"Eternal Feather"},{"not_picked":["Cursed Key","Velvet Choker"],"picked":"Astrolabe"}],"items_purged_floors":[47],"is_endless":false,"potions_floor_spawned":[1,8,14,19,22,25,33,39,41,44,48],"ascension_level":20}