{"gold_per_floor":[115,134,134,147,168,168,203,203,203,203,203,203,224,242,242,373,373,391,391,391,391,366,366,397,397,397,410,410,426,444,203,203,327,327,342,38,106,124,55,55,69,93,93,93,116,116,116,139,139,139],"floor_reached":51,"playtime":2288,"items_purged":[],"score":716,"play_id":"aeafcb2e-1da5-46dc-8770-04750569e84a","local_time":"20180716172152","is_ascension_mode":false,"campfire_choices":[{"data":"Zap","floor":6,"key":"SMITH"},{"data":"Dualcast","floor":8,"key":"SMITH"},{"data":"Cold Snap","floor":10,"key":"SMITH"},{"data":"Hologram","floor":15,"key":"SMITH"},{"data":"Consume","floor":23,"key":"SMITH"},{"data":"Redo","floor":28,"key":"SMITH"},{"data":"Ball Lightning","floor":32,"key":"SMITH"},{"data":"Glacier","floor":40,"key":"SMITH"},{"data":"Madness","floor":44,"key":"SMITH"},{"floor":49,"key":"REST"}],"neow_cost":"NONE","seed_source_timestamp":26278347088788,"circlet_count":0,"master_deck":["Zap+1","Dualcast+1","Chill","Rebound","Beam Cell","Cold Snap+1","Beam Cell","Self Repair","Double Energy","Hologram+1","Biased Cognition","Steam+1","Barrage","Rebound","Stack","Ball Lightning+1","Consume+1","Cold Snap","Coolheaded+1","Ball Lightning","Redo+1","Turbo+1","FTL+1","Go for the Eyes","Echo Form","Conserve Battery","Core Surge","Hologram+1","Coolheaded","Madness+1","Ball Lightning+1","Glacier+1","Chill+1","BootSequence+1","Defragment+1","Defragment+1","Barrage+1"],"relics":["Cracked Core","Golden Idol","Meat on the Bone","Matryoshka","Spirit Poop","Pandora\u0027s Box","Boot","War Paint","Shuriken","Omamori","Gremlin Horn","Eternal Feather","Strawberry","Ginger","DataDisk","Bottled Flame"],"potions_floor_usage":[24,24,24,33,41,41,42,42,42,42,50],"damage_taken":[{"damage":0,"enemies":"Cultist","floor":1,"turns":3},{"damage":1,"enemies":"Small Slimes","floor":2,"turns":3},{"damage":2,"enemies":"2 Louse","floor":4,"turns":2},{"damage":20,"enemies":"Large Slime","floor":5,"turns":5},{"damage":22,"enemies":"Lagavulin","floor":7,"turns":5},{"damage":3,"enemies":"Lots of Slimes","floor":13,"turns":5},{"damage":6,"enemies":"Looter","floor":14,"turns":3},{"damage":16,"enemies":"Slime Boss","floor":16,"turns":16},{"damage":27,"enemies":"2 Thieves","floor":18,"turns":4},{"damage":30,"enemies":"Slavers","floor":24,"turns":5},{"damage":8,"enemies":"Chosen","floor":27,"turns":3},{"damage":7,"enemies":"Centurion and Healer","floor":29,"turns":5},{"damage":19,"enemies":"Snake Plant","floor":30,"turns":3},{"damage":11,"enemies":"Champ","floor":33,"turns":7},{"damage":7,"enemies":"Orb Walker","floor":35,"turns":2},{"damage":28,"floor":37,"turns":5},{"damage":32,"enemies":"3 Darklings","floor":38,"turns":6},{"damage":52,"enemies":"Spire Growth","floor":41,"turns":5},{"damage":7,"enemies":"Maw","floor":42,"turns":7},{"damage":6,"enemies":"3 Darklings","floor":45,"turns":5},{"damage":39,"enemies":"Spire Growth","floor":48,"turns":5},{"damage":21,"enemies":"Donu and Deca","floor":50,"turns":12}],"seed_played":"-5471976801415319295","potions_obtained":[{"floor":4,"key":"FearPotion"},{"floor":7,"key":"Poison Potion"},{"floor":13,"key":"LiquidBronze"},{"floor":27,"key":"Energy Potion"},{"floor":29,"key":"SteroidPotion"},{"floor":37,"key":"Poison Potion"},{"floor":38,"key":"Regen Potion"},{"floor":41,"key":"EntropicBrew"},{"floor":48,"key":"Weak Potion"}],"is_trial":false,"path_per_floor":["M","M","?","M","M","R","E","R","T","R","?","?","M","M","R","B",null,"M","?","?","?","$","R","E","?","T","M","R","M","M","$","R","B",null,"M","$","?","M","$","R","M","M","T","R","M","?","?","M","R","B"],"character_chosen":"DEFECT","items_purchased":["Coolheaded","Go for the Eyes","Echo Form","Conserve Battery","Coolheaded","Madness","Strawberry","Glacier"],"campfire_rested":1,"item_purchase_floors":[22,31,31,31,36,36,36,39],"current_hp_per_floor":[75,74,74,72,52,52,30,30,30,30,30,30,46,40,40,43,75,55,55,55,55,55,55,44,44,44,55,55,55,55,55,55,51,75,68,75,54,41,41,53,29,41,41,55,56,56,56,29,67,46],"gold":139,"neow_bonus":"THREE_CARDS","is_prod":false,"is_daily":false,"chose_seed":false,"campfire_upgraded":9,"win_rate":0,"timestamp":1531729312,"path_taken":["M","M","?","M","M","R","E","R","T","R","?","?","?","M","R","BOSS","M","?","?","?","?","R","E","?","T","?","R","M","M","$","R","BOSS","M","$","?","M","?","R","M","M","T","R","M","?","?","?","R","BOSS"],"build_version":"2018-07-12","purchased_purges":0,"victory":true,"max_hp_per_floor":[75,75,75,75,75,75,75,75,75,75,75,75,75,75,75,75,75,75,75,75,75,75,75,75,75,75,75,75,75,75,75,75,75,75,75,82,82,82,82,82,82,82,82,82,82,82,82,82,82,82],"card_choices":[{"not_picked":["Rebound","Fusion"],"picked":"Chill","floor":0},{"not_picked":["Reprogram","Skim"],"picked":"Rebound","floor":1},{"not_picked":["Melter","Streamline"],"picked":"Beam Cell","floor":2},{"not_picked":["Redo","Melter"],"picked":"Cold Snap","floor":4},{"not_picked":["Steam","Heatsinks"],"picked":"Beam Cell","floor":5},{"not_picked":["Sweeping Beam","Chill"],"picked":"Self Repair","floor":7},{"not_picked":["Doom and Gloom","Sweeping Beam"],"picked":"Double Energy","floor":13},{"not_picked":["Static Discharge","Rebound"],"picked":"Hologram","floor":14},{"not_picked":["Fission","Electrodynamics"],"picked":"Biased Cognition","floor":16},{"not_picked":["Recycle","Sweeping Beam"],"picked":"Cold Snap","floor":18},{"not_picked":["Stack","Loop"],"picked":"Ball Lightning","floor":24},{"not_picked":["Sunder","Streamline"],"picked":"Redo","floor":27},{"not_picked":["Barrage","Conserve Battery"],"picked":"Turbo+1","floor":29},{"not_picked":["Blizzard","Self Repair"],"picked":"FTL+1","floor":30},{"not_picked":["Fission","Creative AI"],"picked":"Core Surge","floor":33},{"not_picked":["Cold Snap","Ball Lightning"],"picked":"Hologram+1","floor":35},{"not_picked":["Turbo+1","Gash+1"],"picked":"Ball Lightning+1","floor":37},{"not_picked":["Rebound","Heatsinks+1","Streamline"],"picked":"SKIP","floor":38},{"not_picked":["Barrage","Rebound"],"picked":"Chill+1","floor":41},{"not_picked":["Redo","Beam Cell+1"],"picked":"BootSequence+1","floor":42},{"not_picked":["Beam Cell+1","Genetic Algorithm"],"picked":"Defragment+1","floor":45},{"not_picked":["Hologram","Stack"],"picked":"Barrage+1","floor":48}],"player_experience":183692,"relics_obtained":[{"floor":7,"key":"Meat on the Bone"},{"floor":9,"key":"Matryoshka"},{"floor":24,"key":"War Paint"},{"floor":26,"key":"Omamori"},{"floor":26,"key":"Gremlin Horn"},{"floor":37,"key":"Ginger"},{"floor":43,"key":"DataDisk"},{"floor":43,"key":"Bottled Flame"}],"event_choices":[{"event_name":"Golden Idol","player_choice":"Take Wound","floor":3,"damage_taken":0},{"event_name":"Bonfire Elementals","player_choice":"CURSE","floor":11,"damage_taken":0},{"event_name":"Purifier","player_choice":"One Purge","floor":12,"damage_taken":0},{"event_name":"Vampires","player_choice":"Ignored","floor":19,"damage_taken":0},{"event_name":"Accursed Blacksmith","player_choice":"Rummage","floor":20,"damage_taken":0},{"event_name":"Back to Basics","player_choice":"Elegance","floor":21,"damage_taken":0},{"event_name":"The Mausoleum","player_choice":"Yes","floor":25,"damage_taken":0},{"event_name":"Mysterious Sphere","player_choice":"Fight","floor":37,"damage_taken":0},{"event_name":"Purifier","player_choice":"One Purge","floor":46,"damage_taken":0},{"event_name":"Duplicator","player_choice":"One dupe","floor":47,"damage_taken":0}],"boss_relics":[{"not_picked":["Runic Pyramid","Calling Bell"],"picked":"Pandora\u0027s Box"},{"not_picked":["Empty Cage","Lizard Tail"],"picked":"Eternal Feather"}],"items_purged_floors":[],"is_endless":false,"potions_floor_spawned":[4,7,13,16,27,29,37,38,41,48],"ascension_level":0}