{"gold_per_floor":[117,135,135,146,156,156,173,173,229,229,229,261,280,182,182,281,281,298,298,298,316,329,356,124,124,174,192,192,192,204,214,214,309,309,326,13,31,42,42,67,67,67,140,140,159,101,101,47,47,47],"floor_reached":51,"playtime":1262,"items_purged":[],"score":897,"play_id":"847b10a8-d1c6-45fe-b198-75161f2d8cec","local_time":"20180728165314","daily_mods":["Draft","Heirloom","Time Dilation","Vintage"],"is_ascension_mode":false,"campfire_choices":[{"data":"Clash","floor":6,"key":"SMITH"},{"data":"Flex","floor":8,"key":"SMITH"},{"data":"Inflame","floor":11,"key":"SMITH"},{"data":"Spot Weakness","floor":15,"key":"SMITH"},{"data":"Inflame","floor":25,"key":"SMITH"},{"data":"Flex","floor":28,"key":"SMITH"},{"data":"Seeing Red","floor":32,"key":"SMITH"},{"data":"Double Tap","floor":42,"key":"SMITH"},{"data":"Dual Wield","floor":44,"key":"SMITH"},{"data":"Rampage","floor":47,"key":"SMITH"},{"data":"Rage","floor":49,"key":"SMITH"}],"neow_cost":"","seed_source_timestamp":0,"circlet_count":0,"master_deck":["Flex+1","Anger+1","Burning Pact+1","Sentinel","Flex+1","Dual Wield+1","Clash+1","Searing Blow","Pummel","Flex","Inflame+1","Shrug It Off","Sword Boomerang","Rampage+1","Spot Weakness+1","Reaper","Sword Boomerang","Anger","Inflame+1","Seeing Red+1","Double Tap+1","Flex+1","Clash+1","Inflame","Rage+1"],"relics":["Burning Blood","Unceasing Top","Omamori","Strawberry","Darkstone Periapt","Pantograph","Pen Nib","Dream Catcher","Tiny Chest","Dodecahedron","Bird Faced Urn","Mummified Hand","Orrery","Gremlin Horn","Juzu Bracelet","Red Skull","The Courier","Sundial","Whetstone","Oddly Smooth Stone","Turnip","Ginger","Ornamental Fan","White Beast Statue","Art of War","Vajra","ClockworkSouvenir","Potion Belt","War Paint","Question Card","Anchor","Letter Opener","Smiling Mask"],"potions_floor_usage":[12,33,50],"damage_taken":[{"damage":0,"enemies":"Cultist","floor":1,"turns":2},{"damage":0,"enemies":"2 Louse","floor":2,"turns":1},{"damage":0,"enemies":"Small Slimes","floor":4,"turns":1},{"damage":5,"enemies":"Gremlin Gang","floor":5,"turns":2},{"damage":4,"enemies":"Blue Slaver","floor":7,"turns":2},{"damage":0,"enemies":"Lagavulin","floor":12,"turns":1},{"damage":0,"enemies":"Looter","floor":13,"turns":1},{"damage":0,"enemies":"Slime Boss","floor":16,"turns":2},{"damage":0,"enemies":"Chosen","floor":18,"turns":1},{"damage":0,"enemies":"Spheric Guardian","floor":21,"turns":1},{"damage":5,"enemies":"Slaver and Parasite","floor":22,"turns":2},{"damage":0,"enemies":"Gremlin Leader","floor":23,"turns":1},{"damage":0,"enemies":"3 Cultists","floor":27,"turns":2},{"damage":0,"enemies":"Cultist and Chosen","floor":30,"turns":1},{"damage":15,"enemies":"Snake Plant","floor":31,"turns":2},{"damage":14,"enemies":"Automaton","floor":33,"turns":3},{"damage":0,"enemies":"3 Darklings","floor":35,"turns":1},{"damage":6,"enemies":"3 Shapes","floor":37,"turns":1},{"damage":0,"enemies":"Transient","floor":38,"turns":5},{"damage":9,"enemies":"Giant Head","floor":40,"turns":3},{"damage":0,"enemies":"Flame Bruiser 2 Orb","floor":45,"turns":1},{"damage":28,"enemies":"Time Eater","floor":50,"turns":3}],"seed_played":"8463994080856079440","potions_obtained":[{"floor":4,"key":"SteroidPotion"},{"floor":12,"key":"Explosive Potion"},{"floor":16,"key":"FearPotion"},{"floor":19,"key":"PowerPotion"},{"floor":21,"key":"Strength Potion"},{"floor":35,"key":"Ancient Potion"},{"floor":37,"key":"Regen Potion"},{"floor":38,"key":"GamblersBrew"}],"is_trial":true,"path_per_floor":["M","M","?","M","M","R","M","R","T","?","R","E","M","$","R","B",null,"M","?","?","M","M","E","$","R","T","M","R","?","M","M","R","B",null,"M","$","M","M","?","E","T","R","T","R","M","$","R","$","R","B"],"character_chosen":"IRONCLAD","items_purchased":["Flash of Steel","Sundial","Vajra","Flex","ClockworkSouvenir","Inflame","Rage"],"campfire_rested":0,"item_purchase_floors":[14,24,36,36,36,46,48],"current_hp_per_floor":[80,87,69,75,76,76,78,78,78,71,71,77,83,83,83,87,87,87,87,70,78,79,87,87,87,87,92,92,92,92,85,85,84,92,92,92,92,92,92,91,91,91,91,91,92,92,92,92,92,70],"gold":47,"neow_bonus":"","is_prod":false,"is_daily":false,"chose_seed":false,"campfire_upgraded":11,"win_rate":0,"timestamp":1532764394,"path_taken":["M","M","?","M","M","R","?","R","T","?","R","E","M","$","R","BOSS","M","?","?","?","M","E","$","R","T","M","R","?","M","M","R","BOSS","M","$","M","M","?","E","?","R","T","R","M","$","R","?","R","BOSS"],"build_version":"2018-07-26","purchased_purges":0,"victory":true,"max_hp_per_floor":[80,87,87,87,87,87,87,87,87,87,87,87,87,87,87,87,87,87,87,92,92,92,92,92,92,92,92,92,92,92,92,92,92,92,92,92,92,92,92,92,92,92,92,92,92,92,92,92,92,92],"card_choices":[{"not_picked":["Pommel Strike","Perfected Strike"],"picked":"Flex","floor":0},{"not_picked":["Clothesline","Cleave"],"picked":"Anger","floor":0},{"not_picked":["Iron Wave","Warcry"],"picked":"Burning Pact","floor":0},{"not_picked":["Seeing Red","Heavy Blade"],"picked":"Sentinel","floor":0},{"not_picked":["Perfected Strike","Headbutt"],"picked":"Flex","floor":0},{"not_picked":["Battle Trance","Headbutt"],"picked":"Dual Wield","floor":0},{"not_picked":["Uppercut","Thunderclap"],"picked":"Clash","floor":0},{"not_picked":["Flex","Armaments"],"picked":"Searing Blow","floor":0},{"not_picked":["Twin Strike","Wild Strike"],"picked":"Pummel","floor":0},{"not_picked":["Metallicize","True Grit"],"picked":"Flex","floor":0},{"not_picked":["Entrench","Iron Wave"],"picked":"Body Slam","floor":0},{"not_picked":["Headbutt","Havoc"],"picked":"Inflame","floor":0},{"not_picked":["Cleave","Body Slam"],"picked":"Shrug It Off","floor":0},{"not_picked":["Searing Blow","Metallicize"],"picked":"Sword Boomerang","floor":0},{"not_picked":["Carnage","Anger"],"picked":"Rampage","floor":0},{"not_picked":["Anger","Flex"],"picked":"Spot Weakness","floor":12},{"not_picked":["Dark Embrace","Immolate"],"picked":"Reaper","floor":16},{"not_picked":["Rampage","Power Through"],"picked":"Sword Boomerang","floor":17},{"not_picked":["Blood for Blood","Sentinel"],"picked":"Anger","floor":17},{"not_picked":["Searing Blow","Flame Barrier"],"picked":"Inflame","floor":17},{"not_picked":["Perfected Strike","Immolate","Clothesline"],"picked":"SKIP","floor":23},{"not_picked":["Demon Form","Brutality"],"picked":"Double Tap","floor":33},{"not_picked":["Ghostly Armor","Body Slam"],"picked":"Clash+1","floor":40}],"player_experience":243775,"relics_obtained":[{"floor":1,"key":"Omamori"},{"floor":2,"key":"Strawberry"},{"floor":4,"key":"Pantograph"},{"floor":5,"key":"Pen Nib"},{"floor":7,"key":"Dream Catcher"},{"floor":9,"key":"Tiny Chest"},{"floor":12,"key":"Dodecahedron"},{"floor":13,"key":"Bird Faced Urn"},{"floor":16,"key":"Mummified Hand"},{"floor":18,"key":"Gremlin Horn"},{"floor":21,"key":"Juzu Bracelet"},{"floor":22,"key":"Red Skull"},{"floor":23,"key":"The Courier"},{"floor":26,"key":"Whetstone"},{"floor":27,"key":"Oddly Smooth Stone"},{"floor":30,"key":"Turnip"},{"floor":31,"key":"Ginger"},{"floor":33,"key":"Ornamental Fan"},{"floor":35,"key":"Art of War"},{"floor":37,"key":"Potion Belt"},{"floor":38,"key":"War Paint"},{"floor":40,"key":"Question Card"},{"floor":41,"key":"Anchor"},{"floor":43,"key":"Letter Opener"},{"floor":45,"key":"Smiling Mask"}],"event_choices":[{"event_name":"Scrap Ooze","player_choice":"success","floor":3,"damage_taken":18},{"event_name":"Golden Wing","player_choice":"Card Removal","floor":10,"damage_taken":0},{"event_name":"The Lab","player_choice":"Got Potions","floor":19,"damage_taken":0},{"event_name":"Forgotten Altar","player_choice":"Shed Blood","floor":20,"damage_taken":0},{"event_name":"The Library","player_choice":"Read","floor":29,"damage_taken":0},{"event_name":"Falling","player_choice":"Removed Attack","floor":39,"damage_taken":0}],"is_beta":false,"boss_relics":[{"not_picked":["Fusion Hammer","Lizard Tail"],"picked":"Orrery"},{"not_picked":["Velvet Choker","Cursed Key"],"picked":"White Beast Statue"}],"items_purged_floors":[],"is_endless":false,"potions_floor_spawned":[4,12,16,21,22,30,31,35,37,38,40,45],"ascension_level":0}