{"path_per_floor":["M","M","?","M","M","R","$","R","T","M","$","R","M","?","R","B",null,"M","T","M","$","M","R"],"character_chosen":"IRONCLAD","items_purchased":["Anchor","Inflame","Armaments","Offering","War Paint","Perfected Strike","Blood Vial"],"gold_per_floor":[209,227,302,319,331,331,62,62,89,103,22,22,40,215,215,320,320,337,337,349,4,23,23,23],"floor_reached":24,"campfire_rested":2,"playtime":1217,"item_purchase_floors":[7,7,7,11,21,21,21],"current_hp_per_floor":[78,79,68,67,50,74,74,74,74,79,79,79,79,79,79,39,80,16,16,18,18,10,49,0],"items_purged":[],"gold":23,"score":188,"play_id":"76d8de9b-8cd1-4e15-a57e-d4985875e403","local_time":"20180622093239","is_prod":false,"is_daily":false,"chose_seed":false,"is_ascension_mode":false,"campfire_upgraded":3,"win_rate":0.0,"timestamp":1529652759,"campfire_choices":[{"floor":6,"key":"REST"},{"data":"Armaments","floor":8,"key":"SMITH"},{"data":"Inflame","floor":12,"key":"SMITH"},{"data":"Ghostly Armor","floor":15,"key":"SMITH"},{"floor":23,"key":"REST"}],"path_taken":["M","M","?","M","M","R","$","R","T","M","?","R","?","?","R","BOSS","M","?","M","$","M","R","E"],"build_version":"2018-06-21","seed_source_timestamp":72409315048679,"purchased_purges":0,"circlet_count":0,"victory":false,"master_deck":["Strike_R","Strike_R","Strike_R","Strike_R","Strike_R","Defend_R+1","Defend_R","Defend_R+1","Defend_R","Bash","Flex","Clothesline","Ghostly Armor+1","Iron Wave","Inflame+1","Armaments+1","Fire Breathing","Offering","Double Tap","Doubt","Barricade","Infernal Blade+1","Perfected Strike"],"max_hp_per_floor":[80,80,80,80,80,80,80,80,80,80,80,80,80,80,80,80,80,80,80,80,80,80,80,80],"relics":["Burning Blood","Anchor","Regal Pillow","Black Star","Matryoshka","War Paint","Blood Vial"],"card_choices":[{"not_picked":["Body Slam","Blood for Blood"],"picked":"Flex","floor":1},{"not_picked":["Hemokinesis","Iron Wave"],"picked":"Clothesline","floor":2},{"not_picked":["Disarm","Intimidate"],"picked":"Ghostly Armor","floor":4},{"not_picked":["Rupture","Body Slam"],"picked":"Iron Wave","floor":5},{"not_picked":["Clothesline","Iron Wave"],"picked":"Fire Breathing","floor":10},{"not_picked":["Body Slam","Armaments"],"picked":"Double Tap","floor":13},{"not_picked":["Reaper","Double Tap"],"picked":"Barricade","floor":16},{"not_picked":["Reckless Charge+1","Corruption","Warcry"],"picked":"SKIP","floor":18},{"not_picked":["Body Slam","Uppercut"],"picked":"Infernal Blade+1","floor":20},{"not_picked":["Reckless Charge","Battle Trance","Armaments"],"picked":"SKIP","floor":22}],"player_experience":1547,"potions_floor_usage":[16,18],"damage_taken":[{"damage":8,"enemies":"Jaw Worm","floor":1,"turns":5},{"damage":5,"enemies":"Small Slimes","floor":2,"turns":4},{"damage":7,"enemies":"2 Louse","floor":4,"turns":2},{"damage":23,"enemies":"Exordium Thugs","floor":5,"turns":5},{"damage":1,"enemies":"Lots of Slimes","floor":10,"turns":6},{"damage":6,"enemies":"2 Fungi Beasts","floor":13,"turns":3},{"damage":46,"enemies":"Hexaghost","floor":16,"turns":10},{"damage":70,"enemies":"3 Byrds","floor":18,"turns":10},{"damage":4,"enemies":"Chosen","floor":20,"turns":8},{"damage":16,"enemies":"Snecko","floor":22,"turns":6},{"damage":52,"enemies":"Slavers","floor":24,"turns":3}],"relics_obtained":[{"floor":9,"key":"Regal Pillow"},{"floor":19,"key":"Matryoshka"}],"event_choices":[{"event_name":"World of Goop","player_choice":"Gather Gold","floor":3,"damage_taken":0},{"event_name":"Liars Game","player_choice":"agreed","floor":14,"damage_taken":0}],"boss_relics":[{"not_picked":["Lizard Tail","Runic Dome"],"picked":"Black Star"}],"items_purged_floors":[],"is_endless":false,"potions_floor_spawned":[10,16],"seed_played":"-63788831481500734","killed_by":"Slavers","ascension_level":0,"potions_obtained":[{"floor":10,"key":"Strength Potion"},{"floor":16,"key":"Poison Potion"}],"is_trial":false}