{"gold_per_floor":[113,38,58,34,34,34,62,62,62,77,91,105,131,81,81,178,178,191,116,136,153,172,172,172,172,199,199,199,210,32,32,32,136,136,151,168,43,56,70,70,99,99,99,117,117,117,129,129,129],"floor_reached":49,"playtime":2714,"items_purged":["Strike_B","Defend_B","Force Field"],"score":640,"play_id":"5a129974-0d97-4b3b-8751-aee1b9606ab0","local_time":"20190505161214","is_ascension_mode":true,"campfire_choices":[{"data":"Zap","floor":6,"key":"SMITH"},{"data":"Dualcast","floor":8,"key":"SMITH"},{"data":"Hologram","floor":15,"key":"SMITH"},{"floor":23,"key":"REST"},{"data":"Buffer","floor":25,"key":"SMITH"},{"data":"Self Repair","floor":27,"key":"SMITH"},{"data":"Hologram","floor":32,"key":"SMITH"},{"floor":40,"key":"RECALL"},{"floor":42,"key":"REST"}],"neow_cost":"NONE","seed_source_timestamp":246705704803934,"circlet_count":0,"master_deck":["Zap+1","Dualcast+1","Ball Lightning","Conserve Battery","Conserve Battery","Ball Lightning+1","Ball Lightning+1","Self Repair+1","Go for the Eyes+1","Hologram+1","Buffer+1","Tempest+1","Leap","Cold Snap+1","Beam Cell+1","Hologram+1","Capacitor","Thunder Strike+1","Ball Lightning+1","Go for the Eyes+1","Leap+1","BootSequence+1","Blizzard+1","Barrage+1"],"relics":["Cracked Core","NeowsBlessing","Molten Egg 2","Orichalcum","Odd Mushroom","Inserter","Potion Belt","Fusion Hammer","Bronze Scales"],"potions_floor_usage":[18,20,33,33,33,49],"damage_taken":[{"damage":0,"enemies":"Jaw Worm","floor":1,"turns":1},{"damage":0,"enemies":"Cultist","floor":3,"turns":1},{"damage":0,"enemies":"Lagavulin","floor":7,"turns":1},{"damage":2,"enemies":"2 Louse","floor":10,"turns":2},{"damage":4,"enemies":"Looter","floor":11,"turns":2},{"damage":9,"enemies":"3 Louse","floor":12,"turns":3},{"damage":2,"enemies":"The Mushroom Lair","floor":13,"turns":4},{"damage":22,"enemies":"The Guardian","floor":16,"turns":10},{"damage":2,"enemies":"Chosen","floor":18,"turns":4},{"damage":17,"enemies":"2 Thieves","floor":20,"turns":3},{"damage":8,"enemies":"Snecko","floor":21,"turns":4},{"damage":12,"enemies":"Centurion and Healer","floor":22,"turns":11},{"damage":0,"enemies":"Cultist and Chosen","floor":29,"turns":6},{"damage":32,"enemies":"Champ","floor":33,"turns":9},{"damage":0,"enemies":"3 Shapes","floor":35,"turns":4},{"damage":1,"enemies":"3 Darklings","floor":36,"turns":5},{"damage":21,"enemies":"Jaw Worm Horde","floor":38,"turns":5},{"damage":0,"enemies":"Spire Growth","floor":39,"turns":5},{"damage":11,"enemies":"Giant Head","floor":41,"turns":6},{"damage":11,"enemies":"Sphere and 2 Shapes","floor":44,"turns":4},{"damage":0,"enemies":"Maw","floor":47,"turns":6},{"damage":77,"enemies":"Donu and Deca","floor":49,"turns":7}],"seed_played":"-6431743754734478385","potions_obtained":[{"floor":7,"key":"Fire Potion"},{"floor":13,"key":"AttackPotion"},{"floor":16,"key":"SpeedPotion"},{"floor":20,"key":"LiquidBronze"},{"floor":21,"key":"Poison Potion"},{"floor":22,"key":"Strength Potion"},{"floor":38,"key":"Weak Potion"},{"floor":41,"key":"SmokeBomb"}],"is_trial":false,"path_per_floor":["M","$","M","$","?","R","E","R","T","M","M","M","?","?","R","B",null,"M","?","M","M","M","R","?","R","T","R","?","M","$","?","R","B",null,"M","M","$","M","M","R","E","R","T","M","?","?","M","?","B"],"character_chosen":"DEFECT","items_purchased":["Conserve Battery","Capacitor"],"campfire_rested":2,"item_purchase_floors":[4,30],"current_hp_per_floor":[75,75,75,75,75,75,75,75,75,73,69,67,72,72,72,57,71,75,75,65,64,59,75,75,75,75,75,59,69,69,69,69,47,68,68,75,75,64,64,64,63,75,75,74,74,74,75,75,0],"gold":129,"neow_bonus":"THREE_ENEMY_KILL","is_prod":false,"is_daily":false,"chose_seed":false,"campfire_upgraded":6,"win_rate":0,"timestamp":1557097934,"path_taken":["M","$","M","$","?","R","E","R","T","M","M","?","?","?","R","BOSS","M","?","M","M","M","R","?","R","T","R","?","M","$","?","R","BOSS","M","M","$","M","M","R","E","R","T","M","?","?","M","?","BOSS"],"build_version":"2019-01-23","purchased_purges":3,"victory":false,"max_hp_per_floor":[75,75,75,75,75,75,75,75,75,75,75,75,75,75,75,75,75,75,75,75,75,75,75,75,75,75,75,75,75,75,75,75,75,75,75,75,75,75,75,75,75,75,75,75,75,75,75,75,75],"card_choices":[{"not_picked":["Rebound","Turbo"],"picked":"Ball Lightning","floor":1},{"not_picked":["Go for the Eyes","Coolheaded"],"picked":"Conserve Battery","floor":3},{"not_picked":["Compile Driver","Stack"],"picked":"Ball Lightning","floor":7},{"not_picked":["Consume","Compile Driver+1"],"picked":"Ball Lightning+1","floor":10},{"not_picked":["FTL+1","Loop"],"picked":"Self Repair","floor":11},{"not_picked":["Hologram","All For One+1"],"picked":"Go for the Eyes+1","floor":12},{"not_picked":["Consume","Fusion"],"picked":"Hologram","floor":13},{"not_picked":["Core Surge+1","Amplify"],"picked":"Buffer","floor":16},{"not_picked":["Rebound+1","Aggregate"],"picked":"Tempest+1","floor":18},{"not_picked":["Rebound+1","Coolheaded"],"picked":"Leap","floor":20},{"not_picked":["Coolheaded","Steam"],"picked":"Cold Snap+1","floor":21},{"not_picked":["Barrage+1","White Noise"],"picked":"Beam Cell+1","floor":22},{"not_picked":["Hologram","Heatsinks","Gash+1"],"picked":"SKIP","floor":29},{"not_picked":["Seek","Reboot"],"picked":"Thunder Strike+1","floor":33},{"not_picked":["Loop+1","Hologram+1"],"picked":"Ball Lightning+1","floor":35},{"not_picked":["Rebound+1","Barrage+1"],"picked":"Go for the Eyes+1","floor":36},{"not_picked":["Storm+1","Gash+1"],"picked":"Leap+1","floor":38},{"not_picked":["Double Energy","Force Field"],"picked":"BootSequence+1","floor":39},{"not_picked":["Reboot","Rip and Tear+1"],"picked":"Blizzard+1","floor":41},{"not_picked":["Storm","Stack"],"picked":"Barrage+1","floor":44},{"not_picked":["Hello World","Storm+1","Gash+1"],"picked":"SKIP","floor":47}],"player_experience":272694,"relics_obtained":[{"floor":7,"key":"Molten Egg 2"},{"floor":9,"key":"Orichalcum"},{"floor":13,"key":"Odd Mushroom"},{"floor":26,"key":"Potion Belt"},{"floor":41,"key":"Bronze Scales"}],"event_choices":[{"cards_removed":["Strike_B"],"damage_healed":0,"gold_gain":0,"player_choice":"Purged","damage_taken":0,"max_hp_gain":0,"max_hp_loss":0,"event_name":"Purifier","floor":5,"gold_loss":0},{"damage_healed":0,"gold_gain":0,"player_choice":"Fought Mushrooms","damage_taken":0,"max_hp_gain":0,"max_hp_loss":0,"event_name":"Mushrooms","floor":13,"gold_loss":0},{"cards_removed":["Strike_B"],"damage_healed":0,"gold_gain":0,"player_choice":"Card Removal","damage_taken":0,"max_hp_gain":0,"max_hp_loss":0,"event_name":"The Cleric","floor":14,"gold_loss":50},{"cards_removed":["Strike_B"],"damage_healed":0,"gold_gain":0,"player_choice":"Gave Gold","damage_taken":0,"max_hp_gain":0,"max_hp_loss":0,"event_name":"Beggar","floor":19,"gold_loss":75},{"damage_healed":0,"gold_gain":0,"cards_transformed":["Defend_B","Defend_B"],"player_choice":"Became Test Subject","damage_taken":0,"max_hp_gain":0,"max_hp_loss":0,"event_name":"Drug Dealer","floor":24,"gold_loss":0,"cards_obtained":["Hologram","Force Field"]},{"damage_healed":0,"gold_gain":0,"player_choice":"Obtained Book","damage_taken":16,"max_hp_gain":0,"max_hp_loss":0,"event_name":"Cursed Tome","floor":28,"gold_loss":0},{"cards_removed":["Defend_B"],"damage_healed":0,"gold_gain":0,"player_choice":"Elegance","damage_taken":0,"max_hp_gain":0,"max_hp_loss":0,"event_name":"Back to Basics","floor":31,"gold_loss":0},{"damage_healed":0,"gold_gain":0,"player_choice":"Ignored","damage_taken":0,"max_hp_gain":0,"max_hp_loss":0,"event_name":"Mysterious Sphere","floor":45,"gold_loss":0},{"damage_healed":0,"gold_gain":0,"player_choice":"Ignored","damage_taken":0,"max_hp_gain":0,"max_hp_loss":0,"event_name":"Tomb of Lord Red Mask","floor":46,"gold_loss":0},{"damage_healed":0,"gold_gain":0,"player_choice":"Took Portal","damage_taken":0,"max_hp_gain":0,"max_hp_loss":0,"event_name":"SecretPortal","floor":48,"gold_loss":0}],"is_beta":false,"boss_relics":[{"not_picked":["Sozu","Nuclear Battery"],"picked":"Inserter"},{"not_picked":["Velvet Choker","Eternal Feather"],"picked":"Fusion Hammer"}],"items_purged_floors":[2,30,37],"is_endless":false,"potions_floor_spawned":[7,13,16,20,21,22,38,41],"killed_by":"Donu and Deca","ascension_level":5}