{"gold_per_floor":[110,122,137,155,155,190,190,31,85,99,99,134,134,153,153,252,252,271,271,287,299,329,363,363,363,390,75,75,40,139,151,151,248,248,262,280,18,32,42,69,88,88,112,147,22,22,53,453,453,453,453,453,75,103,103],"floor_reached":56,"playtime":2770,"items_purged":["Strike_B","Strike_B","Cold Snap","Zap"],"score":1390,"play_id":"00d5df32-4fe4-45aa-ae07-a12fe74a82fc","local_time":"20190130000559","is_ascension_mode":false,"campfire_choices":[{"floor":7,"key":"REST"},{"data":"Sunder","floor":11,"key":"SMITH"},{"data":"Meteor Strike","floor":15,"key":"SMITH"},{"data":"Meteor Strike","floor":28,"key":"SMITH"},{"data":"Capacitor","floor":32,"key":"SMITH"},{"floor":42,"key":"RECALL"},{"floor":49,"key":"REST"},{"data":"Rainbow","floor":52,"key":"SMITH"}],"neow_cost":"NONE","seed_source_timestamp":39356494958214,"circlet_count":0,"master_deck":["Defend_B","Defend_B","Defend_B","Defend_B","Dualcast","Loop","Darkness+1","Meteor Strike+1","Doom and Gloom+1","Sunder+1","Meteor Strike+1","Meteor Strike+1","Undo+1","Defragment","Sweeping Beam+1","Steam Power","Doom and Gloom","Multi-Cast","Reinforced Body+1","Rainbow+1","Stack","Sunder+1","Static Discharge","Conserve Battery","Hyperbeam"],"relics":["Snecko Eye","Cables","Bag of Marbles","Bag of Preparation","Nuclear Battery","Tiny Chest","Whetstone","Anchor","DataDisk","Juzu Bracelet","Empty Cage","Symbiotic Virus","Shuriken","Du-Vu Doll","Lantern","Old Coin","Pen Nib"],"potions_floor_usage":[6,44,44,54,55,55],"damage_taken":[{"damage":1,"enemies":"Cultist","floor":1,"turns":4},{"damage":10,"enemies":"Jaw Worm","floor":2,"turns":4},{"damage":0,"enemies":"2 Louse","floor":3,"turns":2},{"damage":16,"enemies":"Blue Slaver","floor":4,"turns":4},{"damage":29,"enemies":"3 Sentries","floor":6,"turns":8},{"damage":0,"enemies":"2 Fungi Beasts","floor":10,"turns":2},{"damage":0,"enemies":"Gremlin Nob","floor":12,"turns":2},{"damage":0,"enemies":"Red Slaver","floor":14,"turns":1},{"damage":0,"enemies":"Slime Boss","floor":16,"turns":1},{"damage":0,"enemies":"Shell Parasite","floor":18,"turns":1},{"damage":0,"enemies":"Spheric Guardian","floor":20,"turns":1},{"damage":0,"enemies":"Snecko","floor":21,"turns":1},{"damage":0,"enemies":"Slavers","floor":23,"turns":2},{"damage":0,"enemies":"Cultist and Chosen","floor":31,"turns":2},{"damage":13,"enemies":"Collector","floor":33,"turns":3},{"damage":0,"enemies":"3 Shapes","floor":35,"turns":1},{"damage":10,"enemies":"3 Darklings","floor":36,"turns":3},{"damage":0,"enemies":"Spire Growth","floor":38,"turns":1},{"damage":0,"enemies":"Jaw Worm Horde","floor":39,"turns":2},{"damage":0,"enemies":"Reptomancer","floor":40,"turns":2},{"damage":0,"enemies":"Sphere and 2 Shapes","floor":41,"turns":1},{"damage":13,"enemies":"Giant Head","floor":44,"turns":6},{"damage":17,"enemies":"Nemesis","floor":47,"turns":3},{"damage":0,"enemies":"Mind Bloom Boss Battle","floor":48,"turns":2},{"damage":42,"enemies":"Donu and Deca","floor":50,"turns":5},{"damage":0,"enemies":"Shield and Spear","floor":54,"turns":3},{"damage":68,"enemies":"The Heart","floor":55,"turns":9}],"seed_played":"-5096820417149908338","potions_obtained":[{"floor":4,"key":"GamblersBrew"},{"floor":6,"key":"Strength Potion"},{"floor":10,"key":"Dexterity Potion"},{"floor":33,"key":"Explosive Potion"},{"floor":38,"key":"Regen Potion"},{"floor":48,"key":"Ancient Potion"}],"is_trial":false,"path_per_floor":["M","M","M","M","?","E","R","$","T","M","R","E","?","M","R","B",null,"M","?","M","M","?","E","T","?","T","$","R","$","?","M","R","B",null,"M","M","$","M","M","E","M","R","T","E","$","?","E","?","R","B",null,"R","$","E","B",null],"character_chosen":"DEFECT","items_purchased":["Doom and Gloom","Block Potion","Juzu Bracelet","Capacitor","Doom and Gloom","Symbiotic Virus","SkillPotion","Block Potion","Static Discharge","Conserve Battery"],"campfire_rested":2,"item_purchase_floors":[8,8,27,27,29,37,53,53,53,53],"current_hp_per_floor":[74,64,64,48,48,19,41,41,41,41,41,41,41,41,41,41,75,75,75,75,75,75,75,75,75,75,75,75,75,75,75,75,62,75,75,65,65,65,65,65,65,65,65,62,62,62,45,45,67,25,75,75,75,75,7],"gold":103,"neow_bonus":"BOSS_RELIC","is_prod":false,"is_daily":false,"chose_seed":false,"campfire_upgraded":5,"win_rate":0,"timestamp":1548803159,"path_taken":["M","M","M","M","?","E","R","$","T","M","R","E","?","?","R","BOSS","M","?","?","M","?","E","?","?","T","$","R","?","?","M","R","BOSS","M","M","$","M","M","E","M","R","T","E","$","?","E","?","R","BOSS","R","$","E","BOSS"],"build_version":"2019-01-23","purchased_purges":4,"victory":true,"max_hp_per_floor":[75,75,75,75,75,75,75,75,75,75,75,75,75,75,75,75,75,75,75,75,75,75,75,75,75,75,75,75,75,75,75,75,75,75,75,75,75,75,75,75,75,75,75,75,75,75,75,75,75,75,75,75,75,75,75],"card_choices":[{"not_picked":["Rebound","Steam","Barrage"],"picked":"SKIP","floor":1},{"not_picked":["Beam Cell","Streamline"],"picked":"Loop","floor":2},{"not_picked":["Turbo","Gash","Rebound"],"picked":"SKIP","floor":3},{"not_picked":["Sweeping Beam","Storm"],"picked":"Darkness","floor":4},{"not_picked":["Double Energy","Go for the Eyes"],"picked":"Meteor Strike","floor":6},{"not_picked":["Streamline","Glacier"],"picked":"Sunder","floor":10},{"not_picked":["Reprogram","Beam Cell"],"picked":"Cold Snap","floor":12},{"not_picked":["Cold Snap","Compile Driver"],"picked":"Meteor Strike","floor":14},{"not_picked":["Buffer","Electrodynamics"],"picked":"Meteor Strike","floor":16},{"not_picked":["Compile Driver","Sweeping Beam","Streamline"],"picked":"SKIP","floor":18},{"not_picked":["Turbo+1","Coolheaded"],"picked":"Undo+1","floor":20},{"not_picked":["BootSequence","Go for the Eyes"],"picked":"Defragment","floor":21},{"not_picked":["Cold Snap","Barrage"],"picked":"Sweeping Beam+1","floor":23},{"not_picked":["Barrage+1","Scrape","Coolheaded+1"],"picked":"SKIP","floor":31},{"not_picked":["Rainbow","Seek"],"picked":"Multi-Cast","floor":33},{"not_picked":["Go for the Eyes+1","Glacier+1"],"picked":"Reinforced Body+1","floor":35},{"not_picked":["Turbo","Steam+1","Fusion+1"],"picked":"SKIP","floor":36},{"not_picked":["Gash+1","Barrage","Steam+1"],"picked":"SKIP","floor":38},{"not_picked":["BootSequence+1","Hologram","Streamline+1"],"picked":"SKIP","floor":39},{"not_picked":["Sweeping Beam+1","Auto Shields"],"picked":"Rainbow","floor":40},{"not_picked":["Leap","Stack","Turbo"],"picked":"SKIP","floor":41},{"not_picked":["Fusion","Rebound","Beam Cell+1"],"picked":"SKIP","floor":44},{"not_picked":["Fusion+1","Go for the Eyes+1"],"picked":"Sunder+1","floor":47},{"not_picked":["Ball Lightning+1","Cold Snap+1"],"picked":"Hyperbeam","floor":54}],"player_experience":231603,"relics_obtained":[{"floor":6,"key":"Cables"},{"floor":9,"key":"Bag of Marbles"},{"floor":12,"key":"Bag of Preparation"},{"floor":23,"key":"Whetstone"},{"floor":24,"key":"Anchor"},{"floor":26,"key":"DataDisk"},{"floor":40,"key":"Shuriken"},{"floor":44,"key":"Du-Vu Doll"},{"floor":47,"key":"Lantern"},{"floor":48,"key":"Old Coin"},{"floor":54,"key":"Pen Nib"}],"event_choices":[{"damage_healed":0,"gold_gain":0,"player_choice":"Grow","damage_taken":0,"max_hp_gain":0,"max_hp_loss":0,"event_name":"Living Wall","floor":5,"gold_loss":0,"cards_upgraded":["Darkness"]},{"damage_healed":0,"gold_gain":0,"player_choice":"Ignored","damage_taken":0,"max_hp_gain":0,"max_hp_loss":0,"event_name":"Golden Idol","floor":13,"gold_loss":0},{"damage_healed":0,"gold_gain":0,"player_choice":"Bought 0 Potions","damage_taken":0,"max_hp_gain":0,"max_hp_loss":0,"event_name":"The Woman in Blue","floor":19,"gold_loss":0},{"damage_healed":0,"gold_gain":0,"player_choice":"Opened","damage_taken":0,"relics_obtained":["Tiny Chest"],"max_hp_gain":0,"max_hp_loss":0,"event_name":"The Mausoleum","floor":22,"gold_loss":0},{"damage_healed":0,"gold_gain":0,"player_choice":"Read","damage_taken":0,"max_hp_gain":0,"max_hp_loss":0,"event_name":"The Library","floor":25,"gold_loss":0,"cards_obtained":["Steam Power"]},{"damage_healed":0,"gold_gain":99,"player_choice":"Stole From Cult","damage_taken":0,"max_hp_gain":0,"max_hp_loss":0,"event_name":"Nest","floor":30,"gold_loss":0},{"damage_healed":0,"gold_gain":0,"cards_transformed":["Capacitor"],"player_choice":"Transformed","damage_taken":0,"max_hp_gain":0,"max_hp_loss":0,"event_name":"Transmorgrifier","floor":46,"gold_loss":0,"cards_obtained":["Stack"]},{"damage_healed":0,"gold_gain":0,"player_choice":"Fight","damage_taken":0,"max_hp_gain":0,"max_hp_loss":0,"event_name":"MindBloom","floor":48,"gold_loss":0}],"is_beta":false,"boss_relics":[{"not_picked":["Black Star","Calling Bell"],"picked":"Nuclear Battery"},{"not_picked":["Tiny House","Orrery"],"picked":"Empty Cage"}],"items_purged_floors":[8,27,45,53],"is_endless":false,"potions_floor_spawned":[4,6,10,16,18,23,33,35,36,38,48],"ascension_level":0}