{"gold_per_floor":[112,126,141,141,141,141,154,154,154,167,181,211,69,85,85,187,187,198,123,133,133,133,133,133,133,133,168,168,178,213,128,128,232,232,242,242,242,290,300,311,311,343,343,343,363,363],"floor_reached":46,"playtime":1833,"items_purged":["Strike_R"],"score":493,"play_id":"57b1d6fc-f315-45dd-b806-7bd96f171f28","local_time":"20190323011123","is_ascension_mode":false,"campfire_choices":[{"data":"Armaments","floor":6,"key":"SMITH"},{"data":"Limit Break","floor":8,"key":"SMITH"},{"data":"Power Through","floor":15,"key":"SMITH"},{"data":"Bloodletting","floor":23,"key":"SMITH"},{"floor":28,"key":"REST"},{"data":"Spot Weakness","floor":32,"key":"SMITH"},{"data":"Pummel","floor":41,"key":"SMITH"},{"floor":44,"key":"RECALL"}],"neow_cost":"CURSE","seed_source_timestamp":99333351055487,"circlet_count":0,"master_deck":["Strike_R+1","Strike_R+1","Strike_R+1","Strike_R+1","Defend_R+1","Defend_R+1","Bash","Clumsy","Evolve","Hemokinesis","Armaments+1","Battle Trance","Carnage","Spot Weakness+1","Limit Break+1","Rupture+1","Offering","Power Through+1","Sever Soul","Bloodletting+1","Reaper","Heavy Blade+1","Reaper","Limit Break","Double Tap","Madness","Madness","Pummel+1","Corruption+1","Heavy Blade+1","Power Through","Second Wind+1","Flame Barrier"],"relics":["Burning Blood","Prayer Wheel","Frozen Egg 2","Blue Candle","Empty Cage","MutagenicStrength","Bag of Marbles","Lantern","Red Mask","Charon\u0027s Ashes","Eternal Feather","Mango","Regal Pillow"],"potions_floor_usage":[16,16,16,27,33,38,42,42,46],"damage_taken":[{"damage":5,"enemies":"Jaw Worm","floor":1,"turns":4},{"damage":4,"enemies":"Cultist","floor":2,"turns":3},{"damage":9,"enemies":"2 Louse","floor":3,"turns":3},{"damage":14,"enemies":"Exordium Wildlife","floor":7,"turns":4},{"damage":3,"enemies":"Large Slime","floor":10,"turns":7},{"damage":17,"enemies":"Gremlin Gang","floor":11,"turns":4},{"damage":33,"enemies":"3 Sentries","floor":12,"turns":6},{"damage":4,"enemies":"Blue Slaver","floor":14,"turns":4},{"damage":42,"enemies":"Slime Boss","floor":16,"turns":11},{"damage":38,"enemies":"2 Thieves","floor":18,"turns":4},{"damage":24,"enemies":"Shell Parasite","floor":20,"turns":5},{"damage":34,"enemies":"Slavers","floor":27,"turns":5},{"damage":7,"enemies":"Snake Plant","floor":29,"turns":2},{"damage":26,"enemies":"Masked Bandits","floor":30,"turns":4},{"damage":64,"enemies":"Collector","floor":33,"turns":8},{"damage":10,"enemies":"3 Shapes","floor":35,"turns":3},{"damage":47,"enemies":"2 Orb Walkers","floor":38,"turns":4},{"damage":12,"enemies":"3 Darklings","floor":39,"turns":2},{"damage":40,"enemies":"Maw","floor":40,"turns":7},{"damage":108,"enemies":"Reptomancer","floor":42,"turns":7},{"damage":42,"enemies":"Spire Growth","floor":45,"turns":4},{"damage":27,"enemies":"3 Darklings","floor":46,"turns":2}],"seed_played":"-9031641978268641542","potions_obtained":[{"floor":2,"key":"Dexterity Potion"},{"floor":5,"key":"EntropicBrew"},{"floor":5,"key":"AttackPotion"},{"floor":5,"key":"FairyPotion"},{"floor":12,"key":"BloodPotion"},{"floor":16,"key":"PowerPotion"},{"floor":30,"key":"FearPotion"},{"floor":33,"key":"Poison Potion"},{"floor":35,"key":"SteroidPotion"},{"floor":42,"key":"Swift Potion"},{"floor":45,"key":"SkillPotion"}],"is_trial":false,"path_per_floor":["M","M","M","?","?","R","M","R","T","M","M","E","$","M","R","B",null,"M","$","M","?","?","R","$","?","T","E","R","M","?","?","R","B",null,"M","?","?","?","M","M","R","E","T","R","M","M"],"character_chosen":"IRONCLAD","items_purchased":["Power Through","Sever Soul"],"campfire_rested":1,"item_purchase_floors":[13,13],"current_hp_per_floor":[80,80,77,77,77,77,69,69,69,72,61,34,34,36,36,8,80,48,48,30,30,30,30,30,30,30,16,40,46,60,60,60,17,80,76,76,66,79,94,60,78,31,31,49,21,0],"gold":363,"neow_bonus":"ONE_RARE_RELIC","is_prod":false,"is_daily":false,"chose_seed":false,"campfire_upgraded":6,"win_rate":0,"timestamp":1553271083,"path_taken":["M","M","M","?","?","R","M","R","T","M","M","E","$","M","R","BOSS","M","$","M","?","?","R","?","?","T","E","R","?","?","?","R","BOSS","M","?","?","?","M","M","R","E","T","R","M","M"],"build_version":"2019-01-23","purchased_purges":1,"victory":false,"max_hp_per_floor":[80,80,80,80,80,80,80,80,80,80,80,80,80,80,80,80,80,80,80,80,80,80,80,80,80,80,80,80,80,80,80,80,80,80,80,80,80,94,94,94,94,94,94,94,94,94],"card_choices":[{"not_picked":["Metallicize","Heavy Blade"],"picked":"Evolve","floor":1},{"not_picked":["True Grit","Havoc"],"picked":"Hemokinesis","floor":1},{"not_picked":["True Grit","Heavy Blade"],"picked":"Armaments","floor":2},{"not_picked":["Power Through","Flex"],"picked":"Battle Trance","floor":2},{"not_picked":["Heavy Blade","Metallicize"],"picked":"Carnage","floor":3},{"not_picked":["Disarm","Carnage"],"picked":"Spot Weakness","floor":3},{"not_picked":["Burning Pact","Infernal Blade"],"picked":"Limit Break","floor":7},{"not_picked":["True Grit","Hemokinesis","Sword Boomerang"],"picked":"SKIP","floor":7},{"not_picked":["Whirlwind","Thunderclap","Wild Strike"],"picked":"SKIP","floor":10},{"not_picked":["Armaments","Havoc","Evolve+1"],"picked":"SKIP","floor":10},{"not_picked":["Entrench","Pummel"],"picked":"Rupture+1","floor":11},{"not_picked":["Clash","Cleave","Twin Strike"],"picked":"SKIP","floor":11},{"not_picked":["Clothesline","Cleave"],"picked":"Offering","floor":12},{"not_picked":["Warcry","Thunderclap"],"picked":"Bloodletting","floor":14},{"not_picked":["Flex","Perfected Strike","Burning Pact"],"picked":"SKIP","floor":14},{"not_picked":["Limit Break","Offering"],"picked":"Reaper","floor":16},{"not_picked":["Rage","True Grit"],"picked":"Dual Wield+1","floor":18},{"not_picked":["Blood for Blood","Anger","Warcry"],"picked":"SKIP","floor":18},{"not_picked":["Cleave","Flex+1"],"picked":"Heavy Blade+1","floor":20},{"not_picked":["Perfected Strike","Thunderclap+1"],"picked":"Reaper","floor":20},{"not_picked":["Twin Strike","Infernal Blade","Carnage"],"picked":"SKIP","floor":27},{"not_picked":["Sword Boomerang+1","Clash"],"picked":"Limit Break","floor":29},{"not_picked":["Feel No Pain+1","Wild Strike+1","Iron Wave"],"picked":"SKIP","floor":29},{"not_picked":["Fiend Fire","Exhume"],"picked":"Double Tap","floor":33},{"not_picked":["Anger","Clash+1","Body Slam+1"],"picked":"SKIP","floor":35},{"not_picked":["Searing Blow+1","Whirlwind+1","Combust+1"],"picked":"SKIP","floor":35},{"not_picked":["Flex+1","Warcry"],"picked":"Pummel","floor":38},{"not_picked":["Dropkick","Metallicize+1"],"picked":"Corruption+1","floor":39},{"not_picked":["Cleave+1","Twin Strike+1"],"picked":"Heavy Blade+1","floor":39},{"not_picked":["Armaments","Shrug It Off"],"picked":"Power Through","floor":40},{"not_picked":["Armaments","Clothesline","Evolve+1"],"picked":"SKIP","floor":40},{"not_picked":["Warcry+1","Limit Break"],"picked":"Second Wind+1","floor":42},{"not_picked":["Armaments+1","Sword Boomerang"],"picked":"Flame Barrier","floor":45},{"not_picked":["Anger+1","Thunderclap","Twin Strike+1"],"picked":"SKIP","floor":45}],"player_experience":360164,"relics_obtained":[{"floor":9,"key":"Frozen Egg 2"},{"floor":12,"key":"Blue Candle"},{"floor":26,"key":"Bag of Marbles"},{"floor":27,"key":"Lantern"},{"floor":30,"key":"Red Mask"},{"floor":38,"key":"Mango"},{"floor":42,"key":"Regal Pillow"}],"event_choices":[{"damage_healed":0,"gold_gain":0,"player_choice":"Ignored","damage_taken":0,"max_hp_gain":0,"max_hp_loss":0,"event_name":"Liars Game","floor":4,"gold_loss":0},{"damage_healed":0,"gold_gain":0,"player_choice":"Got Potions","damage_taken":0,"max_hp_gain":0,"max_hp_loss":0,"event_name":"Lab","floor":5,"gold_loss":0},{"damage_healed":0,"gold_gain":0,"player_choice":"Inject Mutagens","damage_taken":0,"relics_obtained":["MutagenicStrength"],"max_hp_gain":0,"max_hp_loss":0,"event_name":"Drug Dealer","floor":21,"gold_loss":0},{"damage_healed":0,"gold_gain":0,"player_choice":"Simplicity","damage_taken":0,"max_hp_gain":0,"max_hp_loss":0,"event_name":"Back to Basics","floor":22,"gold_loss":0,"cards_upgraded":["Strike_R","Strike_R","Strike_R","Strike_R","Defend_R","Defend_R"]},{"damage_healed":0,"gold_gain":0,"player_choice":"Ignored","damage_taken":0,"max_hp_gain":0,"max_hp_loss":0,"event_name":"NoteForYourself","floor":25,"gold_loss":0},{"damage_healed":0,"gold_gain":0,"player_choice":"Fought Bandits","damage_taken":0,"max_hp_gain":0,"max_hp_loss":0,"event_name":"Masked Bandits","floor":30,"gold_loss":0},{"damage_healed":0,"gold_gain":0,"player_choice":"Obtained Relic","damage_taken":0,"relics_obtained":["Charon\u0027s Ashes"],"max_hp_gain":0,"max_hp_loss":0,"event_name":"Addict","floor":31,"gold_loss":85},{"cards_removed":["Dual Wield"],"damage_healed":0,"gold_gain":0,"player_choice":"Removed Skill","damage_taken":0,"max_hp_gain":0,"max_hp_loss":0,"event_name":"Falling","floor":36,"gold_loss":0},{"damage_healed":0,"gold_gain":0,"player_choice":"Embrace Madness","damage_taken":10,"max_hp_gain":0,"max_hp_loss":0,"event_name":"Winding Halls","floor":37,"gold_loss":0,"cards_obtained":["Madness","Madness"]},{"damage_healed":0,"gold_gain":0,"player_choice":"Fight","damage_taken":0,"max_hp_gain":0,"max_hp_loss":0,"event_name":"Mysterious Sphere","floor":38,"gold_loss":0}],"is_beta":false,"boss_relics":[{"not_picked":["Snecko Eye","Astrolabe"],"picked":"Empty Cage"},{"not_picked":["Pandora\u0027s Box","Black Star"],"picked":"Eternal Feather"}],"items_purged_floors":[19],"is_endless":false,"potions_floor_spawned":[2,7,12,16,18,30,33,35,42,45],"killed_by":"3 Darklings","ascension_level":0}