{"gold_per_floor":[118,134,22,33,45,72,130,130,130,130,158,158,183,201,201,275,275,288,308,70,82,95,95,95,95,163,163,74,106,117,145,145,224,224,241,253,253,267,267],"floor_reached":39,"playtime":1787,"items_purged":["Strike_R"],"score":882,"play_id":"f344c961-a78f-412c-ab0f-40a6accc32b1","local_time":"20190603171851","is_ascension_mode":true,"campfire_choices":[{"data":"Whirlwind","floor":8.0,"key":"SMITH"},{"floor":10.0,"key":"REST"},{"data":"Clothesline","floor":15.0,"key":"SMITH"},{"data":"Corruption","floor":23.0,"key":"SMITH"},{"data":"Demon Form","floor":25.0,"key":"SMITH"},{"floor":27.0,"key":"REST"},{"floor":32.0,"key":"REST"}],"neow_cost":"NONE","seed_source_timestamp":0,"circlet_count":0,"master_deck":["AscendersBane","Strike_R","Strike_R","Strike_R","Strike_R","Defend_R","Defend_R","Defend_R+1","Defend_R+1","Bash+1","Whirlwind+1","Headbutt","Feel No Pain+1","Warcry","Double Tap","Ghostly Armor","Armaments","Battle Trance","Shrug It Off","Clothesline+1","Offering","Corruption+1","Rampage","Demon Form+1","Fiend Fire","Feel No Pain+1","Demon Form+1","Shrug It Off","Barricade+1","Pommel Strike+1"],"special_seed":0,"relics":["Burning Blood","Bottled Lightning","War Paint","Question Card","Dodecahedron","Mango","Sozu","Frozen Egg 2","Happy Flower","Vajra","Busted Crown"],"potions_floor_usage":[],"damage_taken":[{"damage":0.0,"enemies":"Cultist","floor":1.0,"turns":3.0},{"damage":14.0,"enemies":"Jaw Worm","floor":2.0,"turns":4.0},{"damage":0.0,"enemies":"Small Slimes","floor":4.0,"turns":4.0},{"damage":8.0,"enemies":"Red Slaver","floor":5.0,"turns":4.0},{"damage":30.0,"enemies":"3 Sentries","floor":6.0,"turns":5.0},{"damage":3.0,"enemies":"Gremlin Nob","floor":7.0,"turns":3.0},{"damage":32.0,"enemies":"Gremlin Nob","floor":11.0,"turns":4.0},{"damage":9.0,"enemies":"3 Sentries","floor":13.0,"turns":12.0},{"damage":0.0,"enemies":"Lots of Slimes","floor":14.0,"turns":1.0},{"damage":35.0,"enemies":"The Guardian","floor":16.0,"turns":11.0},{"damage":16.0,"enemies":"2 Thieves","floor":18.0,"turns":3.0},{"damage":0.0,"enemies":"3 Byrds","floor":19.0,"turns":5.0},{"damage":23.0,"enemies":"Cultist and Chosen","floor":21.0,"turns":5.0},{"damage":6.0,"enemies":"Centurion and Healer","floor":22.0,"turns":4.0},{"damage":37.0,"enemies":"Gremlin Leader","floor":29.0,"turns":6.0},{"damage":10.0,"enemies":"Snecko","floor":30.0,"turns":4.0},{"damage":34.0,"enemies":"Book of Stabbing","floor":31.0,"turns":6.0},{"damage":48.0,"enemies":"Collector","floor":33.0,"turns":8.0},{"damage":28.0,"enemies":"3 Darklings","floor":35.0,"turns":3.0},{"damage":6,"enemies":"Orb Walker","floor":36,"turns":3},{"damage":22,"enemies":"Maw","floor":38,"turns":5},{"damage":1,"enemies":"Writhing Mass","floor":39,"turns":2}],"seed_played":"-2523785710850846600","potions_obtained":[{"floor":1.0,"key":"SpeedPotion"},{"floor":4.0,"key":"EntropicBrew"},{"floor":5.0,"key":"FearPotion"},{"floor":7.0,"key":"LiquidBronze"},{"floor":14.0,"key":"AttackPotion"},{"floor":16.0,"key":"BloodPotion"}],"is_trial":false,"path_per_floor":["M","M","$","M","M","E","?","R","T","R","E","?","E","M","R","B",null,"M","M","$","M","M","R","$","R","T","R","$","E","M","E","R","B",null,"M","M","?","M","M"],"character_chosen":"IRONCLAD","items_purchased":["Feel No Pain","Demon Form","Fiend Fire","Feel No Pain+1"],"campfire_rested":3,"item_purchase_floors":[3,20,20,28],"current_hp_per_floor":[74,66,66,72,70,46,49,49,49,71,45,45,56,62,62,33,75,65,71,71,54,54,54,54,54,54,80,80,49,45,25,51,9,69,47,47,47,31,30],"gold":267,"neow_bonus":"UPGRADE_CARD","is_prod":false,"is_daily":false,"chose_seed":false,"campfire_upgraded":4,"win_rate":0,"timestamp":1559557131,"path_taken":["M","M","$","M","?","E","?","R","T","R","E","?","E","M","R","BOSS","M","M","?","?","M","R","?","R","T","R","$","E","M","E","R","BOSS","M","M","?","?","M"],"build_version":"2019-01-23","purchased_purges":1,"victory":false,"max_hp_per_floor":[75,75,75,75,75,75,75,75,75,75,75,75,89,89,89,89,89,89,89,89,89,89,89,89,89,89,89,89,89,89,89,89,89,89,89,89,89,89,89],"card_choices":[{"not_picked":["Seeing Red","Shrug It Off"],"picked":"Whirlwind","floor":1.0},{"not_picked":["Whirlwind","Iron Wave"],"picked":"Headbutt","floor":2.0},{"not_picked":["Clash","Fire Breathing"],"picked":"Warcry","floor":4.0},{"not_picked":["Iron Wave","Headbutt"],"picked":"Double Tap","floor":5.0},{"not_picked":["Pommel Strike","Clash"],"picked":"Ghostly Armor","floor":6.0},{"not_picked":["Headbutt","Sentinel"],"picked":"Armaments","floor":7.0},{"not_picked":["Anger","Headbutt","Dual Wield"],"picked":"Battle Trance","floor":11.0},{"not_picked":["Armaments","Heavy Blade","Wild Strike"],"picked":"Shrug It Off","floor":13.0},{"not_picked":["Twin Strike","Burning Pact","Clash"],"picked":"Clothesline","floor":14.0},{"not_picked":["Berserk","Juggernaut","Dark Embrace"],"picked":"Offering","floor":16.0},{"not_picked":["Body Slam","Cleave","Twin Strike"],"picked":"Corruption","floor":18.0},{"not_picked":["Body Slam+1","Anger","Disarm"],"picked":"Rampage","floor":19.0},{"not_picked":["Warcry","Perfected Strike","Juggernaut","Havoc"],"picked":"SKIP","floor":21.0},{"not_picked":["Thunderclap","Body Slam","Evolve","Armaments"],"picked":"SKIP","floor":22.0},{"not_picked":["Clash","Cleave+1","Wild Strike"],"picked":"Demon Form+1","floor":29.0},{"not_picked":["Body Slam","Whirlwind","Carnage","Sentinel"],"picked":"SKIP","floor":30.0},{"not_picked":["Sword Boomerang","Pummel","Perfected Strike"],"picked":"Shrug It Off","floor":31.0},{"not_picked":["Berserk+1","Brutality+1","Exhume"],"picked":"Barricade+1","floor":33.0},{"not_picked":["Twin Strike","Headbutt"],"picked":"SKIP","floor":35.0},{"not_picked":["Armaments"],"picked":"Pommel Strike+1","floor":36},{"not_picked":["Disarm","Uppercut"],"picked":"SKIP","floor":38}],"player_experience":540836,"relics_obtained":[{"floor":6.0,"key":"Bottled Lightning"},{"floor":7.0,"key":"War Paint"},{"floor":9.0,"key":"Question Card"},{"floor":11.0,"key":"Dodecahedron"},{"floor":13.0,"key":"Mango"},{"floor":26.0,"key":"Frozen Egg 2"},{"floor":29.0,"key":"Happy Flower"},{"floor":31.0,"key":"Vajra"}],"event_choices":[{"damage_healed":0.0,"max_hp_gain":0.0,"max_hp_loss":0.0,"gold_gain":30.0,"event_name":"Dead Adventurer","player_choice":"Searched \u00272\u0027 times","floor":7.0,"gold_loss":0.0,"damage_taken":0.0},{"damage_healed":0.0,"max_hp_gain":0.0,"max_hp_loss":0.0,"gold_gain":0.0,"event_name":"FaceTrader","player_choice":"Leave","floor":12.0,"gold_loss":0.0,"damage_taken":0.0},{"damage_healed":0,"gold_gain":0,"player_choice":"Upgraded","damage_taken":0,"max_hp_gain":0,"max_hp_loss":0,"event_name":"Upgrade Shrine","floor":37,"gold_loss":0,"cards_upgraded":["Feel No Pain"]}],"is_beta":false,"boss_relics":[{"not_picked":["Runic Dome","Runic Cube"],"picked":"Sozu"},{"not_picked":["Pandora\u0027s Box","Eternal Feather"],"picked":"Busted Crown"}],"items_purged_floors":[3],"is_endless":false,"potions_floor_spawned":[1,4,5,7,14,16,19,29,30,31,33,36],"killed_by":"Writhing Mass","ascension_level":20}