{"gold_per_floor":[115,126,126,139,139,139,173,193,193,214,289,15,15,35,35,131,131,142,172,87,12,12,42,42,53,102,116,116,5,22,34,34,132,132,145,165,165,183,183,208,226,226,299,119,341,367,367,383,383,383,383,383,75,100,100],"floor_reached":55,"playtime":2355,"items_purged":["Strike_R","Normality","Normality"],"score":740,"play_id":"163445a1-5264-4e88-9d8a-486f7b540a28","local_time":"20190319195103","is_ascension_mode":false,"campfire_choices":[{"floor":6.0,"key":"RECALL"},{"data":"Metallicize","floor":13,"key":"SMITH"},{"data":"Flame Barrier","floor":15,"key":"SMITH"},{"data":"Armaments","floor":24,"key":"SMITH"},{"data":"Heavy Blade","floor":32,"key":"SMITH"},{"data":"Panacea","floor":42,"key":"SMITH"},{"data":"Apotheosis","floor":49,"key":"SMITH"},{"data":"Impervious","floor":52,"key":"SMITH"}],"neow_cost":"PERCENT_DAMAGE","seed_source_timestamp":511323607733500,"circlet_count":0,"master_deck":["Strike_R","Strike_R","Strike_R","Defend_R","Flex","Bloodletting","Shrug It Off","Clothesline","Pommel Strike","Metallicize+1","Inflame","Cleave","Flame Barrier+1","Feed","Heavy Blade+1","Armaments+1","Flame Barrier","Impervious+1","Warcry+1","Reaper","Disarm+1","Reaper","Armaments+1","Panacea+1","Finesse","Trip","Apotheosis+1","Shockwave","Doubt","Burning Pact+1","Exhume","Flex","Flex"],"special_seed":0,"relics":["Burning Blood","Red Skull","Odd Mushroom","ClockworkSouvenir","Sozu","Red Mask","The Courier","Smiling Mask","Juzu Bracelet","Cursed Key","Bag of Marbles","Letter Opener","Frozen Egg 2","Medical Kit","Torii"],"potions_floor_usage":[46,46,46],"damage_taken":[{"damage":6.0,"enemies":"2 Louse","floor":1.0,"turns":3.0},{"damage":0.0,"enemies":"Small Slimes","floor":2.0,"turns":3.0},{"damage":8.0,"enemies":"Jaw Worm","floor":4.0,"turns":3.0},{"damage":23.0,"enemies":"Gremlin Nob","floor":7.0,"turns":4.0},{"damage":22.0,"enemies":"2 Fungi Beasts","floor":8.0,"turns":3.0},{"damage":4.0,"enemies":"The Mushroom Lair","floor":10.0,"turns":2.0},{"damage":7,"enemies":"Large Slime","floor":14,"turns":4},{"damage":19,"enemies":"Hexaghost","floor":16,"turns":9},{"damage":12,"enemies":"Spheric Guardian","floor":18,"turns":4},{"damage":16,"enemies":"Masked Bandits","floor":19,"turns":4},{"damage":33,"enemies":"Slavers","floor":23,"turns":6},{"damage":9,"enemies":"2 Thieves","floor":25,"turns":3},{"damage":0,"enemies":"Chosen and Byrds","floor":27,"turns":3},{"damage":20,"enemies":"Centurion and Healer","floor":30,"turns":5},{"damage":8,"enemies":"Snake Plant","floor":31,"turns":3},{"damage":60,"enemies":"Automaton","floor":33,"turns":10},{"damage":31,"enemies":"3 Darklings","floor":35,"turns":5},{"damage":48,"enemies":"3 Shapes","floor":36,"turns":5},{"damage":23,"enemies":"3 Darklings","floor":38,"turns":5},{"damage":34,"enemies":"Maw","floor":41,"turns":10},{"damage":53,"enemies":"Nemesis","floor":46,"turns":7},{"damage":14,"enemies":"Spire Growth","floor":48,"turns":7},{"damage":90,"enemies":"Awakened One","floor":50,"turns":13},{"damage":76,"enemies":"Shield and Spear","floor":54,"turns":7},{"damage":110,"enemies":"The Heart","floor":55,"turns":9}],"seed_played":"-2899779276938945793","potions_obtained":[{"floor":4.0,"key":"Regen Potion"},{"floor":8.0,"key":"Explosive Potion"},{"floor":14,"key":"Explosive Potion"},{"floor":16,"key":"AttackPotion"}],"is_trial":false,"path_per_floor":["M","M","?","M","?","R","E","M","T","?","?","$","R","M","R","B",null,"M","?","?","?","?","E","R","M","T","M","?","$","M","M","R","B",null,"M","M","?","M","?","T","M","R","T","$","?","E","?","M","R","B",null,"R","$","E","B"],"character_chosen":"IRONCLAD","items_purchased":["ClockworkSouvenir","Reaper","Apotheosis","Exhume","Medical Kit","Flex"],"campfire_rested":0,"item_purchase_floors":[12,29,44,53,53,53],"current_hp_per_floor":[56,62,67,65,65,65,48,32,32,34,34,34,34,33,33,20,85,79,72,72,72,72,48,48,45,45,51,51,51,50,48,48,36,91,85,54,44,45,45,45,45,45,45,45,45,19,94,90,90,44,94,94,94,94,0],"gold":100,"neow_bonus":"TRANSFORM_TWO_CARDS","is_prod":false,"is_daily":false,"chose_seed":false,"campfire_upgraded":7,"win_rate":0,"timestamp":1552992663,"path_taken":["M","M","?","M","?","R","E","M","T","?","?","$","R","M","R","BOSS","M","?","?","?","?","E","R","?","T","M","?","?","M","M","R","BOSS","M","M","?","M","?","?","M","R","T","?","?","E","?","M","R","BOSS","R","$","E","BOSS"],"build_version":"2019-01-23","purchased_purges":3,"victory":false,"max_hp_per_floor":[80,80,85,85,85,85,85,85,85,85,85,85,85,85,85,85,85,85,88,88,88,88,91,91,91,91,91,91,91,91,91,91,91,91,91,94,94,94,94,94,94,94,94,94,94,94,94,94,94,94,94,94,94,94,94],"card_choices":[{"not_picked":["Anger","Dual Wield"],"picked":"Shrug It Off","floor":1.0},{"not_picked":["Iron Wave","Sentinel"],"picked":"Clothesline","floor":2.0},{"not_picked":["Armaments","Entrench"],"picked":"Pommel Strike","floor":4.0},{"not_picked":["Fire Breathing","Iron Wave"],"picked":"Metallicize","floor":7.0},{"not_picked":["Searing Blow","Iron Wave"],"picked":"Inflame","floor":8.0},{"not_picked":["Iron Wave","Body Slam"],"picked":"Cleave","floor":10.0},{"not_picked":["Burning Pact","Pommel Strike"],"picked":"Flame Barrier","floor":14},{"not_picked":["Brutality","Bludgeon"],"picked":"Feed","floor":16},{"not_picked":["Clothesline","Twin Strike"],"picked":"Heavy Blade","floor":18},{"not_picked":["Sword Boomerang","Shrug It Off"],"picked":"Armaments","floor":19},{"not_picked":["Cleave","Thunderclap"],"picked":"Impervious","floor":23},{"not_picked":["Thunderclap","Armaments"],"picked":"Warcry+1","floor":25},{"not_picked":["Rupture","Ghostly Armor+1","Anger"],"picked":"SKIP","floor":27},{"not_picked":["Havoc+1","Blood for Blood"],"picked":"Disarm+1","floor":30},{"not_picked":["Shrug It Off","Feel No Pain","Carnage"],"picked":"SKIP","floor":31},{"not_picked":["Exhume","Brutality"],"picked":"Reaper","floor":33},{"not_picked":["Headbutt","Wild Strike","Intimidate"],"picked":"SKIP","floor":35},{"not_picked":["Warcry+1","Clash+1"],"picked":"Armaments+1","floor":36},{"not_picked":["Enlightenment","Impatience"],"picked":"Panacea","floor":37},{"not_picked":["Mind Blast","Deep Breath"],"picked":"Finesse","floor":37},{"not_picked":["Impatience","Metamorphosis"],"picked":"Trip","floor":37},{"not_picked":["Blood for Blood","True Grit","Anger+1"],"picked":"SKIP","floor":38},{"not_picked":["Rampage","Corruption","Warcry+1"],"picked":"SKIP","floor":41},{"not_picked":["Entrench","Flame Barrier"],"picked":"Shockwave","floor":46},{"not_picked":["Thunderclap","Anger+1"],"picked":"Burning Pact+1","floor":48},{"not_picked":["Reaper","Pommel Strike"],"picked":"Flex","floor":54}],"player_experience":329252,"relics_obtained":[{"floor":7.0,"key":"Red Skull"},{"floor":10.0,"key":"Odd Mushroom"},{"floor":19,"key":"Red Mask"},{"floor":23,"key":"Smiling Mask"},{"floor":26,"key":"Juzu Bracelet"},{"floor":40,"key":"Bag of Marbles"},{"floor":43,"key":"Letter Opener"},{"floor":46,"key":"Frozen Egg 2"},{"floor":54,"key":"Torii"}],"event_choices":[{"damage_healed":0.0,"max_hp_gain":5.0,"max_hp_loss":0.0,"gold_gain":0.0,"event_name":"Big Fish","player_choice":"Donut","floor":3.0,"gold_loss":0.0,"damage_taken":0.0},{"damage_healed":0.0,"max_hp_gain":0.0,"max_hp_loss":0.0,"gold_gain":0.0,"event_name":"Liars Game","player_choice":"Ignored","floor":5.0,"gold_loss":0.0,"damage_taken":0.0},{"damage_healed":0.0,"max_hp_gain":0.0,"max_hp_loss":0.0,"gold_gain":0.0,"event_name":"Mushrooms","player_choice":"Fought Mushrooms","floor":10.0,"gold_loss":0.0,"damage_taken":0.0},{"damage_healed":0.0,"max_hp_gain":0.0,"max_hp_loss":0.0,"gold_gain":75.0,"event_name":"Golden Wing","player_choice":"Gained Gold","floor":11.0,"gold_loss":0.0,"damage_taken":0.0},{"damage_healed":0,"gold_gain":0,"player_choice":"Fought Bandits","damage_taken":0,"max_hp_gain":0,"max_hp_loss":0,"event_name":"Masked Bandits","floor":19,"gold_loss":0},{"damage_healed":0,"gold_gain":0,"player_choice":"Obtained Relic","damage_taken":0,"relics_obtained":["The Courier"],"max_hp_gain":0,"max_hp_loss":0,"event_name":"Addict","floor":20,"gold_loss":85},{"cards_removed":["Defend_R"],"damage_healed":0,"gold_gain":0,"player_choice":"Gave Gold","damage_taken":0,"max_hp_gain":0,"max_hp_loss":0,"event_name":"Beggar","floor":21,"gold_loss":75},{"damage_healed":0,"gold_gain":0,"cards_transformed":["Strike_R"],"player_choice":"Transformed","damage_taken":0,"max_hp_gain":0,"max_hp_loss":0,"event_name":"Transmorgrifier","floor":22,"gold_loss":0,"cards_obtained":["Flame Barrier"]},{"damage_healed":0,"gold_gain":0,"player_choice":"Ignored","damage_taken":0,"max_hp_gain":0,"max_hp_loss":0,"event_name":"Vampires","floor":28,"gold_loss":0},{"damage_healed":0,"gold_gain":0,"player_choice":"Memory 3","damage_taken":10,"max_hp_gain":0,"max_hp_loss":0,"event_name":"SensoryStone","floor":37,"gold_loss":0},{"cards_removed":["Bash"],"damage_healed":0,"gold_gain":0,"player_choice":"Removed Attack","damage_taken":0,"max_hp_gain":0,"max_hp_loss":0,"event_name":"Falling","floor":39,"gold_loss":0},{"damage_healed":0,"gold_gain":222,"player_choice":"Wore Mask","damage_taken":0,"max_hp_gain":0,"max_hp_loss":0,"event_name":"Tomb of Lord Red Mask","floor":45,"gold_loss":0},{"damage_healed":75,"gold_gain":0,"player_choice":"Heal","damage_taken":0,"max_hp_gain":0,"max_hp_loss":0,"event_name":"MindBloom","floor":47,"gold_loss":0,"cards_obtained":["Doubt"]}],"is_beta":false,"boss_relics":[{"not_picked":["Tiny House","Mark of Pain"],"picked":"Sozu"},{"not_picked":["Lizard Tail","Orrery"],"picked":"Cursed Key"}],"items_purged_floors":[12,44,53],"is_endless":false,"potions_floor_spawned":[4,8,14,16,23,25,27,31,33,35,38,41,46,54],"killed_by":"The Heart","ascension_level":0}