{"gold_per_floor":[114,67,67,67,67,67,77,97,124,124,135,145,70,85,85,186,186,199,99,99,111,126,126,126,143,143,161,187,187,202,219,219,323,323,338,349,349,449,449,449,480,480,480,491,491,491,52,52,52,52,52,52,52,77,77],"floor_reached":55,"playtime":2214,"items_purged":["Regret","Strike_R","Strike_R"],"score":737,"play_id":"e5b57c54-58bb-4f6b-9db5-035586edf608","local_time":"20181205221242","is_ascension_mode":false,"campfire_choices":[{"floor":6,"key":"RECALL"},{"data":"Armaments","floor":10,"key":"SMITH"},{"floor":15,"key":"REST"},{"data":"Body Slam","floor":23,"key":"SMITH"},{"floor":32,"key":"REST"},{"data":"Entrench","floor":40,"key":"SMITH"},{"data":"Entrench","floor":42,"key":"SMITH"},{"data":"Berserk","floor":46,"key":"SMITH"},{"data":"Secret Technique","floor":49,"key":"SMITH"},{"data":"Panacea","floor":52,"key":"SMITH"}],"neow_cost":"PERCENT_DAMAGE","seed_source_timestamp":141476884268747,"circlet_count":0,"master_deck":["Strike_R","Strike_R","Defend_R+1","Defend_R","Defend_R","Bash","Barricade+1","Armaments+1","Entrench+1","Shrug It Off","True Grit","Intimidate","Berserk+1","Body Slam+1","Sword Boomerang","Impervious","Entrench+1","Body Slam+1","Shrug It Off","Impervious","Entrench+1","Madness","Madness","Body Slam+1","Secret Technique+1","Panacea+1","Shockwave+1"],"relics":["Black Blood","Self Forming Clay","Charon\u0027s Ashes","Omamori","Bronze Scales","Philosopher\u0027s Stone","Prayer Wheel","Mercury Hourglass","Blue Candle","Pear","Happy Flower","Bottled Tornado"],"potions_floor_usage":[16,16,22,25,55,55,55],"damage_taken":[{"damage":10,"enemies":"Small Slimes","floor":1,"turns":4},{"damage":2,"enemies":"Jaw Worm","floor":7,"turns":4},{"damage":3,"enemies":"2 Louse","floor":8,"turns":3},{"damage":14,"enemies":"2 Fungi Beasts","floor":11,"turns":5},{"damage":10,"enemies":"Red Slaver","floor":12,"turns":6},{"damage":3,"enemies":"3 Louse","floor":14,"turns":6},{"damage":24,"enemies":"The Guardian","floor":16,"turns":18},{"damage":15,"enemies":"Spheric Guardian","floor":18,"turns":12},{"damage":6,"enemies":"Shell Parasite","floor":21,"turns":4},{"damage":17,"enemies":"Snake Plant","floor":22,"turns":8},{"damage":13,"enemies":"Snecko","floor":25,"turns":5},{"damage":6,"enemies":"Shelled Parasite and Fungi","floor":27,"turns":5},{"damage":72,"enemies":"Gremlin Leader","floor":28,"turns":9},{"damage":3,"enemies":"Cultist and Chosen","floor":30,"turns":6},{"damage":23,"enemies":"Centurion and Healer","floor":31,"turns":7},{"damage":7,"enemies":"Champ","floor":33,"turns":7},{"damage":14,"enemies":"Orb Walker","floor":35,"turns":5},{"damage":8,"enemies":"3 Darklings","floor":36,"turns":6},{"damage":0,"enemies":"Mind Bloom Boss Battle","floor":38,"turns":6},{"damage":0,"enemies":"Giant Head","floor":41,"turns":5},{"damage":6,"enemies":"Maw","floor":44,"turns":7},{"damage":40,"enemies":"Awakened One","floor":50,"turns":9},{"damage":49,"enemies":"Shield and Spear","floor":54,"turns":10},{"damage":79,"enemies":"The Heart","floor":55,"turns":12}],"seed_played":"-4838285426575875416","potions_obtained":[{"floor":8,"key":"Weak Potion"},{"floor":12,"key":"SkillPotion"},{"floor":14,"key":"Weak Potion"},{"floor":22,"key":"Explosive Potion"},{"floor":31,"key":"SpeedPotion"},{"floor":36,"key":"Weak Potion"},{"floor":38,"key":"GamblersBrew"},{"floor":44,"key":"PowerPotion"}],"is_trial":false,"path_per_floor":["M","$","?","?","?","R","M","M","T","R","M","M","$","M","R","B",null,"M","$","?","M","M","R","?","M","T","M","E","?","M","M","R","B",null,"M","M","?","?","T","R","E","R","T","M","?","R","$","?","R","B",null,"R","$","E","B"],"character_chosen":"IRONCLAD","items_purchased":["Armaments","Secret Technique","Happy Flower"],"campfire_rested":2,"item_purchase_floors":[2,47,47],"current_hp_per_floor":[52,52,49,33,33,33,37,40,40,40,32,28,28,31,55,37,80,75,75,75,79,72,72,72,69,69,73,11,37,44,31,55,58,80,76,78,68,78,78,78,80,80,90,90,90,90,90,90,90,60,90,90,90,51,0],"gold":77,"neow_bonus":"THREE_RARE_CARDS","is_prod":false,"is_daily":false,"chose_seed":false,"campfire_upgraded":7,"win_rate":0,"timestamp":1544044362,"path_taken":["M","$","?","?","?","R","M","?","T","R","M","M","$","M","R","BOSS","M","$","?","M","M","R","?","M","T","?","E","?","M","M","R","BOSS","M","M","?","?","?","R","E","R","T","M","?","R","$","?","R","BOSS","R","$","E","BOSS"],"build_version":"2018-11-15","purchased_purges":3,"victory":false,"max_hp_per_floor":[80,80,80,80,80,80,80,80,80,80,80,80,80,80,80,80,80,80,80,80,80,80,80,80,80,80,80,80,80,80,80,80,80,80,80,80,80,80,80,80,80,80,90,90,90,90,90,90,90,90,90,90,90,90,90],"card_choices":[{"not_picked":["Fiend Fire","Double Tap"],"picked":"Barricade","floor":0},{"not_picked":["Sword Boomerang","Intimidate","Reckless Charge"],"picked":"SKIP","floor":1},{"not_picked":["Pummel","Pommel Strike"],"picked":"Entrench","floor":7},{"not_picked":["Carnage","Thunderclap"],"picked":"Shrug It Off","floor":8},{"not_picked":["Carnage","Twin Strike","Perfected Strike"],"picked":"SKIP","floor":11},{"not_picked":["Corruption","Wild Strike"],"picked":"True Grit","floor":12},{"not_picked":["Dark Embrace","Armaments"],"picked":"Intimidate","floor":14},{"not_picked":["Impervious","Fiend Fire"],"picked":"Berserk","floor":16},{"not_picked":["Whirlwind+1","Uppercut"],"picked":"Body Slam","floor":18},{"not_picked":["Shrug It Off","Havoc"],"picked":"Entrench","floor":21},{"not_picked":["Carnage","Clothesline","Warcry"],"picked":"SKIP","floor":22},{"not_picked":["Heavy Blade","True Grit"],"picked":"Body Slam+1","floor":25},{"not_picked":["Twin Strike","Havoc","Inflame"],"picked":"SKIP","floor":27},{"not_picked":["Limit Break","Clothesline"],"picked":"Shrug It Off","floor":28},{"not_picked":["Bloodletting+1","Warcry","Anger"],"picked":"SKIP","floor":30},{"not_picked":["Anger","True Grit","Headbutt"],"picked":"SKIP","floor":31},{"not_picked":["Juggernaut","Dark Embrace"],"picked":"Impervious","floor":33},{"not_picked":["Disarm+1","Sword Boomerang"],"picked":"Entrench","floor":35},{"not_picked":["Flex","Heavy Blade","Iron Wave+1"],"picked":"SKIP","floor":36},{"not_picked":["Reckless Charge+1","Thunderclap+1"],"picked":"Body Slam+1","floor":41},{"not_picked":["Iron Wave","Pommel Strike+1","Carnage"],"picked":"SKIP","floor":44},{"not_picked":["Heavy Blade+1","Searing Blow","Havoc+1"],"picked":"SKIP","floor":44},{"not_picked":["Impatience","Madness"],"picked":"Panacea","floor":48},{"not_picked":["Bludgeon","Second Wind+1"],"picked":"Shockwave+1","floor":54}],"player_experience":176938,"relics_obtained":[{"floor":9,"key":"Omamori"},{"floor":28,"key":"Bronze Scales"},{"floor":38,"key":"Prayer Wheel"},{"floor":39,"key":"Mercury Hourglass"},{"floor":41,"key":"Blue Candle"},{"floor":43,"key":"Pear"},{"floor":54,"key":"Bottled Tornado"}],"event_choices":[{"damage_healed":0,"gold_gain":0,"player_choice":"Success","damage_taken":3,"relics_obtained":["Self Forming Clay"],"max_hp_gain":0,"max_hp_loss":0,"event_name":"Scrap Ooze","floor":3,"gold_loss":0},{"damage_healed":0,"gold_gain":0,"player_choice":"Entered Light","damage_taken":16,"max_hp_gain":0,"max_hp_loss":0,"event_name":"Shining Light","floor":4,"gold_loss":0,"cards_upgraded":["Defend_R","Barricade"]},{"damage_healed":0,"gold_gain":0,"player_choice":"Box","damage_taken":0,"relics_obtained":["Charon\u0027s Ashes"],"max_hp_gain":0,"max_hp_loss":0,"event_name":"Big Fish","floor":5,"gold_loss":0,"cards_obtained":["Regret"]},{"damage_healed":0,"gold_gain":0,"cards_transformed":["Strike_R","Defend_R"],"player_choice":"Became Test Subject","damage_taken":0,"max_hp_gain":0,"max_hp_loss":0,"event_name":"Drug Dealer","floor":20,"gold_loss":0,"cards_obtained":["Sword Boomerang","Impervious"]},{"damage_healed":0,"gold_gain":0,"player_choice":"Forge","damage_taken":0,"max_hp_gain":0,"max_hp_loss":0,"event_name":"Accursed Blacksmith","floor":24,"gold_loss":0,"cards_upgraded":["Entrench"]},{"damage_healed":26,"gold_gain":0,"player_choice":"Heal","damage_taken":0,"max_hp_gain":0,"max_hp_loss":0,"event_name":"The Library","floor":29,"gold_loss":0},{"damage_healed":0,"gold_gain":0,"player_choice":"Embrace Madness","damage_taken":10,"max_hp_gain":0,"max_hp_loss":0,"event_name":"Winding Halls","floor":37,"gold_loss":0,"cards_obtained":["Madness","Madness"]},{"damage_healed":0,"gold_gain":0,"player_choice":"Fight","damage_taken":0,"max_hp_gain":0,"max_hp_loss":0,"event_name":"MindBloom","floor":38,"gold_loss":0},{"damage_healed":0,"gold_gain":0,"player_choice":"Ignored","damage_taken":0,"max_hp_gain":0,"max_hp_loss":0,"event_name":"Mysterious Sphere","floor":45,"gold_loss":0},{"damage_healed":0,"gold_gain":0,"player_choice":"Memory 1","damage_taken":0,"max_hp_gain":0,"max_hp_loss":0,"event_name":"SensoryStone","floor":48,"gold_loss":0}],"is_beta":false,"boss_relics":[{"not_picked":["Runic Cube","Black Star"],"picked":"Black Blood"},{"not_picked":["Eternal Feather","Runic Dome"],"picked":"Philosopher\u0027s Stone"}],"items_purged_floors":[13,19,47],"is_endless":false,"potions_floor_spawned":[8,12,14,22,31,36,38,41,44],"killed_by":"The Heart","ascension_level":0}