{"gold_per_floor":[111,122,135,100,100,100,138,93,93,93,127,141,141,58,58,154,154,174,174,18,32,32,32,55,55,108,131,131,131,131,155,155,250,250,274,274,274,40,54,54,74,109,163,178,178,211,44,44,44,44],"floor_reached":51,"playtime":3372,"items_purged":["Strike_B","Pain"],"score":1215,"play_id":"04ef77fa-6577-4ad4-bc66-292246d1bcf3","local_time":"20190531210508","is_ascension_mode":true,"campfire_choices":[{"data":"Zap","floor":6,"key":"SMITH"},{"floor":10,"key":"REST"},{"floor":15,"key":"REST"},{"floor":23,"key":"REST"},{"floor":25,"key":"REST"},{"data":"Loop","floor":28,"key":"SMITH"},{"floor":30,"key":"REST"},{"data":"Capacitor","floor":32,"key":"SMITH"},{"data":"Defragment","floor":40,"key":"SMITH"},{"floor":45,"key":"REST"},{"floor":49,"key":"REST"}],"neow_cost":"NONE","seed_source_timestamp":1039310683458962,"circlet_count":0,"master_deck":["AscendersBane","Strike_B","Strike_B","Strike_B","Defend_B","Defend_B","Defend_B","Defend_B","Zap+1","Dualcast","Reboot","Conserve Battery","Go for the Eyes","Sweeping Beam","Genetic Algorithm","Ball Lightning","Ball Lightning","Loop+1","Capacitor+1","Biased Cognition","Barrage","Self Repair","Reinforced Body","Glacier","Electrodynamics","Defragment+1","Writhe","Defragment","Glacier","Capacitor+1","Glacier+1","Hologram","Coolheaded","Defragment"],"relics":["FrozenCore","Golden Idol","Sundial","Dead Branch","Philosopher\u0027s Stone","Gremlin Horn","WarpedTongs","Happy Flower","Bag of Preparation","Ancient Tea Set","Symbiotic Virus"],"potions_floor_usage":[11,12,16,21,27,31,33,33,46,50,50],"damage_taken":[{"damage":5,"enemies":"2 Louse","floor":1,"turns":3},{"damage":2,"enemies":"Jaw Worm","floor":2,"turns":4},{"damage":0,"enemies":"Small Slimes","floor":3,"turns":4},{"damage":25,"enemies":"3 Sentries","floor":7,"turns":8},{"damage":13,"enemies":"Lagavulin","floor":11,"turns":8},{"damage":2,"enemies":"Red Slaver","floor":12,"turns":3},{"damage":32,"enemies":"Hexaghost","floor":16,"turns":8},{"damage":38,"enemies":"2 Thieves","floor":18,"turns":4},{"damage":14,"enemies":"3 Byrds","floor":21,"turns":3},{"damage":14,"enemies":"3 Cultists","floor":24,"turns":4},{"damage":6,"enemies":"Shelled Parasite and Fungi","floor":27,"turns":3},{"damage":22,"enemies":"Snake Plant","floor":31,"turns":3},{"damage":45,"enemies":"Automaton","floor":33,"turns":10},{"damage":22,"enemies":"3 Darklings","floor":35,"turns":4},{"damage":0,"enemies":"3 Shapes","floor":39,"turns":3},{"damage":0,"enemies":"Sphere and 2 Shapes","floor":41,"turns":3},{"damage":27,"enemies":"Giant Head","floor":42,"turns":11},{"damage":0,"enemies":"Jaw Worm Horde","floor":44,"turns":2},{"damage":8,"enemies":"Reptomancer","floor":46,"turns":7},{"damage":22,"enemies":"Time Eater","floor":50,"turns":20}],"seed_played":"-2918400260844536411","potions_obtained":[{"floor":1,"key":"Weak Potion"},{"floor":11,"key":"Regen Potion"},{"floor":12,"key":"Block Potion"},{"floor":16,"key":"LiquidBronze"},{"floor":24,"key":"Explosive Potion"},{"floor":27,"key":"AttackPotion"},{"floor":31,"key":"Strength Potion"},{"floor":35,"key":"LiquidBronze"},{"floor":44,"key":"Energy Potion"}],"is_trial":false,"path_per_floor":["M","M","M","?","?","R","E","$","T","R","E","M","?","$","R","B",null,"M","T","$","M","?","R","M","R","T","M","R","?","R","M","R","B",null,"M","?","?","$","M","R","M","E","T","M","R","E","$","?","R","B",null],"character_chosen":"DEFECT","items_purchased":["Genetic Algorithm","Capacitor","FocusPotion","Defragment","Block Potion","Defragment","GamblersBrew"],"campfire_rested":7,"item_purchase_floors":[8,14,20,38,38,47,47],"current_hp_per_floor":[59,57,57,71,47,47,22,22,22,43,30,37,37,37,58,26,60,22,22,22,8,8,29,22,43,43,37,37,37,58,46,46,11,56,34,34,48,48,48,48,48,31,31,31,52,51,51,51,71,59],"gold":44,"neow_bonus":"ONE_RANDOM_RARE_CARD","is_prod":false,"is_daily":false,"chose_seed":false,"campfire_upgraded":4,"win_rate":0,"timestamp":1559361908,"path_taken":["M","M","M","?","?","R","E","?","T","R","E","M","?","$","R","BOSS","M","?","$","M","?","R","?","R","T","M","R","?","R","M","R","BOSS","M","?","?","$","M","R","M","E","T","M","R","E","?","?","R","BOSS"],"build_version":"2019-01-23","purchased_purges":2,"victory":true,"max_hp_per_floor":[71,71,71,71,71,71,71,71,71,71,71,71,71,71,71,71,71,71,71,71,71,71,71,71,71,71,71,71,71,71,71,71,71,71,71,71,71,71,71,71,71,71,71,71,71,71,71,71,71,71],"card_choices":[{"not_picked":["Steam Power","Redo"],"picked":"Conserve Battery","floor":1},{"not_picked":["Recycle","Turbo","Conserve Battery"],"picked":"SKIP","floor":2},{"not_picked":["Aggregate","Redo"],"picked":"Go for the Eyes","floor":3},{"not_picked":["Storm","Blizzard"],"picked":"Sweeping Beam","floor":7},{"not_picked":["Turbo","Tempest"],"picked":"Ball Lightning","floor":11},{"not_picked":["Cold Snap","Self Repair"],"picked":"Ball Lightning","floor":12},{"not_picked":["Rainbow","Hyperbeam"],"picked":"Biased Cognition","floor":16},{"not_picked":["Rebound","Beam Cell"],"picked":"Barrage","floor":18},{"not_picked":["Stack","Coolheaded"],"picked":"Self Repair","floor":21},{"not_picked":["Self Repair","Static Discharge"],"picked":"Reinforced Body","floor":24},{"not_picked":["Melter","Reinforced Body"],"picked":"Glacier","floor":27},{"not_picked":["Recycle","Stack","Rip and Tear"],"picked":"SKIP","floor":31},{"not_picked":["Recycle","Stack","Rip and Tear"],"picked":"SKIP","floor":31},{"not_picked":["Rainbow","Multi-Cast"],"picked":"Electrodynamics","floor":33},{"not_picked":["Redo","Chaos+1"],"picked":"Defragment","floor":35},{"not_picked":["Ball Lightning+1","Storm+1"],"picked":"Glacier","floor":39},{"not_picked":["Conserve Battery","Compile Driver"],"picked":"Capacitor+1","floor":41},{"not_picked":["Hyperbeam","Go for the Eyes"],"picked":"Glacier+1","floor":42},{"not_picked":["Reprogram+1","Steam"],"picked":"Hologram","floor":44},{"not_picked":["Hello World","Leap"],"picked":"Coolheaded","floor":46}],"player_experience":511542,"relics_obtained":[{"floor":9,"key":"Sundial"},{"floor":11,"key":"Dead Branch"},{"floor":19,"key":"Gremlin Horn"},{"floor":26,"key":"Happy Flower"},{"floor":42,"key":"Bag of Preparation"},{"floor":43,"key":"Ancient Tea Set"},{"floor":46,"key":"Symbiotic Virus"}],"event_choices":[{"damage_healed":17,"gold_gain":0,"player_choice":"Healed","damage_taken":0,"max_hp_gain":0,"max_hp_loss":0,"event_name":"The Cleric","floor":4,"gold_loss":35},{"damage_healed":0,"gold_gain":0,"player_choice":"Take Damage","damage_taken":24,"relics_obtained":["Golden Idol"],"max_hp_gain":0,"max_hp_loss":0,"event_name":"Golden Idol","floor":5,"gold_loss":0},{"damage_healed":0,"gold_gain":0,"player_choice":"1 cards matched","damage_taken":0,"max_hp_gain":0,"max_hp_loss":0,"event_name":"Match and Keep!","floor":13,"gold_loss":0,"cards_obtained":["Loop"]},{"damage_healed":0,"gold_gain":0,"player_choice":"1 cards matched","damage_taken":0,"max_hp_gain":0,"max_hp_loss":0,"event_name":"Match and Keep!","floor":13,"gold_loss":0,"cards_obtained":["Loop"]},{"damage_healed":0,"gold_gain":0,"player_choice":"Rummage","damage_taken":0,"relics_obtained":["WarpedTongs"],"max_hp_gain":0,"max_hp_loss":0,"event_name":"Accursed Blacksmith","floor":22,"gold_loss":0,"cards_obtained":["Pain"]},{"damage_healed":0,"gold_gain":0,"player_choice":"Ignored","damage_taken":0,"max_hp_gain":0,"max_hp_loss":0,"event_name":"Cursed Tome","floor":29,"gold_loss":0},{"damage_healed":0,"gold_gain":0,"player_choice":"Ignored","damage_taken":0,"max_hp_gain":0,"max_hp_loss":0,"event_name":"Mysterious Sphere","floor":36,"gold_loss":0},{"damage_healed":14,"gold_gain":0,"player_choice":"Writhe","damage_taken":0,"max_hp_gain":0,"max_hp_loss":0,"event_name":"Winding Halls","floor":37,"gold_loss":0,"cards_obtained":["Writhe"]},{"damage_healed":0,"gold_gain":0,"player_choice":"Ignored","damage_taken":0,"max_hp_gain":0,"max_hp_loss":0,"event_name":"The Moai Head","floor":48,"gold_loss":0}],"is_beta":false,"boss_relics":[{"not_picked":["Runic Pyramid","Black Star"],"picked":"Philosopher\u0027s Stone"},{"not_picked":["Tiny House","Sozu"],"picked":"FrozenCore"}],"items_purged_floors":[20,38],"is_endless":false,"potions_floor_spawned":[1,11,12,16,24,27,31,35,39,44],"ascension_level":16}