{"gold_per_floor":[109,123,48,48,68,68,94,94,94,59,78,29,55,71,71,171,171,185,185,185,199,199,199,218,235,285,285,285,285,51,86,86,181,181,194,194,16,32,49,49],"floor_reached":40,"playtime":3491,"items_purged":["Strike_B","Strike_B","Strike_B"],"score":682,"play_id":"e8a78e8c-20ae-4f0f-a767-8fc5c72a6c0f","local_time":"20190511155626","is_ascension_mode":true,"campfire_choices":[{"floor":6,"key":"DIG"},{"floor":8,"key":"REST"},{"floor":15,"key":"REST"},{"floor":23,"key":"REST"},{"floor":27,"key":"REST"},{"floor":29,"key":"DIG"},{"floor":32,"key":"REST"}],"neow_cost":"NONE","seed_source_timestamp":492165259955651,"circlet_count":0,"master_deck":["AscendersBane","Strike_B","Defend_B","Defend_B","Defend_B","Defend_B","Zap","Dualcast","Leap","Conserve Battery","Conserve Battery","Sunder","Go for the Eyes","Genetic Algorithm","Double Energy","White Noise","Leap","Leap","Echo Form","Capacitor","Chill","Machine Learning","Conserve Battery","Buffer+1","Conserve Battery+1","Cold Snap","Hologram+1","Conserve Battery","Machine Learning+1","Sadistic Nature","Conserve Battery","Thunder Strike","Self Repair","Barrage+1","Electrodynamics","Flash of Steel","Double Energy+1","Sweeping Beam+1","Stack+1","Sweeping Beam+1"],"relics":["Orrery","Shovel","Prayer Wheel","Oddly Smooth Stone","Torii","Thread and Needle","Inserter","Dodecahedron","Smiling Mask","Letter Opener","The Courier","Nuclear Battery"],"potions_floor_usage":[13,16,22,24,31,38,40],"damage_taken":[{"damage":3,"enemies":"Cultist","floor":1,"turns":4},{"damage":2,"enemies":"Jaw Worm","floor":2,"turns":5},{"damage":4,"enemies":"Small Slimes","floor":5,"turns":5},{"damage":3,"enemies":"Exordium Thugs","floor":10,"turns":5},{"damage":0,"enemies":"Large Slime","floor":11,"turns":6},{"damage":20,"enemies":"Lagavulin","floor":13,"turns":10},{"damage":1,"enemies":"Red Slaver","floor":14,"turns":6},{"damage":41,"enemies":"Hexaghost","floor":16,"turns":16},{"damage":7,"enemies":"Spheric Guardian","floor":18,"turns":9},{"damage":8,"enemies":"Shell Parasite","floor":21,"turns":8},{"damage":11,"enemies":"Cultist and Chosen","floor":22,"turns":6},{"damage":1,"enemies":"Snecko","floor":24,"turns":8},{"damage":0,"enemies":"Shelled Parasite and Fungi","floor":25,"turns":12},{"damage":27,"enemies":"Slavers","floor":31,"turns":8},{"damage":1,"enemies":"Automaton","floor":33,"turns":18},{"damage":11,"enemies":"Orb Walker","floor":35,"turns":7},{"damage":18,"enemies":"3 Darklings","floor":38,"turns":10},{"damage":36,"enemies":"Transient","floor":39,"turns":5},{"damage":24,"enemies":"Giant Head","floor":40,"turns":10}],"seed_played":"4468794291923840061","potions_obtained":[{"floor":10,"key":"SmokeBomb"},{"floor":11,"key":"Weak Potion"},{"floor":14,"key":"Poison Potion"},{"floor":21,"key":"Block Potion"},{"floor":25,"key":"Ancient Potion"},{"floor":33,"key":"Dexterity Potion"},{"floor":39,"key":"Block Potion"}],"is_trial":false,"path_per_floor":["M","M","$","?","M","R","T","R","T","M","M","$","E","M","R","B",null,"M","?","T","M","M","R","M","M","T","R","?","R","$","E","R","B",null,"M","?","$","M","M","E"],"character_chosen":"DEFECT","items_purchased":["Leap","Sadistic Nature","Electrodynamics","Flash of Steel"],"campfire_rested":5,"item_purchase_floors":[12,30,37,37],"current_hp_per_floor":[65,63,63,51,47,47,47,69,69,66,66,66,46,45,67,26,63,56,42,42,34,23,47,46,46,46,70,70,70,70,43,67,66,77,66,66,66,55,19,0],"gold":49,"neow_bonus":"BOSS_RELIC","is_prod":false,"is_daily":false,"chose_seed":false,"campfire_upgraded":0,"win_rate":0,"timestamp":1557615386,"path_taken":["M","M","?","?","M","R","?","R","T","M","M","$","E","M","R","BOSS","M","?","?","M","M","R","M","M","T","R","?","R","$","E","R","BOSS","M","?","$","M","M","E"],"build_version":"2019-01-23","purchased_purges":3,"victory":false,"max_hp_per_floor":[75,75,75,75,75,75,75,75,75,75,75,75,75,75,75,75,75,75,80,80,80,80,80,80,80,80,80,80,80,80,80,80,80,80,80,80,80,80,80,80],"card_choices":[{"not_picked":["Compile Driver","Rebound"],"picked":"Leap","floor":0},{"not_picked":["Hello World","Lockon"],"picked":"Conserve Battery","floor":0},{"not_picked":["Lockon","Cold Snap"],"picked":"Conserve Battery","floor":0},{"not_picked":["Compile Driver","Gash"],"picked":"Sunder","floor":0},{"not_picked":["Sweeping Beam","Storm"],"picked":"Go for the Eyes","floor":1},{"not_picked":["Redo","Beam Cell"],"picked":"Genetic Algorithm","floor":2},{"not_picked":["Thunder Strike","Compile Driver","Defragment"],"picked":"SKIP","floor":5},{"not_picked":["Auto Shields","Coolheaded"],"picked":"Double Energy","floor":10},{"not_picked":["Cold Snap","Barrage","Steam"],"picked":"SKIP","floor":10},{"not_picked":["Streamline","Rip and Tear"],"picked":"White Noise","floor":11},{"not_picked":["Rebound","Redo"],"picked":"Leap","floor":11},{"not_picked":["Stack","Go for the Eyes"],"picked":"Echo Form","floor":13},{"not_picked":["Steam","Reinforced Body"],"picked":"Capacitor","floor":14},{"not_picked":["FTL","Rebound"],"picked":"Chill","floor":14},{"not_picked":["Echo Form","All For One"],"picked":"Machine Learning","floor":16},{"not_picked":["Sweeping Beam+1","Compile Driver+1"],"picked":"Conserve Battery","floor":18},{"not_picked":["Steam","Heatsinks","Hologram"],"picked":"SKIP","floor":18},{"not_picked":["Redo","Sweeping Beam"],"picked":"Buffer","floor":21},{"not_picked":["Hologram","Auto Shields"],"picked":"Conserve Battery+1","floor":21},{"not_picked":["Leap","Auto Shields"],"picked":"Cold Snap","floor":24},{"not_picked":["Steam","Creative AI"],"picked":"Hologram+1","floor":24},{"not_picked":["Gash","Cold Snap+1"],"picked":"Conserve Battery","floor":25},{"not_picked":["Compile Driver","Skim"],"picked":"Machine Learning","floor":25},{"not_picked":["Cold Snap+1","Rebound"],"picked":"Conserve Battery","floor":31},{"not_picked":["Core Surge","Fission"],"picked":"Thunder Strike","floor":33},{"not_picked":["Doom and Gloom+1","Stack"],"picked":"Self Repair","floor":35},{"not_picked":["Stack","Streamline"],"picked":"Barrage+1","floor":35},{"not_picked":["Compile Driver","Redo"],"picked":"Double Energy+1","floor":38},{"not_picked":["Turbo","Hyperbeam"],"picked":"Sweeping Beam+1","floor":38},{"not_picked":["Capacitor","Steam+1"],"picked":"Stack+1","floor":39},{"not_picked":["Glacier+1","Ball Lightning"],"picked":"Sweeping Beam+1","floor":39}],"player_experience":459859,"relics_obtained":[{"floor":6,"key":"Prayer Wheel"},{"floor":7,"key":"Oddly Smooth Stone"},{"floor":9,"key":"Torii"},{"floor":13,"key":"Thread and Needle"},{"floor":20,"key":"Dodecahedron"},{"floor":26,"key":"Smiling Mask"},{"floor":29,"key":"Letter Opener"},{"floor":31,"key":"The Courier"}],"event_choices":[{"damage_healed":0,"gold_gain":0,"player_choice":"Success","damage_taken":12,"relics_obtained":["Shovel"],"max_hp_gain":0,"max_hp_loss":0,"event_name":"Scrap Ooze","floor":4,"gold_loss":0},{"damage_healed":0,"gold_gain":0,"player_choice":"Shed Blood","damage_taken":19,"max_hp_gain":5,"max_hp_loss":0,"event_name":"Forgotten Altar","floor":19,"gold_loss":0},{"damage_healed":0,"gold_gain":0,"player_choice":"Upgraded","damage_taken":0,"max_hp_gain":0,"max_hp_loss":0,"event_name":"Upgrade Shrine","floor":28,"gold_loss":0,"cards_upgraded":["Buffer"]},{"damage_healed":0,"gold_gain":0,"player_choice":"Upgraded","damage_taken":0,"max_hp_gain":0,"max_hp_loss":0,"event_name":"Upgrade Shrine","floor":36,"gold_loss":0,"cards_upgraded":["Machine Learning"]}],"is_beta":false,"boss_relics":[{"not_picked":["Empty Cage","Cursed Key"],"picked":"Inserter"},{"not_picked":["Tiny House","Snecko Eye"],"picked":"Nuclear Battery"}],"items_purged_floors":[3,30,37],"is_endless":false,"potions_floor_spawned":[10,11,14,21,25,33,39],"killed_by":"Giant Head","ascension_level":11}