{"gold_per_floor":[113,113,113,6,27,27,52,227,227,227,227,227,248,292,292,292],"floor_reached":16,"playtime":510,"items_purged":[],"score":167,"play_id":"0a6c7aa2-b362-49c6-9034-b24c8f4936e2","local_time":"20190520222409","is_ascension_mode":true,"campfire_choices":[{"floor":6,"key":"REST"},{"floor":10,"key":"REST"},{"floor":12,"key":"REST"},{"floor":15,"key":"REST"}],"neow_cost":"NONE","seed_source_timestamp":49237757029158,"circlet_count":0,"master_deck":["AscendersBane","Strike_B","Strike_B","Strike_B","Strike_B","Defend_B","Defend_B","Defend_B","Defend_B","Zap","Dualcast","Gash","Dramatic Entrance","Redo","BootSequence","Recycle","Go for the Eyes","Cold Snap"],"relics":["Fusion Hammer","Golden Idol","Matryoshka","Unceasing Top"],"potions_floor_usage":[14,14],"damage_taken":[{"damage":1,"enemies":"2 Louse","floor":1,"turns":4},{"damage":0,"enemies":"Jaw Worm","floor":5,"turns":3},{"damage":9,"enemies":"Cultist","floor":7,"turns":5},{"damage":3,"enemies":"Blue Slaver","floor":13,"turns":3},{"damage":20,"enemies":"Lagavulin","floor":14,"turns":7},{"damage":73,"enemies":"Slime Boss","floor":16,"turns":9}],"seed_played":"-4818321569088016752","potions_obtained":[{"floor":7,"key":"Strength Potion"},{"floor":13,"key":"Block Potion"}],"is_trial":false,"path_per_floor":["M","?","?","$","M","R","M","?","T","R","?","R","M","E","R","B"],"character_chosen":"DEFECT","items_purchased":["BootSequence","Recycle"],"campfire_rested":4,"item_purchase_floors":[4,4],"current_hp_per_floor":[63,46,46,46,46,67,58,58,58,71,71,71,68,48,69,0],"gold":292,"neow_bonus":"BOSS_RELIC","is_prod":false,"is_daily":false,"chose_seed":false,"campfire_upgraded":0,"win_rate":0,"timestamp":1558416249,"path_taken":["M","?","?","$","?","R","M","?","T","R","?","R","?","E","R","BOSS"],"build_version":"2019-01-23","purchased_purges":0,"victory":false,"max_hp_per_floor":[71,71,71,71,71,71,71,71,71,71,71,71,71,71,71,71],"card_choices":[{"not_picked":["Leap","Stack"],"picked":"Gash","floor":1},{"not_picked":["Storm","Steam","Redo"],"picked":"SKIP","floor":5},{"not_picked":["Conserve Battery","Sweeping Beam"],"picked":"Go for the Eyes","floor":7},{"not_picked":["Go for the Eyes","Coolheaded"],"picked":"Cold Snap","floor":13},{"not_picked":["Turbo","Scrape","Static Discharge"],"picked":"SKIP","floor":14}],"player_experience":651533,"relics_obtained":[{"floor":9,"key":"Matryoshka"},{"floor":14,"key":"Unceasing Top"}],"event_choices":[{"damage_healed":0,"gold_gain":0,"player_choice":"Take Damage","damage_taken":17,"relics_obtained":["Golden Idol"],"max_hp_gain":0,"max_hp_loss":0,"event_name":"Golden Idol","floor":2,"gold_loss":0},{"damage_healed":0,"gold_gain":0,"player_choice":"2 cards matched","damage_taken":0,"max_hp_gain":0,"max_hp_loss":0,"event_name":"Match and Keep!","floor":3,"gold_loss":0,"cards_obtained":["Dramatic Entrance","Redo"]},{"damage_healed":0,"gold_gain":175,"player_choice":"AGREE","damage_taken":0,"max_hp_gain":0,"max_hp_loss":0,"event_name":"Liars Game","floor":8,"gold_loss":0,"cards_obtained":["Doubt"]},{"cards_removed":["Doubt"],"damage_healed":0,"gold_gain":0,"player_choice":"Removed Curses","damage_taken":0,"max_hp_gain":0,"max_hp_loss":0,"event_name":"Fountain of Cleansing","floor":11,"gold_loss":0}],"is_beta":false,"boss_relics":[],"items_purged_floors":[],"is_endless":false,"potions_floor_spawned":[7,13],"killed_by":"Slime Boss","ascension_level":14}