{"path_per_floor":["M","?","?","M","M","E","?","R","T","M","M","R","?","$","R"],"character_chosen":"IRONCLAD","items_purchased":[],"gold_per_floor":[114,114,114,128,141,173,173,173,173,185,201,201,201,201,201,201],"floor_reached":16,"campfire_rested":1,"playtime":310,"current_hp_per_floor":[80,73,73,67,67,40,33,33,33,29,39,39,65,65,80,80],"items_purged":[],"gold":201,"score":120,"play_id":"9aaa3f63-4e44-4680-9bfd-4f6e793007b9","local_time":"20180426110618","is_prod":false,"is_daily":false,"chose_seed":true,"is_ascension_mode":true,"campfire_upgraded":2,"timestamp":1524708378,"path_taken":["M","?","?","M","M","E","?","R","T","M","M","R","?","?","R","BOSS"],"build_version":"2018-04-19","seed_source_timestamp":730149979412880,"purchased_purges":0,"victory":false,"master_deck":["Strike_R","Strike_R","Strike_R","Strike_R","Defend_R","Defend_R","Defend_R","Defend_R","Bash","Corruption+1","Pummel","Whirlwind","Body Slam+1","Shockwave","Shockwave"],"max_hp_per_floor":[80,80,80,80,80,80,80,80,80,80,80,80,80,80,80,80],"relics":["Burning Blood","Meat on the Bone","Mercury Hourglass","Bag of Preparation"],"card_choices":[{"not_picked":["Inflame","Feel No Pain"],"picked":"Corruption","floor":1},{"not_picked":["Clash","Power Through"],"picked":"Pummel","floor":4},{"not_picked":["Battle Trance","Havoc"],"picked":"Whirlwind","floor":5},{"not_picked":["Warcry","Sword Boomerang"],"picked":"Body Slam","floor":6},{"not_picked":["Shrug It Off","Feel No Pain"],"picked":"Shockwave","floor":10},{"not_picked":["Disarm","Pummel"],"picked":"Shockwave","floor":11}],"player_experience":140376,"potions_floor_usage":[6],"damage_taken":[{"damage":0,"enemies":"Small Slimes","floor":1,"turns":3},{"damage":12,"enemies":"2 Louse","floor":4,"turns":3},{"damage":6,"enemies":"Cultist","floor":5,"turns":3},{"damage":45,"enemies":"Lagavulin","floor":6,"turns":7},{"damage":22,"enemies":"Exordium Thugs","floor":10,"turns":4},{"damage":8,"enemies":"Looter","floor":11,"turns":3},{"damage":0,"enemies":"Slime Boss","floor":16,"turns":1}],"event_choices":[{"event_name":"Scrap Ooze","player_choice":"success","floor":2,"damage_taken":7},{"event_name":"The Woman in Blue","player_choice":"Bought 0 Potions","floor":3,"damage_taken":0},{"event_name":"Golden Wing","player_choice":"Card Removal","floor":7,"damage_taken":0},{"event_name":"Big Fish","player_choice":"Banana","floor":13,"damage_taken":0}],"boss_relics":[],"potions_floor_spawned":[1,4],"seed_played":"2336108208662541810","killed_by":"Slime Boss","ascension_level":4,"is_trial":false}