{"gold_per_floor":[118,43,43,43,59,59,59],"floor_reached":7,"playtime":171,"items_purged":["Armaments"],"score":39,"play_id":"fab2d9ee-8eb7-4d7a-afae-5bc5840f36ec","local_time":"20190321023444","daily_mods":["Draft","Heirloom","Flight","DeadlyEvents","Elite Swarm"],"is_ascension_mode":false,"campfire_choices":[{"data":"Corruption","floor":6,"key":"SMITH"}],"neow_cost":"","seed_source_timestamp":619429815645518,"circlet_count":0,"master_deck":["Iron Wave","Seeing Red","Inflame","Ghostly Armor","Shrug It Off","Corruption+1","Thunderclap","Body Slam","True Grit","Entrench","Pommel Strike","Battle Trance","Armaments","Twin Strike","Uppercut","Ghostly Armor"],"relics":["Burning Blood","Thread and Needle","Golden Idol"],"potions_floor_usage":[],"damage_taken":[{"damage":0,"enemies":"Jaw Worm","floor":1,"turns":2},{"damage":1,"enemies":"Small Slimes","floor":5,"turns":3},{"damage":0,"enemies":"3 Sentries","floor":7,"turns":1}],"seed_played":"2120842609458669276","potions_obtained":[{"floor":5,"key":"BloodPotion"}],"is_trial":true,"path_per_floor":["M","$","?","?","M","R","E"],"character_chosen":"IRONCLAD","items_purchased":[],"campfire_rested":0,"item_purchase_floors":[],"current_hp_per_floor":[80,80,80,60,65,65,65],"gold":59,"neow_bonus":"","is_prod":false,"is_daily":false,"chose_seed":false,"campfire_upgraded":1,"win_rate":0,"timestamp":1553103284,"path_taken":["M","$","?","?","M","R","E"],"build_version":"2019-01-23","purchased_purges":1,"victory":false,"max_hp_per_floor":[80,80,80,80,80,80,80],"card_choices":[{"not_picked":["Clash","Clothesline"],"picked":"Iron Wave","floor":0},{"not_picked":["Heavy Blade","Flame Barrier"],"picked":"Seeing Red","floor":0},{"not_picked":["Metallicize","Warcry"],"picked":"Inflame","floor":0},{"not_picked":["Heavy Blade","Sword Boomerang"],"picked":"Ghostly Armor","floor":0},{"not_picked":["Clash","Corruption"],"picked":"Shrug It Off","floor":0},{"not_picked":["Perfected Strike","Reckless Charge"],"picked":"Corruption","floor":0},{"not_picked":["Perfected Strike","Searing Blow"],"picked":"Thunderclap","floor":0},{"not_picked":["Rampage","Heavy Blade"],"picked":"Body Slam","floor":0},{"not_picked":["Flex","Iron Wave"],"picked":"True Grit","floor":0},{"not_picked":["Flex","Shrug It Off"],"picked":"Entrench","floor":0},{"not_picked":["Warcry","Twin Strike"],"picked":"Armaments","floor":0},{"not_picked":["Cleave","Clash"],"picked":"Pommel Strike","floor":0},{"not_picked":["Sever Soul","Metallicize"],"picked":"Battle Trance","floor":0},{"not_picked":["Perfected Strike","Heavy Blade"],"picked":"Armaments","floor":0},{"not_picked":["Armaments","Body Slam"],"picked":"Twin Strike","floor":0},{"not_picked":["Flex","Thunderclap"],"picked":"Uppercut","floor":1},{"not_picked":["Perfected Strike","Headbutt"],"picked":"Ghostly Armor","floor":5}],"player_experience":344665,"relics_obtained":[],"event_choices":[{"damage_healed":0,"gold_gain":0,"player_choice":"Ignored","damage_taken":0,"max_hp_gain":0,"max_hp_loss":0,"event_name":"Liars Game","floor":3,"gold_loss":0},{"damage_healed":0,"gold_gain":0,"player_choice":"Take Damage","damage_taken":20,"relics_obtained":["Golden Idol"],"max_hp_gain":0,"max_hp_loss":0,"event_name":"Golden Idol","floor":4,"gold_loss":0}],"is_beta":false,"boss_relics":[],"items_purged_floors":[2],"is_endless":true,"potions_floor_spawned":[5],"killed_by":"3 Sentries","ascension_level":0}