{"gold_per_floor":[114,29,104,29,47,47,72,72,141,169,169,169,198,215,215,287,287,302,168,181,196,207,207,239,251,341,368,399,411,450,478,490,574,586,611,465,480,322,322],"floor_reached":39,"playtime":1938,"items_purged":["Strike_R","Strike_R","Strike_R"],"score":878,"play_id":"84b84de2-e787-4ef5-9769-7f3f32f0d97b","local_time":"20190426221937","is_ascension_mode":true,"campfire_choices":[{"data":"Whirlwind","floor":6.0,"key":"SMITH"},{"data":"Bash","floor":8.0,"key":"SMITH"},{"data":"Feel No Pain","floor":12.0,"key":"SMITH"},{"data":"Pommel Strike","floor":15.0,"key":"SMITH"},{"floor":23.0,"key":"REST"},{"data":"Barricade","floor":25.0,"key":"SMITH"},{"data":"Havoc","floor":29.0,"key":"SMITH"},{"floor":32.0,"key":"REST"}],"neow_cost":"NONE","seed_source_timestamp":200373497893399,"circlet_count":0,"master_deck":["AscendersBane","Strike_R","Defend_R","Defend_R","Defend_R","Defend_R","Bash+1","Whirlwind+1","Feel No Pain+1","True Grit+1","Anger","Shrug It Off","Rampage","Pommel Strike+1","Barricade+1","Burning Pact","Disarm","True Grit","Clothesline+1","Flame Barrier","Havoc+1","Shockwave","Double Tap","Dark Embrace","Shrug It Off","Inflame","Body Slam"],"special_seed":0,"relics":["Black Blood","Anchor","Smiling Mask","Kunai","Ancient Tea Set","Bottled Tornado","Philosopher\u0027s Stone","MawBank","Singing Bowl","Bag of Marbles"],"potions_floor_usage":[],"damage_taken":[{"damage":6.0,"enemies":"Cultist","floor":1.0,"turns":3.0},{"damage":0.0,"enemies":"2 Louse","floor":5.0,"turns":2.0},{"damage":10.0,"enemies":"3 Sentries","floor":7.0,"turns":5.0},{"damage":31.0,"enemies":"Gremlin Nob","floor":10.0,"turns":4.0},{"damage":15.0,"enemies":"Lagavulin","floor":13.0,"turns":7.0},{"damage":0.0,"enemies":"Small Slimes","floor":14.0,"turns":3.0},{"damage":22.0,"enemies":"Hexaghost","floor":16.0,"turns":9.0},{"damage":12.0,"enemies":"Shell Parasite","floor":18.0,"turns":5.0},{"damage":6.0,"enemies":"Chosen","floor":20.0,"turns":5.0},{"damage":2.0,"enemies":"Centurion and Healer","floor":21.0,"turns":7.0},{"damage":32.0,"enemies":"Shelled Parasite and Fungi","floor":22.0,"turns":4.0},{"damage":21.0,"enemies":"Gremlin Leader","floor":24.0,"turns":8.0},{"damage":0.0,"enemies":"Snecko","floor":27.0,"turns":6.0},{"damage":7.0,"enemies":"Snake Plant","floor":28.0,"turns":6.0},{"damage":18.0,"enemies":"Book of Stabbing","floor":30.0,"turns":8.0},{"damage":7.0,"enemies":"3 Cultists","floor":31.0,"turns":5.0},{"damage":16.0,"enemies":"Champ","floor":33.0,"turns":15.0},{"damage":52.0,"enemies":"3 Darklings","floor":35.0,"turns":8.0},{"damage":1,"enemies":"3 Shapes","floor":37,"turns":10},{"damage":52,"enemies":"Transient","floor":39,"turns":3}],"seed_played":"-1570523423939410704","potions_obtained":[{"floor":5.0,"key":"FearPotion"},{"floor":14.0,"key":"GamblersBrew"},{"floor":21.0,"key":"AttackPotion"},{"floor":22.0,"key":"LiquidBronze"},{"floor":27.0,"key":"Poison Potion"},{"floor":33.0,"key":"SpeedPotion"}],"is_trial":false,"path_per_floor":["M","$","?","?","M","R","E","R","T","E","?","R","E","M","R","B",null,"M","$","M","M","M","R","E","R","T","M","M","R","E","M","R","B",null,"M","$","M","$","M"],"character_chosen":"IRONCLAD","items_purchased":["Feel No Pain","Disarm","Dexterity Potion","Shrug It Off","Body Slam","Dexterity Potion"],"campfire_rested":2,"item_purchase_floors":[2,19,36,36,38,38],"current_hp_per_floor":[68,68,57,57,63,63,59,59,59,34,34,34,25,31,31,15,60,54,54,54,58,32,54,39,39,39,45,44,44,32,33,56,46,69,29,29,38,38,0],"gold":322,"neow_bonus":"RANDOM_COMMON_RELIC","is_prod":false,"is_daily":false,"chose_seed":false,"campfire_upgraded":6,"win_rate":0,"timestamp":1556291977,"path_taken":["M","?","?","?","?","R","E","R","T","E","?","R","E","M","R","BOSS","M","$","M","M","M","R","E","R","T","M","M","R","E","M","R","BOSS","M","?","M","$","M"],"build_version":"2019-01-23","purchased_purges":3,"victory":false,"max_hp_per_floor":[75,75,75,75,75,75,75,75,75,75,75,75,75,75,75,75,75,75,75,75,75,75,75,75,75,75,75,75,75,75,77,77,77,77,79,79,79,79,79],"card_choices":[{"not_picked":["True Grit","Perfected Strike"],"picked":"Whirlwind","floor":1.0},{"not_picked":["Iron Wave","Cleave"],"picked":"True Grit","floor":5.0},{"not_picked":["Clothesline","Sentinel"],"picked":"Anger","floor":7.0},{"not_picked":["Iron Wave","Dual Wield"],"picked":"Shrug It Off","floor":10.0},{"not_picked":["Shrug It Off","Sword Boomerang"],"picked":"Rampage","floor":13.0},{"not_picked":["Feel No Pain","Wild Strike"],"picked":"Pommel Strike","floor":14.0},{"not_picked":["Reaper","Bludgeon"],"picked":"Barricade","floor":16.0},{"not_picked":["Ghostly Armor","Sword Boomerang"],"picked":"Burning Pact","floor":18.0},{"not_picked":["Carnage","Anger"],"picked":"True Grit","floor":20.0},{"not_picked":["Searing Blow","Perfected Strike","Iron Wave"],"picked":"SKIP","floor":21.0},{"not_picked":["Heavy Blade","Intimidate"],"picked":"Clothesline+1","floor":22.0},{"not_picked":["Berserk","Shrug It Off"],"picked":"Flame Barrier","floor":24.0},{"not_picked":["Wild Strike","Twin Strike"],"picked":"Havoc","floor":27.0},{"not_picked":["Flex","Perfected Strike"],"picked":"Shockwave","floor":28.0},{"not_picked":["Cleave","Rupture"],"picked":"Double Tap","floor":30.0},{"not_picked":["Perfected Strike","Sword Boomerang","Anger"],"picked":"Singing Bowl","floor":31.0},{"not_picked":["Barricade","Berserk"],"picked":"Dark Embrace","floor":33.0},{"not_picked":["Evolve","Flex","Pummel"],"picked":"Singing Bowl","floor":35.0},{"not_picked":["Shrug It Off","Twin Strike"],"picked":"Inflame","floor":37}],"player_experience":442765,"relics_obtained":[{"floor":7.0,"key":"Smiling Mask"},{"floor":9.0,"key":"Kunai"},{"floor":10.0,"key":"Ancient Tea Set"},{"floor":13.0,"key":"Bottled Tornado"},{"floor":24.0,"key":"MawBank"},{"floor":26.0,"key":"Singing Bowl"},{"floor":30.0,"key":"Bag of Marbles"}],"event_choices":[{"damage_healed":0.0,"max_hp_gain":0.0,"max_hp_loss":0.0,"gold_gain":75.0,"event_name":"World of Goop","player_choice":"Gather Gold","floor":3.0,"gold_loss":0.0,"damage_taken":11.0},{"cards_removed":["Strike_R"],"damage_healed":0.0,"max_hp_gain":0.0,"max_hp_loss":0.0,"gold_gain":0.0,"event_name":"The Cleric","player_choice":"Card Removal","floor":4.0,"gold_loss":75.0,"damage_taken":0.0},{"damage_healed":0.0,"max_hp_gain":0.0,"max_hp_loss":0.0,"gold_gain":0.0,"event_name":"Upgrade Shrine","player_choice":"Upgraded","floor":11.0,"gold_loss":0.0,"damage_taken":0.0,"cards_upgraded":["True Grit"]}],"is_beta":false,"boss_relics":[{"not_picked":["Black Star","Orrery"],"picked":"Philosopher\u0027s Stone"},{"not_picked":["Fusion Hammer","Eternal Feather"],"picked":"Black Blood"}],"items_purged_floors":[19,36,38],"is_endless":false,"potions_floor_spawned":[5,14,21,22,27,33,37],"killed_by":"Transient","ascension_level":20}