{"gold_per_floor":[115,115,65,89,108,108,139,139,139,21,34,51,51,65,65,161,161,180,72,91,91],"floor_reached":21,"playtime":677,"items_purged":["Warcry"],"score":279,"play_id":"0f12a9e4-0ea2-4da4-81e3-17ecc76f60bb","local_time":"20180725175152","daily_mods":["Draft","Heirloom","Time Dilation","Vintage"],"is_ascension_mode":false,"campfire_choices":[{"data":"Searing Blow","floor":6,"key":"SMITH"},{"data":"Searing Blow+1","floor":8,"key":"SMITH"},{"data":"Searing Blow+2","floor":13,"key":"SMITH"},{"data":"Searing Blow+3","floor":15,"key":"SMITH"}],"neow_cost":"","seed_source_timestamp":0,"circlet_count":0,"master_deck":["Spot Weakness","Dual Wield","Warcry","Pommel Strike","Shrug It Off","Searing Blow+4","Flex","Flex","Seeing Red","Seeing Red","Headbutt","Cleave","Feed","Burning Pact","Inflame","Bloodletting","Battle Trance","Flash of Steel","Flex"],"relics":["Burning Blood","Shovel","Paper Frog","Oddly Smooth Stone","Gremlin Horn","The Courier","Letter Opener","Singing Bowl","Kunai","Bottled Lightning","Boot","Orrery","Blood Vial","Dodecahedron"],"potions_floor_usage":[21,21],"damage_taken":[{"damage":0,"enemies":"2 Louse","floor":1,"turns":2},{"damage":8,"enemies":"Small Slimes","floor":5,"turns":3},{"damage":8,"enemies":"3 Sentries","floor":7,"turns":5},{"damage":2,"enemies":"Jaw Worm","floor":11,"turns":2},{"damage":0,"enemies":"3 Louse","floor":12,"turns":2},{"damage":10,"enemies":"Looter","floor":14,"turns":2},{"damage":45,"enemies":"The Guardian","floor":16,"turns":8},{"damage":8,"enemies":"3 Byrds","floor":18,"turns":2},{"damage":10,"enemies":"Chosen","floor":20,"turns":2},{"damage":100,"enemies":"Slaver and Parasite","floor":21,"turns":5}],"seed_played":"4634588407205405418","potions_obtained":[{"floor":5,"key":"Poison Potion"},{"floor":16,"key":"SneckoOil"}],"is_trial":true,"path_per_floor":["M","?","?","T","M","R","E","R","T","$","M","M","R","M","R","B",null,"M","$","M"],"character_chosen":"IRONCLAD","items_purchased":["Burning Pact","Flash of Steel","Flex"],"campfire_rested":0,"item_purchase_floors":[10,19,19],"current_hp_per_floor":[80,73,73,73,71,71,69,69,69,69,73,82,82,78,78,41,89,87,87,85,0],"gold":91,"neow_bonus":"","is_prod":false,"is_daily":false,"chose_seed":false,"campfire_upgraded":4,"win_rate":0,"timestamp":1532508712,"path_taken":["M","?","?","?","M","R","E","R","T","?","M","M","R","M","R","BOSS","M","$","M","M"],"build_version":"2018-07-19v2","purchased_purges":1,"victory":false,"max_hp_per_floor":[80,80,80,80,80,80,80,80,80,80,80,83,83,83,83,85,89,89,89,89,89],"card_choices":[{"not_picked":["Thunderclap","Reckless Charge"],"picked":"Spot Weakness","floor":0},{"not_picked":["Body Slam","Iron Wave"],"picked":"Dual Wield","floor":0},{"not_picked":["Havoc","Sword Boomerang"],"picked":"Warcry","floor":0},{"not_picked":["Perfected Strike","Corruption"],"picked":"Pommel Strike","floor":0},{"not_picked":["Warcry","Clash"],"picked":"Shrug It Off","floor":0},{"not_picked":["Bloodletting","Entrench"],"picked":"Body Slam","floor":0},{"not_picked":["Combust","Ghostly Armor"],"picked":"Searing Blow","floor":0},{"not_picked":["Carnage","Iron Wave"],"picked":"Warcry","floor":0},{"not_picked":["True Grit","Headbutt"],"picked":"Flex","floor":0},{"not_picked":["Warcry","Searing Blow"],"picked":"Flex","floor":0},{"not_picked":["Shrug It Off","Havoc"],"picked":"Seeing Red","floor":0},{"not_picked":["Body Slam","Sword Boomerang"],"picked":"Seeing Red","floor":0},{"not_picked":["Thunderclap","Entrench"],"picked":"Havoc","floor":0},{"not_picked":["Warcry","Armaments"],"picked":"Headbutt","floor":0},{"not_picked":["Clothesline","Thunderclap"],"picked":"Cleave","floor":0},{"not_picked":["Heavy Blade","Rupture"],"picked":"Feed","floor":7},{"not_picked":["Brutality","Bludgeon","Impervious"],"picked":"Singing Bowl","floor":16},{"not_picked":["Anger","Thunderclap"],"picked":"Inflame","floor":17},{"not_picked":["Dropkick","True Grit","Carnage"],"picked":"Singing Bowl","floor":17},{"not_picked":["Evolve","Cleave"],"picked":"Bloodletting","floor":17},{"not_picked":["Headbutt","Armaments","Dropkick"],"picked":"Singing Bowl","floor":17},{"not_picked":["Twin Strike","True Grit"],"picked":"Battle Trance","floor":17}],"player_experience":234623,"relics_obtained":[{"floor":1,"key":"Paper Frog"},{"floor":4,"key":"Oddly Smooth Stone"},{"floor":5,"key":"Gremlin Horn"},{"floor":7,"key":"The Courier"},{"floor":9,"key":"Letter Opener"},{"floor":11,"key":"Singing Bowl"},{"floor":12,"key":"Kunai"},{"floor":14,"key":"Bottled Lightning"},{"floor":16,"key":"Boot"},{"floor":18,"key":"Blood Vial"},{"floor":20,"key":"Dodecahedron"}],"event_choices":[{"event_name":"Golden Wing","player_choice":"Card Removal","floor":2,"damage_taken":0},{"event_name":"The Cleric","player_choice":"Card Removal","floor":3,"damage_taken":0}],"is_beta":false,"boss_relics":[{"not_picked":["Cursed Key","Lizard Tail"],"picked":"Orrery"}],"items_purged_floors":[10],"is_endless":true,"potions_floor_spawned":[5,16],"killed_by":"Slaver and Parasite","ascension_level":0}