{"gold_per_floor":[117,136,136,61,80,80,94,123,123,123,135,155,55,69,69,69],"floor_reached":16,"playtime":1019,"items_purged":["Strike_B","Strike_B"],"score":160,"play_id":"5860e010-3485-4112-8a4f-5ca2a6afc1fe","local_time":"20190518145842","is_ascension_mode":true,"campfire_choices":[{"data":"Reboot","floor":6,"key":"SMITH"},{"floor":10,"key":"REST"},{"floor":15,"key":"REST"}],"neow_cost":"NONE","seed_source_timestamp":20633899820102,"circlet_count":0,"master_deck":["AscendersBane","Strike_B","Strike_B","Defend_B","Defend_B","Defend_B","Defend_B","Zap","Dualcast","Reboot+1","Conserve Battery"],"relics":["Cracked Core","NeowsBlessing","Odd Mushroom","Peace Pipe"],"potions_floor_usage":[16,16],"damage_taken":[{"damage":0,"enemies":"Cultist","floor":1,"turns":1},{"damage":0,"enemies":"Small Slimes","floor":2,"turns":1},{"damage":0,"enemies":"Jaw Worm","floor":5,"turns":1},{"damage":2,"enemies":"Looter","floor":7,"turns":4},{"damage":44,"enemies":"The Mushroom Lair","floor":8,"turns":7},{"damage":6,"enemies":"Exordium Wildlife","floor":11,"turns":5},{"damage":0,"enemies":"2 Fungi Beasts","floor":12,"turns":3},{"damage":1,"enemies":"Looter","floor":14,"turns":4},{"damage":80,"enemies":"The Guardian","floor":16,"turns":14}],"seed_played":"4654910185292043431","potions_obtained":[{"floor":11,"key":"Regen Potion"},{"floor":12,"key":"Dexterity Potion"},{"floor":14,"key":"Poison Potion"}],"is_trial":false,"path_per_floor":["M","M","?","$","M","R","M","?","T","R","M","M","$","M","R","B"],"character_chosen":"DEFECT","items_purchased":[],"campfire_rested":2,"item_purchase_floors":[],"current_hp_per_floor":[64,64,64,64,64,64,62,18,18,39,33,33,33,32,53,0],"gold":69,"neow_bonus":"THREE_ENEMY_KILL","is_prod":false,"is_daily":false,"chose_seed":false,"campfire_upgraded":1,"win_rate":0,"timestamp":1558216722,"path_taken":["M","?","?","?","M","R","M","?","T","R","M","M","$","M","R","BOSS"],"build_version":"2019-01-23","purchased_purges":2,"victory":false,"max_hp_per_floor":[71,71,71,71,71,71,71,71,71,71,71,71,71,71,71,71],"card_choices":[{"not_picked":["Streamline","Barrage","Sweeping Beam"],"picked":"SKIP","floor":1},{"not_picked":["Cold Snap","Recycle","Barrage"],"picked":"SKIP","floor":2},{"not_picked":["Skim","Cold Snap"],"picked":"Reboot","floor":5},{"not_picked":["FTL","White Noise","Fusion"],"picked":"SKIP","floor":7},{"not_picked":["Cold Snap","Hello World"],"picked":"Conserve Battery","floor":11},{"not_picked":["Leap","Lockon","Static Discharge"],"picked":"SKIP","floor":12},{"not_picked":["Turbo","Static Discharge","Stack"],"picked":"SKIP","floor":14}],"player_experience":625059,"relics_obtained":[{"floor":8,"key":"Odd Mushroom"},{"floor":9,"key":"Peace Pipe"}],"event_choices":[{"damage_healed":0,"gold_gain":0,"player_choice":"Ignored","damage_taken":0,"max_hp_gain":0,"max_hp_loss":0,"event_name":"Liars Game","floor":3,"gold_loss":0},{"damage_healed":0,"gold_gain":0,"player_choice":"Fought Mushrooms","damage_taken":0,"max_hp_gain":0,"max_hp_loss":0,"event_name":"Mushrooms","floor":8,"gold_loss":0}],"is_beta":false,"boss_relics":[],"items_purged_floors":[4,13],"is_endless":false,"potions_floor_spawned":[11,12,14],"killed_by":"The Guardian","ascension_level":14}