{"gold_per_floor":[119,394,411,422,20,20,51,51,120,148,148,178,197,7,7,80,80,97,107,107,120,39,65,65,77,128,128,160,172,184,200,200,273,273,293,2,2,17,29,29,58,58,58,58,81,47,47,81,81,81,81,81,2,2],"floor_reached":54,"playtime":6031,"items_purged":["Regret","Strike_B","Decay"],"score":1474,"play_id":"c73fa585-4dc3-43a5-83f3-1c230d47c92f","local_time":"20190515114528","is_ascension_mode":true,"campfire_choices":[{"data":"Defragment","floor":6.0,"key":"SMITH"},{"data":"Sunder","floor":8.0,"key":"SMITH"},{"data":"Zap","floor":11.0,"key":"SMITH"},{"data":"Buffer","floor":15.0,"key":"SMITH"},{"data":"Loop","floor":24,"key":"SMITH"},{"floor":27,"key":"REST"},{"floor":32,"key":"REST"},{"floor":40,"key":"RECALL"},{"data":"Loop","floor":42,"key":"SMITH"},{"data":"Defragment","floor":44,"key":"SMITH"},{"floor":49,"key":"REST"},{"data":"Biased Cognition","floor":52,"key":"SMITH"}],"neow_cost":"NONE","seed_source_timestamp":6422316640177,"circlet_count":0,"master_deck":["AscendersBane","Strike_B","Strike_B","Strike_B","Defend_B","Defend_B","Defend_B","Defend_B","Zap+1","Dualcast","Ball Lightning","Sunder+1","Defragment+1","Coolheaded","Stack+1","Buffer+1","Conserve Battery+1","Panacea+1","Reboot+1","Heatsinks+1","Go for the Eyes+1","Loop+1","Hologram+1","Loop+1","Compile Driver+1","Echo Form","Defragment+1","Biased Cognition+1","Stack+1","Redo+1","Stack+1","Redo+1","Fusion+1","Reinforced Body+1","Capacitor"],"special_seed":0,"relics":["Cracked Core","NeowsBlessing","Mercury Hourglass","Pen Nib","Toxic Egg 2","Bronze Scales","Mummified Hand","Nuclear Battery","Gremlin Horn","Bag of Preparation","Happy Flower","Sozu","Anchor","Regal Pillow","Boot","Centennial Puzzle"],"potions_floor_usage":[23,25,31,33],"damage_taken":[{"damage":0.0,"enemies":"2 Louse","floor":1.0,"turns":1.0},{"damage":0.0,"enemies":"Cultist","floor":3.0,"turns":1.0},{"damage":0.0,"enemies":"Small Slimes","floor":4.0,"turns":1.0},{"damage":8.0,"enemies":"3 Sentries","floor":7.0,"turns":4.0},{"damage":20.0,"enemies":"Gremlin Nob","floor":10.0,"turns":3.0},{"damage":27.0,"enemies":"Lagavulin","floor":12.0,"turns":5.0},{"damage":0.0,"enemies":"Exordium Thugs","floor":13.0,"turns":3.0},{"damage":0.0,"enemies":"Hexaghost","floor":16.0,"turns":9.0},{"damage":0.0,"enemies":"3 Byrds","floor":18.0,"turns":2.0},{"damage":0.0,"enemies":"Shell Parasite","floor":19.0,"turns":2.0},{"damage":15.0,"enemies":"Snake Plant","floor":21.0,"turns":4.0},{"damage":4,"enemies":"Slavers","floor":23,"turns":3},{"damage":9,"enemies":"Centurion and Healer","floor":25,"turns":3},{"damage":26,"enemies":"Gremlin Leader","floor":28,"turns":7},{"damage":5,"enemies":"Snecko","floor":29,"turns":4},{"damage":0,"enemies":"3 Cultists","floor":30,"turns":3},{"damage":4,"enemies":"Shelled Parasite and Fungi","floor":31,"turns":2},{"damage":4,"enemies":"Collector","floor":33,"turns":10},{"damage":39,"enemies":"3 Darklings","floor":35,"turns":5},{"damage":0,"enemies":"3 Shapes","floor":38,"turns":3},{"damage":0,"enemies":"Writhing Mass","floor":39,"turns":4},{"damage":22,"enemies":"Reptomancer","floor":41,"turns":5},{"damage":42,"enemies":"Nemesis","floor":48,"turns":7},{"damage":0,"enemies":"Donu and Deca","floor":50,"turns":9},{"damage":69,"enemies":"Shield and Spear","floor":54,"turns":6}],"seed_played":"7746890183592854520","potions_obtained":[{"floor":4.0,"key":"Block Potion"},{"floor":7.0,"key":"Regen Potion"},{"floor":13.0,"key":"SteroidPotion"},{"floor":16.0,"key":"SpeedPotion"},{"floor":18.0,"key":"Block Potion"},{"floor":28,"key":"Block Potion"},{"floor":29,"key":"Fire Potion"},{"floor":31,"key":"Poison Potion"}],"is_trial":false,"path_per_floor":["M","?","M","M","$","R","E","R","T","E","R","E","M","$","R","B",null,"M","M","?","M","$","E","R","M","T","R","E","M","M","M","R","B",null,"M","$","?","M","M","R","E","R","T","R","T","$","?","E","R","B",null,"R","$","E"],"character_chosen":"DEFECT","items_purchased":["Defragment","Mercury Hourglass","Panacea+1","Loop","Anchor","Stack+1","Fusion+1","Capacitor"],"campfire_rested":3,"item_purchase_floors":[5,5,14,22,36,36,46,53],"current_hp_per_floor":[64,64,64,64,64,64,56,56,56,36,36,23,23,23,23,23,59,59,59,59,44,44,40,40,31,31,52,26,21,21,17,38,34,62,23,23,71,71,71,71,49,49,49,49,49,49,49,7,42,42,61,61,61,0],"gold":2,"neow_bonus":"THREE_ENEMY_KILL","is_prod":false,"is_daily":false,"chose_seed":false,"campfire_upgraded":8,"win_rate":0,"timestamp":1557935128,"path_taken":["M","?","?","?","$","R","E","R","T","E","R","E","M","?","R","BOSS","M","M","?","M","$","E","R","?","T","R","E","M","?","M","R","BOSS","M","$","?","M","?","R","E","R","T","R","?","$","?","E","R","BOSS","R","$","E"],"build_version":"2019-01-23","purchased_purges":3,"victory":false,"max_hp_per_floor":[71,71,71,71,71,71,71,71,71,71,71,71,71,71,71,71,71,71,71,71,71,71,71,71,71,71,71,71,71,71,71,71,71,71,71,71,71,71,71,71,71,71,71,71,71,71,67,67,67,67,67,67,67,67],"card_choices":[{"not_picked":["Steam","Streamline"],"picked":"Ball Lightning","floor":1.0},{"not_picked":["Steam Power","Steam","Reprogram"],"picked":"SKIP","floor":3.0},{"not_picked":["Gash","Steam"],"picked":"Sunder","floor":4.0},{"not_picked":["BootSequence","Self Repair"],"picked":"Coolheaded","floor":7.0},{"not_picked":["Barrage","Redo+1"],"picked":"Stack+1","floor":10.0},{"not_picked":["Recycle+1","Sweeping Beam"],"picked":"Buffer","floor":12.0},{"not_picked":["Redo+1","Leap+1"],"picked":"Conserve Battery+1","floor":13.0},{"not_picked":["Thunder Strike","All For One"],"picked":"Reboot+1","floor":16.0},{"not_picked":["Go for the Eyes","Redo+1"],"picked":"Heatsinks+1","floor":18.0},{"not_picked":["Static Discharge","Stack+1"],"picked":"Go for the Eyes+1","floor":19.0},{"not_picked":["Sweeping Beam+1","Go for the Eyes+1","Tempest+1"],"picked":"SKIP","floor":21.0},{"not_picked":["Cold Snap","Conserve Battery+1"],"picked":"Hologram+1","floor":23},{"not_picked":["Conserve Battery+1","Sweeping Beam"],"picked":"Loop","floor":25},{"not_picked":["Blizzard","Lockon"],"picked":"Compile Driver+1","floor":28},{"not_picked":["Heatsinks","Coolheaded+1"],"picked":"Echo Form","floor":29},{"not_picked":["Steam Power+1","Conserve Battery+1"],"picked":"Chaos+1","floor":30},{"not_picked":["Aggregate+1","Static Discharge"],"picked":"Defragment","floor":31},{"not_picked":["Electrodynamics","Seek+1"],"picked":"Biased Cognition","floor":33},{"not_picked":["Gash","Reprogram+1","Darkness+1"],"picked":"SKIP","floor":35},{"not_picked":["Barrage","Sweeping Beam"],"picked":"Redo+1","floor":38},{"not_picked":["FTL","Coolheaded+1"],"picked":"Stack+1","floor":39},{"not_picked":["Coolheaded+1","Hologram+1"],"picked":"Redo+1","floor":41},{"not_picked":["Hello World","Multi-Cast+1"],"picked":"Reinforced Body+1","floor":48}],"player_experience":2161633,"relics_obtained":[{"floor":7.0,"key":"Pen Nib"},{"floor":9.0,"key":"Toxic Egg 2"},{"floor":10.0,"key":"Bronze Scales"},{"floor":12.0,"key":"Mummified Hand"},{"floor":23,"key":"Gremlin Horn"},{"floor":26,"key":"Bag of Preparation"},{"floor":28,"key":"Happy Flower"},{"floor":41,"key":"Regal Pillow"},{"floor":45,"key":"Boot"},{"floor":48,"key":"Centennial Puzzle"}],"event_choices":[{"damage_healed":0.0,"max_hp_gain":0.0,"max_hp_loss":0.0,"gold_gain":275.0,"event_name":"Golden Shrine","player_choice":"Desecrate","floor":2.0,"gold_loss":0.0,"damage_taken":0.0,"cards_obtained":["Regret"]},{"damage_healed":0.0,"max_hp_gain":0.0,"max_hp_loss":0.0,"gold_gain":0.0,"event_name":"Wheel of Change","player_choice":"Cursed","floor":20.0,"gold_loss":0.0,"damage_taken":0.0,"cards_obtained":["Decay"]},{"cards_removed":["Chaos"],"damage_healed":48,"gold_gain":0,"player_choice":"Offered Uncommon","damage_taken":0,"max_hp_gain":0,"max_hp_loss":0,"event_name":"Bonfire Elementals","floor":37,"gold_loss":0},{"damage_healed":0,"gold_gain":0,"player_choice":"Max HP","damage_taken":0,"max_hp_gain":0,"max_hp_loss":4,"event_name":"Winding Halls","floor":47,"gold_loss":0}],"is_beta":false,"boss_relics":[{"not_picked":["Philosopher\u0027s Stone","Calling Bell"],"picked":"Nuclear Battery"},{"not_picked":["Fusion Hammer","Cursed Key"],"picked":"Sozu"}],"items_purged_floors":[5,14,36],"is_endless":false,"potions_floor_spawned":[4,7,13,16,18,28,29,31,35,38,39],"killed_by":"Shield and Spear","ascension_level":15}