{"gold_per_floor":[113,113,188,111,130,156,156,199,199,229,241,269,296,344,356,489,501,528,740,776,803,815],"floor_reached":22,"playtime":1078,"items_purged":[],"score":300,"play_id":"55f60208-ec5b-4e2a-81fd-4545dc563efd","local_time":"20190531195919","is_ascension_mode":true,"campfire_choices":[{"floor":15.0,"key":"REST"}],"neow_cost":"NONE","seed_source_timestamp":213768547431400,"circlet_count":0,"master_deck":["Strike_R","Strike_R","Strike_R","Strike_R","Strike_R","Defend_R","Defend_R","Defend_R","Defend_R","Bash","Twin Strike","Inflame","Shrug It Off","Flex","Injury","Battle Trance","Spot Weakness","Anger","Heavy Blade","Seeing Red","Limit Break","Doubt","Injury","Regret","Pommel Strike+1"],"special_seed":0,"relics":["Burning Blood","NeowsBlessing","Blue Candle","Golden Idol","Letter Opener","MawBank","Champion Belt","Calling Bell","Dream Catcher","Singing Bowl","Incense Burner"],"potions_floor_usage":[],"damage_taken":[{"damage":0.0,"enemies":"Small Slimes","floor":1.0,"turns":1.0},{"damage":0.0,"enemies":"Jaw Worm","floor":5.0,"turns":1.0},{"damage":0.0,"enemies":"Lagavulin","floor":6.0,"turns":1.0},{"damage":23.0,"enemies":"Gremlin Nob","floor":8.0,"turns":3.0},{"damage":10.0,"enemies":"Cultist","floor":10.0,"turns":4.0},{"damage":22.0,"enemies":"Gremlin Gang","floor":12.0,"turns":5.0},{"damage":11.0,"enemies":"Blue Slaver","floor":13.0,"turns":4.0},{"damage":14.0,"enemies":"Lagavulin","floor":14.0,"turns":5.0},{"damage":27.0,"enemies":"Hexaghost","floor":16.0,"turns":9.0},{"damage":18.0,"enemies":"Chosen","floor":18.0,"turns":7.0},{"damage":30.0,"enemies":"Spheric Guardian","floor":20.0,"turns":6.0},{"damage":26.0,"enemies":"Centurion and Healer","floor":21.0,"turns":7.0},{"damage":19,"enemies":"Snake Plant","floor":22,"turns":2}],"seed_played":"-107455670521020570","potions_obtained":[{"floor":1.0,"key":"SkillPotion"},{"floor":8.0,"key":"EssenceOfSteel"},{"floor":14.0,"key":"Weak Potion"},{"floor":16.0,"key":"FearPotion"},{"floor":21.0,"key":"Explosive Potion"}],"is_trial":false,"path_per_floor":["M","$","?","$","M","E","?","E","T","M","$","M","M","E","R","B",null,"M","?","M","M","M"],"character_chosen":"IRONCLAD","items_purchased":["Inflame"],"campfire_rested":1,"item_purchase_floors":[4],"current_hp_per_floor":[78,78,67,67,73,79,79,62,62,58,58,42,37,29,53,32,68,58,58,34,16,0],"gold":815,"neow_bonus":"THREE_ENEMY_KILL","is_prod":false,"is_daily":false,"chose_seed":false,"campfire_upgraded":0,"win_rate":0,"timestamp":1559357959,"path_taken":["M","$","?","?","M","E","?","E","T","M","$","M","M","E","R","BOSS","M","?","?","M","M"],"build_version":"2019-01-23","purchased_purges":0,"victory":false,"max_hp_per_floor":[80,80,80,80,80,80,80,80,80,80,80,80,80,80,80,80,80,82,82,82,84,84],"card_choices":[{"not_picked":["Corruption","Ghostly Armor"],"picked":"Twin Strike","floor":1.0},{"not_picked":["Perfected Strike","Iron Wave"],"picked":"Shrug It Off","floor":5.0},{"not_picked":["Headbutt","Clash"],"picked":"Flex","floor":6.0},{"not_picked":["Combust","Thunderclap"],"picked":"Battle Trance","floor":8.0},{"not_picked":["Shrug It Off","Flex"],"picked":"Spot Weakness","floor":10.0},{"not_picked":["Flex","Feel No Pain"],"picked":"Anger","floor":12.0},{"not_picked":["Headbutt","Havoc"],"picked":"Heavy Blade","floor":13.0},{"not_picked":["Barricade","Feel No Pain"],"picked":"Seeing Red","floor":14.0},{"not_picked":["Fiend Fire","Reaper"],"picked":"Limit Break","floor":16.0},{"not_picked":["Twin Strike","Sentinel+1","Evolve+1"],"picked":"Singing Bowl","floor":18.0},{"not_picked":["Havoc","Warcry"],"picked":"Pommel Strike+1","floor":20.0},{"not_picked":["Whirlwind","Flex+1","Twin Strike"],"picked":"Singing Bowl","floor":21.0}],"player_experience":189114,"relics_obtained":[{"floor":6.0,"key":"Blue Candle"},{"floor":8.0,"key":"Letter Opener"},{"floor":9.0,"key":"MawBank"},{"floor":14.0,"key":"Champion Belt"},{"floor":17.0,"key":"Dream Catcher"},{"floor":17.0,"key":"Singing Bowl"},{"floor":17.0,"key":"Incense Burner"}],"event_choices":[{"damage_healed":0.0,"max_hp_gain":0.0,"max_hp_loss":0.0,"gold_gain":75.0,"event_name":"World of Goop","player_choice":"Gather Gold","floor":3.0,"gold_loss":0.0,"damage_taken":11.0},{"damage_healed":0.0,"max_hp_gain":0.0,"max_hp_loss":0.0,"gold_gain":0.0,"event_name":"Golden Idol","player_choice":"Take Wound","floor":7.0,"gold_loss":0.0,"damage_taken":0.0,"relics_obtained":["Golden Idol"],"cards_obtained":["Injury"]},{"damage_healed":0.0,"max_hp_gain":0.0,"max_hp_loss":0.0,"gold_gain":250.0,"event_name":"The Joust","player_choice":"Bet on Owner","floor":19.0,"gold_loss":50.0,"damage_taken":0.0}],"is_beta":false,"boss_relics":[{"not_picked":["Empty Cage","Runic Pyramid"],"picked":"Calling Bell"}],"items_purged_floors":[],"is_endless":false,"potions_floor_spawned":[1,8,14,16,21],"killed_by":"Snake Plant","ascension_level":6}