{"gold_per_floor":[117,217,233,233,233,264,284,284,284,234,14,33,52,52,52,129,129,149,49,59,71,71,71,86,16,16,30,30,48,48,48,48,125,125,141,156,156,156,156],"floor_reached":39,"playtime":2405,"items_purged":["Strike_B","Strike_B"],"score":715,"play_id":"a8c4328b-27cd-4fd6-8b41-b31497cbc79d","local_time":"20190518155558","is_ascension_mode":true,"campfire_choices":[{"data":"Hyperbeam","floor":8,"key":"SMITH"},{"data":"Chill","floor":15,"key":"SMITH"},{"floor":23,"key":"REST"},{"floor":32,"key":"REST"}],"neow_cost":"NONE","seed_source_timestamp":22683639059495,"circlet_count":0,"master_deck":["AscendersBane","Defend_B","Defend_B","Defend_B","Zap","Dualcast","Hyperbeam+1","Glacier","Chill+1","Echo Form","Go for the Eyes","Electrodynamics","Glacier","Blizzard","Chaos","Ghostly","Ghostly","Ghostly","Ghostly","Ghostly","Electrodynamics"],"relics":["Cracked Core","NeowsBlessing","Sundial","Darkstone Periapt","Regal Pillow","Mercury Hourglass","Velvet Choker","Bottled Tornado","Lizard Tail"],"potions_floor_usage":[16,24,36,39,39],"damage_taken":[{"damage":0,"enemies":"Cultist","floor":1,"turns":1},{"damage":0,"enemies":"Jaw Worm","floor":3,"turns":1},{"damage":0,"enemies":"Lagavulin","floor":6,"turns":1},{"damage":0,"enemies":"Small Slimes","floor":7,"turns":1},{"damage":0,"enemies":"Looter","floor":12,"turns":4},{"damage":0,"enemies":"2 Fungi Beasts","floor":13,"turns":3},{"damage":57,"enemies":"The Guardian","floor":16,"turns":15},{"damage":20,"enemies":"Shell Parasite","floor":18,"turns":4},{"damage":19,"enemies":"Spheric Guardian","floor":20,"turns":4},{"damage":6,"enemies":"Snecko","floor":21,"turns":4},{"damage":5,"enemies":"Centurion and Healer","floor":24,"turns":3},{"damage":17,"enemies":"Snake Plant","floor":27,"turns":3},{"damage":2,"enemies":"Cultist and Chosen","floor":29,"turns":6},{"damage":29,"enemies":"Collector","floor":33,"turns":11},{"damage":12,"enemies":"3 Shapes","floor":35,"turns":2},{"damage":0,"enemies":"Orb Walker","floor":36,"turns":4},{"damage":67,"enemies":"Time Eater","floor":39,"turns":16}],"seed_played":"4171345659582064878","potions_obtained":[{"floor":3,"key":"SteroidPotion"},{"floor":12,"key":"GamblersBrew"},{"floor":13,"key":"Regen Potion"},{"floor":18,"key":"Weak Potion"},{"floor":20,"key":"SkillPotion"},{"floor":33,"key":"Weak Potion"},{"floor":36,"key":"Strength Potion"}],"is_trial":false,"path_per_floor":["M","?","M","?","?","E","M","R","T","?","$","M","M","?","R","B",null,"M","$","M","M","?","R","M","$","T","M","?","M","?","?","R","B",null,"M","M","?","?","B"],"character_chosen":"DEFECT","items_purchased":["Regal Pillow","Chaos"],"campfire_rested":2,"item_purchase_floors":[11,25],"current_hp_per_floor":[64,64,64,64,64,64,64,64,64,64,64,64,64,64,64,22,59,39,39,20,14,14,50,45,45,45,28,28,26,22,22,40,11,33,21,21,21,21,0],"gold":156,"neow_bonus":"THREE_ENEMY_KILL","is_prod":false,"is_daily":false,"chose_seed":false,"campfire_upgraded":2,"win_rate":0,"timestamp":1558220158,"path_taken":["M","?","?","?","?","E","M","R","T","?","$","M","M","?","R","BOSS","M","$","?","M","?","R","M","$","T","M","?","M","?","?","R","BOSS","M","M","?","?","BOSS"],"build_version":"2019-01-23","purchased_purges":2,"victory":false,"max_hp_per_floor":[71,71,71,71,71,71,71,71,71,71,71,71,71,71,71,71,71,71,71,71,71,71,71,71,71,71,71,35,35,40,40,40,40,40,40,40,40,40,40],"card_choices":[{"not_picked":["Compile Driver","Coolheaded","Steam"],"picked":"SKIP","floor":1},{"not_picked":["Tempest","Beam Cell","Turbo"],"picked":"SKIP","floor":3},{"not_picked":["Ball Lightning","Sweeping Beam"],"picked":"Hyperbeam","floor":6},{"not_picked":["Double Energy","Undo"],"picked":"Glacier","floor":7},{"not_picked":["Lockon","Turbo"],"picked":"Chill","floor":12},{"not_picked":["Rebound","Compile Driver","Leap"],"picked":"SKIP","floor":13},{"not_picked":["Electrodynamics","Creative AI"],"picked":"Echo Form","floor":16},{"not_picked":["Leap","Streamline"],"picked":"Go for the Eyes","floor":18},{"not_picked":["Cold Snap","Go for the Eyes","Genetic Algorithm"],"picked":"SKIP","floor":20},{"not_picked":["Leap","Capacitor+1","Static Discharge"],"picked":"SKIP","floor":21},{"not_picked":["Conserve Battery","Steam+1"],"picked":"Blizzard","floor":24},{"not_picked":["Sweeping Beam+1","Loop","Leap"],"picked":"SKIP","floor":27},{"not_picked":["Compile Driver","Loop","Rebound"],"picked":"SKIP","floor":29},{"not_picked":["Thunder Strike","Biased Cognition"],"picked":"Electrodynamics","floor":33},{"not_picked":["Stack","Compile Driver","Ball Lightning"],"picked":"SKIP","floor":35},{"not_picked":["Stack+1","Capacitor","Steam"],"picked":"SKIP","floor":36}],"player_experience":627081,"relics_obtained":[{"floor":6,"key":"Sundial"},{"floor":9,"key":"Darkstone Periapt"},{"floor":26,"key":"Bottled Tornado"}],"event_choices":[{"damage_healed":0,"gold_gain":100,"player_choice":"Pray","damage_taken":0,"max_hp_gain":0,"max_hp_loss":0,"event_name":"Golden Shrine","floor":2,"gold_loss":0},{"damage_healed":0,"gold_gain":0,"player_choice":"Ignored","damage_taken":0,"max_hp_gain":0,"max_hp_loss":0,"event_name":"Liars Game","floor":4,"gold_loss":0},{"damage_healed":0,"gold_gain":0,"player_choice":"Ignored","damage_taken":0,"max_hp_gain":0,"max_hp_loss":0,"event_name":"Shining Light","floor":5,"gold_loss":0},{"cards_removed":["Strike_B"],"damage_healed":0,"gold_gain":0,"player_choice":"Card Removal","damage_taken":0,"max_hp_gain":0,"max_hp_loss":0,"event_name":"The Cleric","floor":10,"gold_loss":50},{"damage_healed":0,"gold_gain":0,"player_choice":"Gave Potion","damage_taken":0,"relics_obtained":["Mercury Hourglass"],"max_hp_gain":0,"max_hp_loss":0,"event_name":"WeMeetAgain","floor":14,"gold_loss":0},{"damage_healed":0,"gold_gain":0,"cards_transformed":["Strike_B","Defend_B"],"player_choice":"Became Test Subject","damage_taken":0,"max_hp_gain":0,"max_hp_loss":0,"event_name":"Drug Dealer","floor":22,"gold_loss":0,"cards_obtained":["Electrodynamics","Glacier"]},{"damage_healed":0,"gold_gain":0,"player_choice":"Became a Ghost","damage_taken":0,"max_hp_gain":0,"max_hp_loss":36,"event_name":"Ghosts","floor":28,"gold_loss":0,"cards_obtained":["Ghostly","Ghostly","Ghostly","Ghostly","Ghostly"]},{"damage_healed":0,"gold_gain":0,"player_choice":"Shed Blood","damage_taken":9,"max_hp_gain":5,"max_hp_loss":0,"event_name":"Forgotten Altar","floor":30,"gold_loss":0},{"damage_healed":0,"gold_gain":0,"player_choice":"Ignored","damage_taken":0,"max_hp_gain":0,"max_hp_loss":0,"event_name":"The Mausoleum","floor":31,"gold_loss":0},{"damage_healed":0,"gold_gain":0,"player_choice":"Ignored","damage_taken":0,"max_hp_gain":0,"max_hp_loss":0,"event_name":"Tomb of Lord Red Mask","floor":37,"gold_loss":0},{"damage_healed":0,"gold_gain":0,"player_choice":"Took Portal","damage_taken":0,"max_hp_gain":0,"max_hp_loss":0,"event_name":"SecretPortal","floor":38,"gold_loss":0}],"is_beta":false,"boss_relics":[{"not_picked":["Black Star","Philosopher\u0027s Stone"],"picked":"Velvet Choker"},{"not_picked":["Busted Crown","Inserter"],"picked":"Lizard Tail"}],"items_purged_floors":[11,19],"is_endless":false,"potions_floor_spawned":[3,12,13,18,20,21,33,36],"killed_by":"Time Eater","ascension_level":14}