{"gold_per_floor":[110,129,54,65,140,140,169,169,169,169,169,182,33,56,56,181,181,201,226,249,6,26,26,26,26,53,67,67,90,109,122,122,122],"floor_reached":33,"playtime":2299,"items_purged":["Defend_B","Defend_B"],"score":251,"play_id":"c6b2e6a5-45ca-427c-9c00-c02cb215ceb5","local_time":"20190422175713","is_ascension_mode":false,"campfire_choices":[{"floor":6,"key":"REST"},{"floor":8,"key":"REST"},{"floor":15,"key":"REST"},{"floor":23,"key":"REST"},{"data":"White Noise","floor":25,"key":"SMITH"},{"floor":32,"key":"REST"}],"neow_cost":"PERCENT_DAMAGE","seed_source_timestamp":954702744828701,"circlet_count":0,"master_deck":["Strike_B","Strike_B+1","Strike_B+1","Zap","Dualcast","Ball Lightning","BootSequence","Redo","Barrage","Defend_B","White Noise+1","Redo","Seek","Beam Cell+1","Compile Driver+1","Go for the Eyes+1","Skim+1","Double Energy","Redo+1","Sunder+1","Scrape"],"relics":["Cracked Core","Unceasing Top","Pantograph","Whetstone","Golden Idol","Regal Pillow","Sozu","Centennial Puzzle","Omamori"],"potions_floor_usage":[16,33],"damage_taken":[{"damage":1,"enemies":"Cultist","floor":1,"turns":3},{"damage":6,"enemies":"2 Louse","floor":2,"turns":2},{"damage":0,"enemies":"Small Slimes","floor":4,"turns":2},{"damage":14,"enemies":"Gremlin Nob","floor":7,"turns":4},{"damage":11,"enemies":"Gremlin Gang","floor":12,"turns":4},{"damage":0,"enemies":"3 Louse","floor":14,"turns":2},{"damage":58,"enemies":"Hexaghost","floor":16,"turns":6},{"damage":12,"enemies":"Shell Parasite","floor":18,"turns":4},{"damage":0,"enemies":"Chosen","floor":19,"turns":3},{"damage":37,"enemies":"Shelled Parasite and Fungi","floor":20,"turns":4},{"damage":11,"enemies":"Snecko","floor":22,"turns":3},{"damage":5,"enemies":"Sentry and Sphere","floor":27,"turns":3},{"damage":21,"enemies":"Snake Plant","floor":29,"turns":3},{"damage":9,"enemies":"Centurion and Healer","floor":30,"turns":3},{"damage":12,"enemies":"3 Cultists","floor":31,"turns":3},{"damage":102,"enemies":"Automaton","floor":33,"turns":8}],"seed_played":"4918227122473551581","potions_obtained":[{"floor":2,"key":"FairyPotion"},{"floor":7,"key":"SkillPotion"},{"floor":16,"key":"Fire Potion"}],"is_trial":false,"path_per_floor":["M","M","$","M","?","R","E","R","T","?","?","M","$","M","R","B",null,"M","M","M","$","M","R","?","R","T","M","?","M","M","M","R","B"],"character_chosen":"DEFECT","items_purchased":["Regal Pillow","Centennial Puzzle"],"campfire_rested":5,"item_purchase_floors":[13,21],"current_hp_per_floor":[53,47,47,47,36,58,44,66,66,48,48,37,37,37,74,17,75,63,63,26,26,15,52,52,52,52,47,47,26,17,5,42,0],"gold":122,"neow_bonus":"ONE_RARE_RELIC","is_prod":false,"is_daily":false,"chose_seed":false,"campfire_upgraded":1,"win_rate":0.0,"timestamp":1555981033,"path_taken":["M","M","$","M","?","R","E","R","T","?","?","M","$","M","R","BOSS","M","M","?","$","M","R","?","R","T","M","?","M","M","M","R","BOSS"],"build_version":"2019-01-23","purchased_purges":2,"victory":false,"max_hp_per_floor":[75,75,75,75,75,75,75,75,75,75,75,75,75,75,75,75,75,75,75,75,75,75,75,75,75,75,75,75,75,75,75,75,75],"card_choices":[{"not_picked":["Steam","Coolheaded"],"picked":"Ball Lightning","floor":1},{"not_picked":["Stack","Loop"],"picked":"BootSequence","floor":2},{"not_picked":["Barrage","Turbo"],"picked":"Redo","floor":4},{"not_picked":["Gash","Amplify"],"picked":"Barrage","floor":7},{"not_picked":["Hologram","Conserve Battery"],"picked":"White Noise","floor":12},{"not_picked":["Steam","Reinforced Body"],"picked":"Redo","floor":14},{"not_picked":["Meteor Strike","Amplify"],"picked":"Seek","floor":16},{"not_picked":["Steam+1","Stack"],"picked":"Beam Cell+1","floor":18},{"not_picked":["Doom and Gloom","Capacitor"],"picked":"Compile Driver+1","floor":19},{"not_picked":["Rip and Tear","Hologram+1"],"picked":"Go for the Eyes+1","floor":20},{"not_picked":["Darkness","Glacier","Gash"],"picked":"SKIP","floor":22},{"not_picked":["Rebound","Chill"],"picked":"Skim+1","floor":27},{"not_picked":["Scrape+1","Ball Lightning"],"picked":"Redo+1","floor":29},{"not_picked":["Auto Shields","Loop"],"picked":"Sunder+1","floor":30},{"not_picked":["Blizzard+1","Ball Lightning"],"picked":"Scrape","floor":31}],"player_experience":55780,"relics_obtained":[{"floor":7,"key":"Pantograph"},{"floor":9,"key":"Whetstone"},{"floor":26,"key":"Omamori"}],"event_choices":[{"damage_healed":0,"gold_gain":75,"player_choice":"Gather Gold","damage_taken":11,"max_hp_gain":0,"max_hp_loss":0,"event_name":"World of Goop","floor":5,"gold_loss":0},{"damage_healed":0,"gold_gain":0,"player_choice":"Take Damage","damage_taken":18,"relics_obtained":["Golden Idol"],"max_hp_gain":0,"max_hp_loss":0,"event_name":"Golden Idol","floor":10,"gold_loss":0},{"cards_removed":["Defend_B"],"damage_healed":0,"gold_gain":0,"player_choice":"Took Card","damage_taken":0,"max_hp_gain":0,"max_hp_loss":0,"event_name":"NoteForYourself","floor":11,"gold_loss":0,"cards_obtained":["Defend_B"]},{"cards_removed":["Defend_B"],"damage_healed":0,"gold_gain":0,"player_choice":"Elegance","damage_taken":0,"max_hp_gain":0,"max_hp_loss":0,"event_name":"Back to Basics","floor":24,"gold_loss":0},{"damage_healed":0,"gold_gain":0,"cards_transformed":["Strike_B"],"player_choice":"Transformed","damage_taken":0,"max_hp_gain":0,"max_hp_loss":0,"event_name":"Transmorgrifier","floor":28,"gold_loss":0,"cards_obtained":["Double Energy"]}],"is_beta":false,"boss_relics":[{"not_picked":["Coffee Dripper","Ectoplasm"],"picked":"Sozu"}],"items_purged_floors":[3,21],"is_endless":false,"potions_floor_spawned":[2,7,16,19,22,29,31],"killed_by":"Automaton","ascension_level":0}