{"gold_per_floor":[109,121,141,66,66,66,66,85,85,98,98,98,111,136,136,255,285,306,306,306,90,90,90,103,103,103,115,125,125],"floor_reached":29,"playtime":1368,"items_purged":["Strike_B","Normality"],"score":336,"play_id":"2e6d9140-4a11-4ff0-981b-af2ddaba35e1","local_time":"20190511111922","is_ascension_mode":true,"campfire_choices":[{"floor":6,"key":"REST"},{"floor":12,"key":"REST"},{"data":"Machine Learning","floor":15,"key":"SMITH"},{"floor":23,"key":"REST"},{"floor":25,"key":"REST"}],"neow_cost":"NONE","seed_source_timestamp":486383637475716,"circlet_count":0,"master_deck":["AscendersBane","Strike_B","Strike_B","Strike_B","Defend_B","Defend_B","Defend_B","Defend_B","Zap","Dualcast","Gash","Conserve Battery","Machine Learning+1","Sweeping Beam","BootSequence","All For One","Writhe","Decay","Go for the Eyes","Scrape","Beam Cell","Hologram+1"],"relics":["Cracked Core","NeowsBlessing","Bloody Idol","Question Card","Cables","Calling Bell","Tiny Chest","Singing Bowl","Unceasing Top","Mercury Hourglass","Lantern"],"potions_floor_usage":[10,16,16,24],"damage_taken":[{"damage":0,"enemies":"Cultist","floor":1,"turns":1},{"damage":0,"enemies":"Jaw Worm","floor":2,"turns":1},{"damage":0,"enemies":"Small Slimes","floor":3,"turns":1},{"damage":1,"enemies":"Blue Slaver","floor":8,"turns":3},{"damage":15,"enemies":"Exordium Wildlife","floor":10,"turns":5},{"damage":9,"enemies":"Exordium Thugs","floor":13,"turns":6},{"damage":2,"enemies":"Looter","floor":14,"turns":3},{"damage":39,"enemies":"The Guardian","floor":16,"turns":12},{"damage":43,"enemies":"Spheric Guardian","floor":18,"turns":6},{"damage":25,"enemies":"Chosen","floor":24,"turns":5},{"damage":26,"enemies":"Snake Plant","floor":27,"turns":5},{"damage":26,"enemies":"Centurion and Healer","floor":28,"turns":7},{"damage":37,"enemies":"Snecko","floor":29,"turns":4}],"seed_played":"3222562412401632175","potions_obtained":[{"floor":8,"key":"LiquidBronze"},{"floor":10,"key":"PowerPotion"},{"floor":13,"key":"LiquidBronze"},{"floor":16,"key":"SkillPotion"},{"floor":24,"key":"FairyPotion"}],"is_trial":false,"path_per_floor":["M","M","M","$","?","R","$","M","T","M","T","R","M","M","R","B",null,"M","T","?","$","?","R","M","R","T","M","M","M"],"character_chosen":"DEFECT","items_purchased":["Go for the Eyes","Scrape"],"campfire_rested":4,"item_purchase_floors":[21,21],"current_hp_per_floor":[68,68,68,68,50,72,72,71,71,56,56,75,66,64,64,25,63,22,22,22,22,22,45,25,48,48,27,8,0],"gold":125,"neow_bonus":"THREE_ENEMY_KILL","is_prod":false,"is_daily":false,"chose_seed":false,"campfire_upgraded":1,"win_rate":0,"timestamp":1557598762,"path_taken":["M","M","?","$","?","R","$","M","T","M","?","R","M","?","R","BOSS","M","?","?","$","?","R","M","R","T","?","M","M"],"build_version":"2019-01-23","purchased_purges":2,"victory":false,"max_hp_per_floor":[75,75,75,75,75,75,75,75,75,75,75,75,75,75,75,75,75,77,77,77,77,77,77,77,77,77,77,79,79],"card_choices":[{"not_picked":["Sweeping Beam","Beam Cell"],"picked":"Gash","floor":1},{"not_picked":["Redo","Compile Driver"],"picked":"Conserve Battery","floor":2},{"not_picked":["Melter","Turbo"],"picked":"Machine Learning","floor":3},{"not_picked":["Skim","Rebound"],"picked":"Sweeping Beam","floor":8},{"not_picked":["Steam","Rebound","Leap"],"picked":"BootSequence","floor":10},{"not_picked":["Ball Lightning","Steam","Redo","Double Energy"],"picked":"SKIP","floor":13},{"not_picked":["Ball Lightning","Steam","Redo","Double Energy"],"picked":"SKIP","floor":13},{"not_picked":["Sweeping Beam","Rip and Tear","Biased Cognition","Barrage"],"picked":"SKIP","floor":14},{"not_picked":["Sweeping Beam","Rip and Tear","Biased Cognition","Barrage"],"picked":"SKIP","floor":14},{"not_picked":["Machine Learning","Rainbow","Multi-Cast"],"picked":"All For One","floor":16},{"not_picked":["Tempest","Leap","Rebound","Compile Driver"],"picked":"Singing Bowl","floor":18},{"not_picked":["Redo","Static Discharge","Rebound"],"picked":"Beam Cell","floor":24},{"not_picked":["Recycle","Coolheaded","Streamline"],"picked":"Hologram+1","floor":27},{"not_picked":["Glacier","Redo","Streamline","Heatsinks"],"picked":"Singing Bowl","floor":28}],"player_experience":454302,"relics_obtained":[{"floor":9,"key":"Question Card"},{"floor":11,"key":"Cables"},{"floor":17,"key":"Tiny Chest"},{"floor":17,"key":"Singing Bowl"},{"floor":17,"key":"Unceasing Top"},{"floor":19,"key":"Mercury Hourglass"},{"floor":26,"key":"Lantern"}],"event_choices":[{"damage_healed":0,"gold_gain":0,"player_choice":"Take Damage","damage_taken":18,"relics_obtained":["Golden Idol"],"max_hp_gain":0,"max_hp_loss":0,"event_name":"Golden Idol","floor":5,"gold_loss":0},{"damage_healed":0,"gold_gain":0,"player_choice":"Gave Idol","damage_taken":0,"relics_obtained":["Bloody Idol"],"max_hp_gain":0,"max_hp_loss":0,"event_name":"Forgotten Altar","floor":20,"relics_lost":["Golden Idol"],"gold_loss":0},{"damage_healed":0,"gold_gain":0,"player_choice":"Ignored","damage_taken":0,"max_hp_gain":0,"max_hp_loss":0,"event_name":"Vampires","floor":22,"gold_loss":0}],"is_beta":false,"boss_relics":[{"not_picked":["Runic Dome","White Beast Statue"],"picked":"Calling Bell"}],"items_purged_floors":[4,21],"is_endless":false,"potions_floor_spawned":[8,10,13,14,16,24],"killed_by":"Snecko","ascension_level":11}