{"gold_per_floor":[119,119,44,54,70,70,88,88,88,163,191,203,215,261,273,358,370,396,14,14,31,50,50,79,95,122,153,163,198,211,211,211,283,283,293,310,329,37,51,111,163,198,222,222,239,167,199,37,37,37],"floor_reached":51,"playtime":4965,"items_purged":["Strike_B","Cold Snap"],"score":1584,"play_id":"924bc769-e597-45e3-baf0-62ca02231d97","local_time":"20190605025319","is_ascension_mode":true,"campfire_choices":[{"data":"Chaos","floor":6,"key":"SMITH"},{"floor":8,"key":"REST"},{"floor":13,"key":"REST"},{"data":"Static Discharge","floor":15,"key":"SMITH"},{"floor":23,"key":"REST"},{"data":"Discovery","floor":32,"key":"SMITH"},{"data":"White Noise","floor":49,"key":"SMITH"}],"neow_cost":"NONE","seed_source_timestamp":1322262450467556,"circlet_count":0,"master_deck":["AscendersBane","Defend_B","Defend_B","Defend_B","Defend_B","Zap","Dualcast","Chaos+1","Genetic Algorithm","Hologram","Streamline","Glacier","Static Discharge+1","Biased Cognition","Steam","Self Repair","Apotheosis+1","Discovery+1","Glacier","White Noise+1","Fission","Loop","Compile Driver","Meteor Strike","Reprogram+1","Defragment+1","Skim","Coolheaded","BootSequence+1","Capacitor+1","Seek+1","Capacitor","Hologram+1"],"relics":["Cracked Core","Pocketwatch","Blue Candle","MawBank","Ancient Tea Set","Black Star","Orichalcum","Mummified Hand","Boot","Nunchaku","Happy Flower","Pear","Potion Belt","Philosopher\u0027s Stone","Tiny Chest","Smiling Mask","Bag of Preparation","Gambling Chip","Gremlin Horn","Omamori","Art of War","Toxic Egg 2"],"potions_floor_usage":[11,14,16,21,24,29,35,39,40,47,50,50],"damage_taken":[{"damage":7,"enemies":"Jaw Worm","floor":1,"turns":4},{"damage":2,"enemies":"2 Louse","floor":4,"turns":4},{"damage":13,"enemies":"Small Slimes","floor":5,"turns":3},{"damage":0,"enemies":"Blue Slaver","floor":7,"turns":4},{"damage":8,"enemies":"3 Sentries","floor":11,"turns":6},{"damage":0,"enemies":"Gremlin Nob","floor":14,"turns":5},{"damage":20,"enemies":"Slime Boss","floor":16,"turns":8},{"damage":0,"enemies":"Spheric Guardian","floor":18,"turns":4},{"damage":21,"enemies":"3 Byrds","floor":21,"turns":5},{"damage":35,"enemies":"Cultist and Chosen","floor":22,"turns":10},{"damage":8,"enemies":"Slavers","floor":24,"turns":4},{"damage":0,"enemies":"Sentry and Sphere","floor":25,"turns":9},{"damage":7,"enemies":"Gremlin Leader","floor":27,"turns":8},{"damage":4,"enemies":"3 Cultists","floor":28,"turns":6},{"damage":14,"enemies":"Slavers","floor":29,"turns":4},{"damage":0,"enemies":"Snecko","floor":30,"turns":6},{"damage":8,"enemies":"Champ","floor":33,"turns":14},{"damage":8,"enemies":"Orb Walker","floor":35,"turns":3},{"damage":19,"enemies":"3 Darklings","floor":36,"turns":6},{"damage":18,"enemies":"4 Shapes","floor":37,"turns":9},{"damage":15,"enemies":"Jaw Worm Horde","floor":39,"turns":4},{"damage":0,"enemies":"Reptomancer","floor":40,"turns":8},{"damage":1,"enemies":"Nemesis","floor":42,"turns":5},{"damage":7,"enemies":"Sphere and 2 Shapes","floor":45,"turns":5},{"damage":0,"enemies":"Reptomancer","floor":47,"turns":7},{"damage":0,"enemies":"Donu and Deca","floor":50,"turns":10}],"seed_played":"-5626806881493348841","potions_obtained":[{"floor":1,"key":"SkillPotion"},{"floor":4,"key":"GamblersBrew"},{"floor":11,"key":"PowerPotion"},{"floor":16,"key":"Weak Potion"},{"floor":18,"key":"AttackPotion"},{"floor":24,"key":"Energy Potion"},{"floor":27,"key":"Block Potion"},{"floor":29,"key":"Fire Potion"},{"floor":35,"key":"SkillPotion"},{"floor":36,"key":"SkillPotion"},{"floor":39,"key":"FearPotion"},{"floor":42,"key":"Fire Potion"},{"floor":45,"key":"Block Potion"}],"is_trial":false,"path_per_floor":["M","?","?","M","M","R","M","R","T","?","E","?","R","E","R","B",null,"M","$","?","M","M","R","E","M","T","E","M","E","M","?","R","B",null,"M","M","M","$","M","E","T","E","T","?","M","$","E","$","R","B",null],"character_chosen":"DEFECT","items_purchased":["Self Repair","Apotheosis","Discovery","Skim","Coolheaded","Ancient Potion","Ancient Potion","Capacitor","Hologram+1","EssenceOfSteel"],"campfire_rested":3,"item_purchase_floors":[19,19,19,38,38,38,46,48,48,48],"current_hp_per_floor":[57,46,46,44,31,31,31,52,52,41,33,33,54,54,54,34,62,62,62,62,55,30,51,53,71,71,71,71,74,81,81,81,80,81,81,69,58,58,43,53,53,62,62,62,65,65,75,75,75,81],"gold":37,"neow_bonus":"TRANSFORM_CARD","is_prod":false,"is_daily":false,"chose_seed":false,"campfire_upgraded":4,"win_rate":0,"timestamp":1559717599,"path_taken":["M","?","?","M","?","R","M","R","T","?","E","?","R","E","R","BOSS","M","$","?","M","M","R","E","M","T","E","M","E","M","?","R","BOSS","M","?","M","$","M","E","?","E","T","?","M","$","E","$","R","BOSS"],"build_version":"2019-01-23","purchased_purges":2,"victory":true,"max_hp_per_floor":[71,71,71,71,71,71,71,71,71,71,71,71,71,71,71,71,71,71,71,71,71,71,71,71,71,71,71,71,81,81,81,81,81,81,81,81,81,81,81,81,81,81,81,81,81,81,81,81,81,81],"card_choices":[{"not_picked":["Sweeping Beam","Loop"],"picked":"Genetic Algorithm","floor":1},{"not_picked":["Melter","Lockon"],"picked":"Hologram","floor":4},{"not_picked":["Recycle","Aggregate"],"picked":"Streamline","floor":5},{"not_picked":["Lockon","Turbo"],"picked":"Cold Snap","floor":7},{"not_picked":["Conserve Battery","Meteor Strike"],"picked":"Glacier","floor":11},{"not_picked":["Turbo","Hologram"],"picked":"Static Discharge","floor":14},{"not_picked":["Electrodynamics","Rainbow"],"picked":"Biased Cognition","floor":16},{"not_picked":["Barrage","Rebound"],"picked":"Steam","floor":18},{"not_picked":["Stack","Streamline"],"picked":"Glacier","floor":21},{"not_picked":["Beam Cell","Sweeping Beam"],"picked":"White Noise","floor":22},{"not_picked":["Compile Driver","Rainbow"],"picked":"Fission","floor":24},{"not_picked":["Turbo","Rebound","Stack"],"picked":"SKIP","floor":25},{"not_picked":["Ball Lightning","Multi-Cast"],"picked":"Loop","floor":27},{"not_picked":["Hologram","Chaos"],"picked":"Compile Driver","floor":28},{"not_picked":["Gash","Glacier","Steam Power"],"picked":"SKIP","floor":29},{"not_picked":["Redo","Glacier","Beam Cell"],"picked":"SKIP","floor":30},{"not_picked":["Fission","All For One"],"picked":"Meteor Strike","floor":33},{"not_picked":["Cold Snap+1","Blizzard","Turbo"],"picked":"SKIP","floor":35},{"not_picked":["Streamline","Gash"],"picked":"Reprogram+1","floor":36},{"not_picked":["Turbo","Redo"],"picked":"Defragment+1","floor":37},{"not_picked":["Barrage","Compile Driver"],"picked":"BootSequence+1","floor":39},{"not_picked":["Doom and Gloom+1","Sunder","Turbo"],"picked":"SKIP","floor":40},{"not_picked":["Heatsinks+1","White Noise"],"picked":"Capacitor+1","floor":42},{"not_picked":["Darkness","Streamline","Barrage"],"picked":"SKIP","floor":45},{"not_picked":["Gash","Skim"],"picked":"Seek","floor":47}],"player_experience":461997,"relics_obtained":[{"floor":9,"key":"Blue Candle"},{"floor":11,"key":"MawBank"},{"floor":14,"key":"Ancient Tea Set"},{"floor":24,"key":"Orichalcum"},{"floor":24,"key":"Mummified Hand"},{"floor":26,"key":"Boot"},{"floor":27,"key":"Nunchaku"},{"floor":27,"key":"Happy Flower"},{"floor":29,"key":"Pear"},{"floor":29,"key":"Potion Belt"},{"floor":40,"key":"Tiny Chest"},{"floor":40,"key":"Smiling Mask"},{"floor":41,"key":"Bag of Preparation"},{"floor":42,"key":"Gambling Chip"},{"floor":42,"key":"Gremlin Horn"},{"floor":43,"key":"Omamori"},{"floor":47,"key":"Art of War"},{"floor":47,"key":"Toxic Egg 2"}],"event_choices":[{"damage_healed":0,"gold_gain":0,"player_choice":"Success","damage_taken":11,"relics_obtained":["Pocketwatch"],"max_hp_gain":0,"max_hp_loss":0,"event_name":"Scrap Ooze","floor":2,"gold_loss":0},{"cards_removed":["Strike_B"],"damage_healed":0,"gold_gain":0,"player_choice":"Card Removal","damage_taken":0,"max_hp_gain":0,"max_hp_loss":0,"event_name":"The Cleric","floor":3,"gold_loss":75},{"damage_healed":0,"gold_gain":75,"player_choice":"Gather Gold","damage_taken":11,"max_hp_gain":0,"max_hp_loss":0,"event_name":"World of Goop","floor":10,"gold_loss":0},{"cards_removed":["Strike_B"],"damage_healed":0,"gold_gain":0,"player_choice":"Forget","damage_taken":0,"max_hp_gain":0,"max_hp_loss":0,"event_name":"Living Wall","floor":12,"gold_loss":0},{"damage_healed":0,"gold_gain":0,"player_choice":"Ignored","damage_taken":0,"max_hp_gain":0,"max_hp_loss":0,"event_name":"Beggar","floor":20,"gold_loss":0},{"damage_healed":0,"gold_gain":0,"player_choice":"Forge","damage_taken":0,"max_hp_gain":0,"max_hp_loss":0,"event_name":"Accursed Blacksmith","floor":31,"gold_loss":0,"cards_upgraded":["Apotheosis"]},{"damage_healed":0,"gold_gain":0,"player_choice":"Ignored","damage_taken":0,"max_hp_gain":0,"max_hp_loss":0,"event_name":"Tomb of Lord Red Mask","floor":44,"gold_loss":0}],"is_beta":false,"boss_relics":[{"not_picked":["Fusion Hammer","FrozenCore"],"picked":"Black Star"},{"not_picked":["Busted Crown","Runic Pyramid"],"picked":"Philosopher\u0027s Stone"}],"items_purged_floors":[19,38],"is_endless":false,"potions_floor_spawned":[1,4,11,16,18,24,27,29,35,36,39,42,45],"ascension_level":15}