{"gold_per_floor":[113,113,113,188,188,188,202,202,202,202,127,142,142,157,157,253,253,272,197,27,44,44,44,56,69,69,84,84,101,119,119,119,119],"floor_reached":33,"playtime":815,"items_purged":["Strike_G","Strike_G"],"score":237,"play_id":"0de59d2b-bd8d-4ba6-b52f-df0567e805b5","local_time":"20190603214347","is_ascension_mode":false,"campfire_choices":[{"data":"Neutralize","floor":6,"key":"SMITH"},{"data":"Bane","floor":8,"key":"SMITH"},{"data":"Survivor","floor":10,"key":"SMITH"},{"data":"Escape Plan","floor":13,"key":"SMITH"},{"data":"Poisoned Stab","floor":15,"key":"SMITH"},{"data":"Corpse Explosion","floor":23,"key":"SMITH"},{"floor":32,"key":"REST"}],"neow_cost":"NONE","seed_source_timestamp":55347870966238,"circlet_count":0,"master_deck":["Defend_G","Defend_G+1","Defend_G","Defend_G","Defend_G","Strike_G","Strike_G+1","Survivor+1","Neutralize+1","Bane+1","Escape Plan+1","Poisoned Stab+1","Corpse Explosion+1","Poisoned Stab+1","Footwork","Terror","Crippling Poison","Sucker Punch","Poisoned Stab","Backstab+1"],"relics":["Cursed Key"],"potions_floor_usage":[16,27,33,33,33],"damage_taken":[{"damage":0,"enemies":"Small Slimes","floor":1,"turns":3},{"damage":0,"enemies":"Jaw Worm","floor":7,"turns":4},{"damage":0,"enemies":"2 Louse","floor":12,"turns":3},{"damage":0,"enemies":"Looter","floor":14,"turns":3},{"damage":21,"enemies":"Hexaghost","floor":16,"turns":11},{"damage":15,"enemies":"Spheric Guardian","floor":18,"turns":6},{"damage":1,"enemies":"Shell Parasite","floor":21,"turns":5},{"damage":6,"enemies":"Snecko","floor":24,"turns":4},{"damage":5,"enemies":"Chosen and Byrds","floor":25,"turns":5},{"damage":11,"enemies":"Snake Plant","floor":27,"turns":4},{"damage":2,"enemies":"Snecko","floor":29,"turns":5},{"damage":16,"enemies":"Cultist and Chosen","floor":30,"turns":7},{"damage":0,"enemies":"Colosseum Slavers","floor":31,"turns":1},{"damage":61,"enemies":"Champ","floor":33,"turns":11}],"seed_played":"4007936813939591579","potions_obtained":[{"floor":1,"key":"LiquidBronze"},{"floor":7,"key":"GamblersBrew"},{"floor":12,"key":"Poison Potion"},{"floor":18,"key":"Weak Potion"},{"floor":25,"key":"Regen Potion"},{"floor":27,"key":"LiquidBronze"}],"is_trial":false,"path_per_floor":["M","?","?","?","T","R","M","R","T","R","$","M","R","M","R","B",null,"M","?","$","M","?","R","M","M","T","M","$","M","M","?","R","B"],"character_chosen":"THE_SILENT","items_purchased":["Footwork"],"campfire_rested":1,"item_purchase_floors":[20],"current_hp_per_floor":[70,56,56,45,45,45,45,45,45,45,45,45,45,45,45,24,70,55,55,55,54,54,54,48,43,43,46,46,44,28,28,49,0],"gold":119,"neow_bonus":"BOSS_RELIC","is_prod":false,"is_daily":false,"chose_seed":false,"campfire_upgraded":6,"win_rate":0,"timestamp":1559591027,"path_taken":["M","?","?","?","?","R","M","R","T","R","$","M","R","M","R","BOSS","M","?","$","M","?","R","M","M","T","M","?","?","M","?","R","BOSS"],"build_version":"2019-01-23","purchased_purges":2,"victory":false,"max_hp_per_floor":[70,70,70,70,70,70,70,70,70,70,70,70,70,70,70,70,70,70,70,70,70,70,70,70,70,70,70,70,70,70,70,70,70],"card_choices":[{"not_picked":["Setup","Expertise","PiercingWail"],"picked":"SKIP","floor":1},{"not_picked":["Escape Plan","Choke"],"picked":"Bane","floor":7},{"not_picked":["Dash","Prepared"],"picked":"Escape Plan","floor":12},{"not_picked":["Backflip","Dagger Throw"],"picked":"Poisoned Stab","floor":14},{"not_picked":["Adrenaline","Venomology"],"picked":"Corpse Explosion","floor":16},{"not_picked":["PiercingWail","Dodge and Roll"],"picked":"Poisoned Stab+1","floor":18},{"not_picked":["Die Die Die","Distraction"],"picked":"Terror","floor":21},{"not_picked":["Flechettes","PiercingWail"],"picked":"Crippling Poison","floor":24},{"not_picked":["Accuracy+1","Predator"],"picked":"Sucker Punch","floor":25},{"not_picked":["Cloak And Dagger+1","Skewer"],"picked":"Poisoned Stab","floor":27},{"not_picked":["Calculated Gamble","Quick Slash"],"picked":"Backstab+1","floor":29},{"not_picked":["Prepared","Cloak And Dagger","Poisoned Stab"],"picked":"SKIP","floor":30}],"player_experience":295884,"relics_obtained":[],"event_choices":[{"damage_healed":0,"gold_gain":0,"player_choice":"Entered Light","damage_taken":14,"max_hp_gain":0,"max_hp_loss":0,"event_name":"Shining Light","floor":2,"gold_loss":0,"cards_upgraded":["Defend_G","Strike_G"]},{"damage_healed":0,"gold_gain":0,"player_choice":"Fled","damage_taken":0,"max_hp_gain":0,"max_hp_loss":0,"event_name":"Scrap Ooze","floor":3,"gold_loss":0},{"damage_healed":0,"gold_gain":75,"player_choice":"Gather Gold","damage_taken":11,"max_hp_gain":0,"max_hp_loss":0,"event_name":"World of Goop","floor":4,"gold_loss":0},{"cards_removed":["Strike_G"],"damage_healed":0,"gold_gain":0,"player_choice":"Gave Gold","damage_taken":0,"max_hp_gain":0,"max_hp_loss":0,"event_name":"Beggar","floor":19,"gold_loss":75},{"damage_healed":0,"gold_gain":0,"player_choice":"Ignored","damage_taken":0,"max_hp_gain":0,"max_hp_loss":0,"event_name":"Cursed Tome","floor":22,"gold_loss":0},{"damage_healed":0,"gold_gain":0,"player_choice":"Fight","damage_taken":0,"max_hp_gain":0,"max_hp_loss":0,"event_name":"Colosseum","floor":31,"gold_loss":0},{"damage_healed":0,"gold_gain":0,"player_choice":"Fled From Nobs","damage_taken":0,"max_hp_gain":0,"max_hp_loss":0,"event_name":"Colosseum","floor":31,"gold_loss":0}],"is_beta":false,"boss_relics":[{"not_picked":["HoveringKite","Fusion Hammer","Pandora\u0027s Box"]}],"items_purged_floors":[11,20],"is_endless":false,"potions_floor_spawned":[1,7,12,18,25,27,30],"killed_by":"Champ","ascension_level":0}