{"gold_per_floor":[118,218,231,244,244,244,67,130,130,130,143,143,143,158,158,235,235,249,266,266,279,279,279,204,215,215,90,103,103,103,118,118,195,195,209,209,38,38],"floor_reached":38,"playtime":2424,"items_purged":["Strike_B","Defend_B"],"score":619,"play_id":"f8602caf-552c-41f2-9432-d4be8f4ef7c9","local_time":"20190522173924","is_ascension_mode":true,"campfire_choices":[{"data":"Coolheaded","floor":6,"key":"SMITH"},{"floor":10,"key":"REST"},{"data":"Apotheosis","floor":12,"key":"SMITH"},{"data":"Hologram","floor":15,"key":"SMITH"},{"floor":23,"key":"RECALL"},{"floor":29,"key":"REST"},{"floor":32,"key":"REST"}],"neow_cost":"NONE","seed_source_timestamp":83735870544395,"circlet_count":0,"master_deck":["AscendersBane","Defend_B","Defend_B","Defend_B","Zap","Dualcast","Coolheaded+1","Auto Shields","BootSequence+1","Apotheosis+1","Conserve Battery","Hologram+1","Ball Lightning","Buffer","Leap","FTL","Writhe","Reboot","Glacier","Amplify","Leap+1","Gash","Capacitor"],"relics":["Cracked Core","NeowsBlessing","Letter Opener","Juzu Bracelet","Fusion Hammer","Gambling Chip","Omamori","Sozu"],"potions_floor_usage":[8,8,18,19,28,33],"damage_taken":[{"damage":0,"enemies":"Cultist","floor":1,"turns":1},{"damage":0,"enemies":"2 Louse","floor":3,"turns":1},{"damage":0,"enemies":"Small Slimes","floor":4,"turns":1},{"damage":26,"enemies":"Gremlin Nob","floor":8,"turns":5},{"damage":3,"enemies":"Gremlin Gang","floor":11,"turns":4},{"damage":0,"enemies":"Blue Slaver","floor":14,"turns":3},{"damage":7,"enemies":"Slime Boss","floor":16,"turns":9},{"damage":19,"enemies":"Chosen","floor":18,"turns":7},{"damage":6,"enemies":"2 Thieves","floor":19,"turns":5},{"damage":38,"enemies":"Centurion and Healer","floor":21,"turns":10},{"damage":1,"enemies":"Snecko","floor":25,"turns":5},{"damage":3,"enemies":"Cultist and Chosen","floor":28,"turns":7},{"damage":8,"enemies":"Snake Plant","floor":31,"turns":5},{"damage":37,"enemies":"Automaton","floor":33,"turns":14},{"damage":22,"enemies":"Orb Walker","floor":35,"turns":5},{"damage":63,"enemies":"2 Orb Walkers","floor":38,"turns":6}],"seed_played":"-5371904174870022447","potions_obtained":[{"floor":3,"key":"Regen Potion"},{"floor":4,"key":"Poison Potion"},{"floor":11,"key":"SneckoOil"},{"floor":19,"key":"Fruit Juice"},{"floor":28,"key":"LiquidBronze"},{"floor":33,"key":"Strength Potion"}],"is_trial":false,"path_per_floor":["M","?","M","M","?","R","$","?","T","R","M","R","?","M","R","B",null,"M","M","?","M","?","R","?","M","T","$","M","R","?","M","R","B",null,"M","?","$","?"],"character_chosen":"DEFECT","items_purchased":["Apotheosis","AttackPotion","Capacitor"],"campfire_rested":3,"item_purchase_floors":[7,27,37],"current_hp_per_floor":[64,64,64,64,69,69,69,55,55,76,73,73,73,73,73,66,74,55,54,54,16,81,81,81,80,80,80,77,81,81,73,81,44,72,50,50,50,0],"gold":38,"neow_bonus":"THREE_ENEMY_KILL","is_prod":false,"is_daily":false,"chose_seed":false,"campfire_upgraded":3,"win_rate":0,"timestamp":1558571964,"path_taken":["M","?","?","M","?","R","$","?","T","R","M","R","?","M","R","BOSS","M","M","?","M","?","R","?","M","T","$","M","R","?","M","R","BOSS","M","?","$","?"],"build_version":"2019-01-23","purchased_purges":2,"victory":false,"max_hp_per_floor":[71,71,71,71,76,76,76,76,76,76,76,76,76,76,76,76,76,76,81,81,81,81,81,81,81,81,81,81,81,81,81,81,81,81,81,81,81,81],"card_choices":[{"not_picked":["Streamline","Hologram"],"picked":"Coolheaded","floor":1},{"not_picked":["Gash","Aggregate"],"picked":"Auto Shields","floor":3},{"not_picked":["Stack","Leap"],"picked":"BootSequence","floor":4},{"not_picked":["Rebound","FTL"],"picked":"Conserve Battery","floor":8},{"not_picked":["Multi-Cast","Stack"],"picked":"Hologram","floor":11},{"not_picked":["Turbo","Steam Power"],"picked":"Ball Lightning","floor":14},{"not_picked":["Machine Learning","Thunder Strike"],"picked":"Buffer","floor":16},{"not_picked":["Redo","Streamline"],"picked":"Leap","floor":18},{"not_picked":["Stack","Gash"],"picked":"FTL","floor":19},{"not_picked":["Scrape","Rip and Tear"],"picked":"Defragment","floor":21},{"not_picked":["Rebound+1","Hologram","Steam Power"],"picked":"SKIP","floor":25},{"not_picked":["Conserve Battery","Double Energy"],"picked":"Reboot","floor":28},{"not_picked":["Double Energy","Coolheaded"],"picked":"Glacier","floor":31},{"not_picked":["Hyperbeam","Multi-Cast"],"picked":"Amplify","floor":33},{"not_picked":["Turbo+1","Streamline"],"picked":"Leap+1","floor":35}],"player_experience":684539,"relics_obtained":[{"floor":8,"key":"Letter Opener"},{"floor":9,"key":"Juzu Bracelet"},{"floor":26,"key":"Omamori"}],"event_choices":[{"damage_healed":0,"gold_gain":100,"player_choice":"Gold","damage_taken":0,"max_hp_gain":0,"max_hp_loss":0,"event_name":"Wheel of Change","floor":2,"gold_loss":0},{"damage_healed":0,"gold_gain":0,"player_choice":"Donut","damage_taken":0,"max_hp_gain":5,"max_hp_loss":0,"event_name":"Big Fish","floor":5,"gold_loss":0},{"damage_healed":0,"gold_gain":0,"player_choice":"Searched \u00271\u0027 times","damage_taken":0,"max_hp_gain":0,"max_hp_loss":0,"event_name":"Dead Adventurer","floor":8,"gold_loss":0},{"damage_healed":0,"gold_gain":0,"player_choice":"Forge","damage_taken":0,"max_hp_gain":0,"max_hp_loss":0,"event_name":"Accursed Blacksmith","floor":13,"gold_loss":0,"cards_upgraded":["BootSequence"]},{"damage_healed":0,"gold_gain":0,"player_choice":"Opened","damage_taken":0,"relics_obtained":["Gambling Chip"],"max_hp_gain":0,"max_hp_loss":0,"event_name":"The Mausoleum","floor":20,"gold_loss":0,"cards_obtained":["Writhe"]},{"cards_removed":["Defragment"],"damage_healed":65,"gold_gain":0,"player_choice":"Offered Uncommon","damage_taken":0,"max_hp_gain":0,"max_hp_loss":0,"event_name":"Bonfire Elementals","floor":22,"gold_loss":0},{"cards_removed":["Strike_B"],"damage_healed":0,"gold_gain":0,"player_choice":"Gave Gold","damage_taken":0,"max_hp_gain":0,"max_hp_loss":0,"event_name":"Beggar","floor":24,"gold_loss":75},{"cards_removed":["Strike_B"],"damage_healed":0,"gold_gain":0,"player_choice":"Elegance","damage_taken":0,"max_hp_gain":0,"max_hp_loss":0,"event_name":"Back to Basics","floor":30,"gold_loss":0},{"damage_healed":0,"gold_gain":0,"cards_transformed":["Strike_B"],"player_choice":"Transformed","damage_taken":0,"max_hp_gain":0,"max_hp_loss":0,"event_name":"Transmorgrifier","floor":36,"gold_loss":0,"cards_obtained":["Gash"]},{"damage_healed":0,"gold_gain":0,"player_choice":"Fight","damage_taken":0,"max_hp_gain":0,"max_hp_loss":0,"event_name":"Mysterious Sphere","floor":38,"gold_loss":0}],"is_beta":false,"boss_relics":[{"not_picked":["Calling Bell","Lizard Tail"],"picked":"Fusion Hammer"},{"not_picked":["Eternal Feather","Coffee Dripper"],"picked":"Sozu"}],"items_purged_floors":[27,37],"is_endless":false,"potions_floor_spawned":[3,4,11,19,28,33],"killed_by":"2 Orb Walkers","ascension_level":14}