{"gold_per_floor":[113,12,28,46,46,46,77,93,173,173,348,348,348,366,366,466,466,485,87,102,102,102,128,128,163,163,163,174,187,187,3,3,108,108,127,127,0,20,37,37,37,37,37,137,137,156,167,167,167,167],"floor_reached":51,"playtime":5513,"items_purged":["Doubt","Strike_B"],"score":691,"play_id":"3a5cb324-228a-4fa3-8491-eae2700e4642","local_time":"20190123023903","is_ascension_mode":true,"campfire_choices":[{"data":"Hello World","floor":6,"key":"SMITH"},{"floor":10,"key":"REST"},{"data":"White Noise","floor":12,"key":"SMITH"},{"floor":15,"key":"REST"},{"floor":24,"key":"REST"},{"floor":27,"key":"REST"},{"floor":32,"key":"REST"},{"floor":40,"key":"REST"},{"data":"Darkness","floor":42,"key":"SMITH"},{"floor":45,"key":"REST"},{"floor":49,"key":"REST"}],"neow_cost":"NONE","seed_source_timestamp":1080034276079896,"circlet_count":0,"master_deck":["Strike_B","Strike_B","Strike_B","Defend_B","Defend_B","Defend_B+1","Defend_B","Zap","Dualcast","Rebound","Hello World+1","Leap+1","White Noise+1","Sweeping Beam","Chill","Darkness+1","Creative AI+1","Steam","Capacitor","Darkness","Hello World","Redo+1","Capacitor+1","Defragment","Multi-Cast","Barrage+1","Auto Shields+1","Compile Driver+1","Glacier+1","Writhe"],"relics":["Lizard Tail","Incense Burner","Gremlin Horn","Philosopher\u0027s Stone","Question Card","Anchor","Lantern","Mummified Hand","Orichalcum","Busted Crown","Red Mask","Shuriken","Shovel"],"potions_floor_usage":[16,20,25,29,29,33,39,44,47],"damage_taken":[{"damage":1,"enemies":"Jaw Worm","floor":1,"turns":5},{"damage":3,"enemies":"Small Slimes","floor":3,"turns":4},{"damage":0,"enemies":"Cultist","floor":4,"turns":5},{"damage":0,"enemies":"Lagavulin","floor":7,"turns":6},{"damage":20,"enemies":"3 Louse","floor":8,"turns":3},{"damage":8,"enemies":"Large Slime","floor":14,"turns":8},{"damage":6,"enemies":"Slime Boss","floor":16,"turns":7},{"damage":15,"enemies":"Shell Parasite","floor":18,"turns":8},{"damage":4,"enemies":"Chosen","floor":20,"turns":5},{"damage":44,"enemies":"Book of Stabbing","floor":23,"turns":8},{"damage":13,"enemies":"Gremlin Leader","floor":25,"turns":8},{"damage":21,"enemies":"Snake Plant","floor":28,"turns":4},{"damage":10,"enemies":"Centurion and Healer","floor":29,"turns":6},{"damage":11,"enemies":"Collector","floor":33,"turns":9},{"damage":10,"enemies":"3 Shapes","floor":35,"turns":5},{"damage":6,"enemies":"Orb Walker","floor":38,"turns":5},{"damage":28,"enemies":"Transient","floor":39,"turns":5},{"damage":26,"enemies":"Mind Bloom Boss Battle","floor":44,"turns":6},{"damage":9,"enemies":"Jaw Worm Horde","floor":46,"turns":5},{"damage":28,"enemies":"Sphere and 2 Shapes","floor":47,"turns":6},{"damage":44,"enemies":"Time Eater","floor":50,"turns":11}],"seed_played":"2062058845283180013","potions_obtained":[{"floor":1,"key":"LiquidBronze"},{"floor":4,"key":"FocusPotion"},{"floor":8,"key":"Ancient Potion"},{"floor":13,"key":"Energy Potion"},{"floor":13,"key":"Fire Potion"},{"floor":18,"key":"SteroidPotion"},{"floor":20,"key":"Fire Potion"},{"floor":28,"key":"Explosive Potion"},{"floor":38,"key":"SteroidPotion"},{"floor":39,"key":"Regen Potion"}],"is_trial":false,"path_per_floor":["M","$","M","M","?","R","E","M","T","R","?","R","?","M","R","B",null,"M","$","M","?","?","E","R","E","T","R","M","M","?","$","R","B",null,"M","?","?","M","M","R","?","R","T","?","R","M","M","?","R","B",null],"character_chosen":"DEFECT","items_purchased":["Hello World","Leap","Capacitor","Question Card","Defragment","Block Potion"],"campfire_rested":8,"item_purchase_floors":[2,2,19,19,31,31],"current_hp_per_floor":[74,74,71,71,56,56,56,36,36,58,58,58,58,50,72,66,75,60,60,56,56,56,12,34,21,21,43,22,12,37,37,59,48,75,65,65,65,59,31,53,53,53,53,42,64,55,27,46,68,24],"gold":167,"neow_bonus":"BOSS_RELIC","is_prod":false,"is_daily":false,"chose_seed":false,"campfire_upgraded":3,"win_rate":0,"timestamp":1548229143,"path_taken":["M","$","M","M","?","R","E","M","T","R","?","R","?","?","R","BOSS","M","$","M","?","?","E","R","E","T","R","M","?","?","$","R","BOSS","M","?","?","M","M","R","?","R","T","?","R","M","M","?","R","BOSS"],"build_version":"2019-01-17v2","purchased_purges":2,"victory":true,"max_hp_per_floor":[75,75,75,75,75,75,75,75,75,75,75,75,75,75,75,75,75,75,75,75,75,75,75,75,75,75,75,75,75,75,75,75,75,75,75,75,75,75,75,75,75,75,75,75,75,75,75,75,75,75],"card_choices":[{"not_picked":["Melter","Consume"],"picked":"Rebound","floor":1},{"not_picked":["Coolheaded","Chill"],"picked":"White Noise","floor":3},{"not_picked":["Hologram","Compile Driver"],"picked":"Barrage","floor":4},{"not_picked":["Skim","Defragment"],"picked":"Sweeping Beam","floor":7},{"not_picked":["Turbo","Steam"],"picked":"Chill","floor":8},{"not_picked":["Hologram","Sweeping Beam"],"picked":"Darkness","floor":14},{"not_picked":["Electrodynamics","Thunder Strike"],"picked":"Creative AI","floor":16},{"not_picked":["Rebound","Ball Lightning"],"picked":"Steam","floor":18},{"not_picked":["FTL","Cold Snap","Defragment"],"picked":"Darkness","floor":20},{"not_picked":["Beam Cell","Barrage","Blizzard"],"picked":"Hello World","floor":23},{"not_picked":["Hologram","Sunder","Rebound"],"picked":"Redo+1","floor":25},{"not_picked":["Redo","Fusion","Compile Driver"],"picked":"Capacitor+1","floor":28},{"not_picked":["Reprogram","Chill","Coolheaded","Fusion"],"picked":"SKIP","floor":29},{"not_picked":["Meteor Strike","Reboot","Fission"],"picked":"Multi-Cast","floor":33},{"not_picked":["Beam Cell"],"picked":"Barrage+1","floor":35},{"not_picked":["Ball Lightning","Sweeping Beam"],"picked":"SKIP","floor":38},{"not_picked":["Barrage"],"picked":"Auto Shields+1","floor":39},{"not_picked":["Conserve Battery+1"],"picked":"Compile Driver+1","floor":44},{"not_picked":["Sweeping Beam","Rebound"],"picked":"SKIP","floor":46},{"not_picked":["Auto Shields"],"picked":"Glacier+1","floor":47}],"player_experience":77602,"relics_obtained":[{"floor":7,"key":"Incense Burner"},{"floor":9,"key":"Gremlin Horn"},{"floor":23,"key":"Lantern"},{"floor":25,"key":"Mummified Hand"},{"floor":26,"key":"Orichalcum"},{"floor":43,"key":"Shuriken"},{"floor":44,"key":"Shovel"}],"event_choices":[{"damage_healed":0,"gold_gain":0,"player_choice":"Entered Light","damage_taken":15,"max_hp_gain":0,"max_hp_loss":0,"event_name":"Shining Light","floor":5,"gold_loss":0,"cards_upgraded":["Leap","Defend_B"]},{"damage_healed":0,"gold_gain":175,"player_choice":"AGREE","damage_taken":0,"max_hp_gain":0,"max_hp_loss":0,"event_name":"Liars Game","floor":11,"gold_loss":0,"cards_obtained":["Doubt"]},{"damage_healed":0,"gold_gain":0,"player_choice":"Got Potions","damage_taken":0,"max_hp_gain":0,"max_hp_loss":0,"event_name":"Lab","floor":13,"gold_loss":0},{"damage_healed":0,"gold_gain":0,"player_choice":"Opened","damage_taken":0,"relics_obtained":["Anchor"],"max_hp_gain":0,"max_hp_loss":0,"event_name":"The Mausoleum","floor":21,"gold_loss":0},{"damage_healed":0,"gold_gain":0,"player_choice":"Upgraded","damage_taken":0,"max_hp_gain":0,"max_hp_loss":0,"event_name":"Upgrade Shrine","floor":22,"gold_loss":0,"cards_upgraded":["Creative AI"]},{"damage_healed":25,"gold_gain":0,"player_choice":"Heal","damage_taken":0,"max_hp_gain":0,"max_hp_loss":0,"event_name":"The Library","floor":30,"gold_loss":0},{"cards_removed":["Barrage"],"damage_healed":0,"gold_gain":0,"player_choice":"Removed Attack","damage_taken":0,"max_hp_gain":0,"max_hp_loss":0,"event_name":"Falling","floor":36,"gold_loss":0},{"damage_healed":0,"gold_gain":0,"player_choice":"Paid","damage_taken":0,"relics_obtained":["Red Mask"],"max_hp_gain":0,"max_hp_loss":0,"event_name":"Tomb of Lord Red Mask","floor":37,"gold_loss":127},{"damage_healed":0,"gold_gain":0,"player_choice":"Ignored","damage_taken":0,"max_hp_gain":0,"max_hp_loss":0,"event_name":"Mysterious Sphere","floor":41,"gold_loss":0},{"damage_healed":0,"gold_gain":0,"player_choice":"Fight","damage_taken":0,"max_hp_gain":0,"max_hp_loss":0,"event_name":"MindBloom","floor":44,"gold_loss":0},{"damage_healed":19,"gold_gain":0,"player_choice":"Writhe","damage_taken":0,"max_hp_gain":0,"max_hp_loss":0,"event_name":"Winding Halls","floor":48,"gold_loss":0,"cards_obtained":["Writhe"]}],"is_beta":false,"boss_relics":[{"not_picked":["Black Star","Snecko Eye"],"picked":"Philosopher\u0027s Stone"},{"not_picked":["Empty Cage","Sozu"],"picked":"Busted Crown"}],"items_purged_floors":[19,31],"is_endless":false,"potions_floor_spawned":[1,4,8,14,18,20,28,38,39],"ascension_level":1}