{"gold_per_floor":[113,113,11,26,101,131,131,158,158,158,158,169,201,213,213,314,314,326,326,14,14,26,26,59,79,79,79,9,9],"floor_reached":29,"playtime":1025,"items_purged":["Strike_B"],"score":454,"play_id":"919b95de-14e9-4661-b623-0915db2b100d","local_time":"20190525111620","is_ascension_mode":true,"campfire_choices":[{"data":"Hologram","floor":7,"key":"SMITH"},{"data":"Zap","floor":11,"key":"SMITH"},{"data":"Dualcast","floor":15,"key":"SMITH"},{"data":"White Noise","floor":23,"key":"SMITH"},{"floor":27,"key":"REST"}],"neow_cost":"NONE","seed_source_timestamp":49962096150428,"circlet_count":0,"master_deck":["AscendersBane","Strike_B","Defend_B","Defend_B","Defend_B","Defend_B","Zap+1","Dualcast+1","FTL","Rip and Tear","Gash","Hologram+1","Go for the Eyes","Creative AI","Reinforced Body","White Noise+1","Machine Learning","Gash","Storm","Secret Technique+1","Conserve Battery","Conserve Battery","Force Field","Self Repair"],"relics":["Cracked Core","NeowsBlessing","Ginger","Gremlin Horn","Meat on the Bone","Ancient Tea Set","Sozu","Question Card","Bag of Marbles"],"potions_floor_usage":[8,13,16],"damage_taken":[{"damage":0,"enemies":"2 Louse","floor":1,"turns":1},{"damage":0,"enemies":"Small Slimes","floor":4,"turns":1},{"damage":0,"enemies":"Lagavulin","floor":6,"turns":1},{"damage":45,"enemies":"3 Sentries","floor":8,"turns":8},{"damage":2,"enemies":"Jaw Worm","floor":12,"turns":2},{"damage":14,"enemies":"Gremlin Nob","floor":13,"turns":4},{"damage":15,"enemies":"Exordium Thugs","floor":14,"turns":4},{"damage":20,"enemies":"Hexaghost","floor":16,"turns":10},{"damage":19,"enemies":"Spheric Guardian","floor":18,"turns":4},{"damage":17,"enemies":"2 Thieves","floor":22,"turns":4},{"damage":37,"enemies":"Book of Stabbing","floor":24,"turns":7},{"damage":0,"enemies":"Chosen and Byrds","floor":25,"turns":4},{"damage":53,"enemies":"Gremlin Leader","floor":29,"turns":6}],"seed_played":"-8774615407350240288","potions_obtained":[{"floor":1,"key":"LiquidBronze"},{"floor":6,"key":"Energy Potion"},{"floor":8,"key":"EssenceOfSteel"}],"is_trial":false,"path_per_floor":["M","?","$","M","?","E","R","E","T","?","R","M","E","M","R","B",null,"M","?","$","?","M","R","E","M","T","R","$","E"],"character_chosen":"DEFECT","items_purchased":["Rip and Tear","Gash","Storm","Secret Technique","Self Repair"],"campfire_rested":1,"item_purchase_floors":[3,3,20,20,28],"current_hp_per_floor":[68,73,73,73,62,62,62,17,17,17,17,27,25,22,22,14,64,45,45,45,45,40,40,15,27,27,51,51,0],"gold":9,"neow_bonus":"THREE_ENEMY_KILL","is_prod":false,"is_daily":false,"chose_seed":false,"campfire_upgraded":4,"win_rate":0,"timestamp":1558757780,"path_taken":["M","?","$","M","?","E","R","E","T","?","R","M","E","M","R","BOSS","M","?","?","?","M","R","E","M","T","R","$","E"],"build_version":"2019-01-23","purchased_purges":1,"victory":false,"max_hp_per_floor":[75,80,80,80,80,80,80,80,80,80,80,80,80,80,80,80,80,80,80,80,80,80,80,80,80,80,80,80,80],"card_choices":[{"not_picked":["Stack","Melter"],"picked":"FTL","floor":1},{"not_picked":["Rebound","Hello World"],"picked":"Hologram","floor":4},{"not_picked":["Compile Driver","Tempest"],"picked":"Go for the Eyes","floor":6},{"not_picked":["Compile Driver","Barrage","Auto Shields"],"picked":"SKIP","floor":8},{"not_picked":["Cold Snap","Stack"],"picked":"Creative AI","floor":12},{"not_picked":["Turbo","Hologram"],"picked":"Reinforced Body","floor":13},{"not_picked":["Coolheaded","Cold Snap"],"picked":"White Noise","floor":14},{"not_picked":["Reboot","Rainbow"],"picked":"Machine Learning","floor":16},{"not_picked":["Stack","Turbo"],"picked":"Gash","floor":18},{"not_picked":["Auto Shields","Redo"],"picked":"Conserve Battery","floor":22},{"not_picked":["Loop","Barrage+1"],"picked":"Conserve Battery","floor":24},{"not_picked":["Hello World","Auto Shields","Coolheaded"],"picked":"Force Field","floor":25}],"player_experience":492101,"relics_obtained":[{"floor":6,"key":"Ginger"},{"floor":8,"key":"Gremlin Horn"},{"floor":9,"key":"Meat on the Bone"},{"floor":13,"key":"Ancient Tea Set"},{"floor":24,"key":"Question Card"},{"floor":26,"key":"Bag of Marbles"}],"event_choices":[{"damage_healed":0,"gold_gain":0,"player_choice":"Donut","damage_taken":0,"max_hp_gain":5,"max_hp_loss":0,"event_name":"Big Fish","floor":2,"gold_loss":0},{"damage_healed":0,"gold_gain":75,"player_choice":"Gather Gold","damage_taken":11,"max_hp_gain":0,"max_hp_loss":0,"event_name":"World of Goop","floor":5,"gold_loss":0},{"cards_removed":["Strike_B"],"damage_healed":0,"gold_gain":0,"player_choice":"Forget","damage_taken":0,"max_hp_gain":0,"max_hp_loss":0,"event_name":"Living Wall","floor":10,"gold_loss":0},{"cards_removed":["Strike_B"],"damage_healed":0,"gold_gain":0,"player_choice":"Offered Basic","damage_taken":0,"max_hp_gain":0,"max_hp_loss":0,"event_name":"Bonfire Elementals","floor":19,"gold_loss":0},{"damage_healed":0,"gold_gain":0,"player_choice":"Upgraded","damage_taken":0,"max_hp_gain":0,"max_hp_loss":0,"event_name":"Upgrade Shrine","floor":21,"gold_loss":0,"cards_upgraded":["Secret Technique"]}],"is_beta":false,"boss_relics":[{"not_picked":["Calling Bell","Velvet Choker"],"picked":"Sozu"}],"items_purged_floors":[20],"is_endless":false,"potions_floor_spawned":[1,6,8,22,25],"killed_by":"Gremlin Leader","ascension_level":12}