{"gold_per_floor":[114,114,114,114,114,145,145,180,206,131,141,161,5,31,31,104,104,104,29,29,43,43,43,73,73,97,97,107,107,121,141,141,141],"floor_reached":33,"playtime":2365,"items_purged":["Strike_B","Strike_B"],"score":676,"play_id":"2d09b490-77f4-414e-a6bc-a0501e473290","local_time":"20190527153804","is_ascension_mode":true,"campfire_choices":[{"floor":7,"key":"REST"},{"data":"Cold Snap","floor":15,"key":"SMITH"},{"floor":23,"key":"REST"},{"floor":25,"key":"REST"},{"data":"Coolheaded","floor":27,"key":"SMITH"},{"floor":32,"key":"REST"}],"neow_cost":"NONE","seed_source_timestamp":221838120864683,"circlet_count":0,"master_deck":["AscendersBane","Strike_B+1","Defend_B","Defend_B","Defend_B","Zap","Dualcast","Ball Lightning+1","Cold Snap","Hologram","Core Surge","Blizzard","Cold Snap+1","Coolheaded+1","Leap","Electrodynamics","Steam","Sweeping Beam","Glacier","Go for the Eyes"],"relics":["Cracked Core","NeowsBlessing","Whetstone","Centennial Puzzle","Orichalcum","PreservedInsect","Regal Pillow","Matryoshka","Nuclear Battery","Cables","Bag of Marbles","Happy Flower"],"potions_floor_usage":[18,33],"damage_taken":[{"damage":0,"enemies":"2 Louse","floor":1,"turns":1},{"damage":0,"enemies":"Gremlin Nob","floor":6,"turns":1},{"damage":0,"enemies":"Lagavulin","floor":8,"turns":1},{"damage":2,"enemies":"Jaw Worm","floor":11,"turns":2},{"damage":7,"enemies":"Small Slimes","floor":12,"turns":2},{"damage":0,"enemies":"Gremlin Nob","floor":14,"turns":3},{"damage":30,"enemies":"Hexaghost","floor":16,"turns":12},{"damage":0,"enemies":"3 Byrds","floor":18,"turns":1},{"damage":19,"enemies":"Colosseum Slavers","floor":20,"turns":3},{"damage":32,"enemies":"Shell Parasite","floor":21,"turns":5},{"damage":18,"enemies":"Slavers","floor":24,"turns":2},{"damage":6,"enemies":"Snake Plant","floor":28,"turns":4},{"damage":0,"enemies":"Cultist and Chosen","floor":30,"turns":5},{"damage":2,"enemies":"Snecko","floor":31,"turns":4},{"damage":79,"enemies":"Automaton","floor":33,"turns":10}],"seed_played":"8784108612314981179","potions_obtained":[{"floor":1,"key":"Fire Potion"},{"floor":8,"key":"PowerPotion"},{"floor":12,"key":"SmokeBomb"},{"floor":24,"key":"Weak Potion"},{"floor":28,"key":"LiquidBronze"}],"is_trial":false,"path_per_floor":["M","?","?","T","?","E","R","E","T","$","M","M","$","E","R","B",null,"M","?","?","M","$","R","E","R","T","R","M","$","M","M","R","B"],"character_chosen":"DEFECT","items_purchased":["Coolheaded"],"campfire_rested":4,"item_purchase_floors":[13],"current_hp_per_floor":[64,64,64,64,19,19,40,40,40,40,38,31,31,31,31,1,54,54,54,35,3,3,39,21,57,57,57,51,51,51,49,71,0],"gold":141,"neow_bonus":"THREE_ENEMY_KILL","is_prod":false,"is_daily":false,"chose_seed":false,"campfire_upgraded":2,"win_rate":0,"timestamp":1558996684,"path_taken":["M","?","?","?","?","E","R","E","T","?","M","?","$","E","R","BOSS","M","?","?","M","$","R","E","R","T","R","M","$","?","M","R","BOSS"],"build_version":"2019-01-23","purchased_purges":2,"victory":false,"max_hp_per_floor":[71,71,71,71,71,71,71,71,71,71,71,71,71,71,71,71,71,71,71,71,71,71,71,71,71,71,71,71,71,71,71,71,71],"card_choices":[{"not_picked":["Consume","Leap"],"picked":"Ball Lightning","floor":1},{"not_picked":["Cold Snap","Capacitor"],"picked":"Hologram","floor":6},{"not_picked":["Skim","Rebound"],"picked":"Core Surge","floor":8},{"not_picked":["Go for the Eyes","Rip and Tear"],"picked":"Blizzard","floor":11},{"not_picked":["Sweeping Beam","Chaos"],"picked":"Cold Snap","floor":12},{"not_picked":["Beam Cell","Gash"],"picked":"Leap","floor":14},{"not_picked":["Creative AI","All For One"],"picked":"Electrodynamics","floor":16},{"not_picked":["Turbo","Leap"],"picked":"Steam","floor":21},{"not_picked":["Beam Cell","Double Energy","Stack"],"picked":"SKIP","floor":24},{"not_picked":["Auto Shields","Rebound"],"picked":"Sweeping Beam","floor":28},{"not_picked":["Tempest","Beam Cell"],"picked":"Glacier","floor":30},{"not_picked":["Rip and Tear","Lockon+1"],"picked":"Go for the Eyes","floor":31}],"player_experience":762092,"relics_obtained":[{"floor":4,"key":"Whetstone"},{"floor":6,"key":"Orichalcum"},{"floor":8,"key":"PreservedInsect"},{"floor":9,"key":"Regal Pillow"},{"floor":14,"key":"Matryoshka"},{"floor":24,"key":"Cables"},{"floor":26,"key":"Bag of Marbles"},{"floor":26,"key":"Happy Flower"}],"event_choices":[{"damage_healed":0,"gold_gain":0,"cards_transformed":["Strike_B"],"player_choice":"Change","damage_taken":0,"max_hp_gain":0,"max_hp_loss":0,"event_name":"Living Wall","floor":2,"gold_loss":0,"cards_obtained":["Cold Snap"]},{"damage_healed":0,"gold_gain":0,"player_choice":"Ignored","damage_taken":0,"max_hp_gain":0,"max_hp_loss":0,"event_name":"Liars Game","floor":3,"gold_loss":0},{"damage_healed":0,"gold_gain":0,"player_choice":"Success","damage_taken":45,"relics_obtained":["Centennial Puzzle"],"max_hp_gain":0,"max_hp_loss":0,"event_name":"Scrap Ooze","floor":5,"gold_loss":0},{"cards_removed":["Defend_B"],"damage_healed":0,"gold_gain":0,"player_choice":"Gave Gold","damage_taken":0,"max_hp_gain":0,"max_hp_loss":0,"event_name":"Beggar","floor":19,"gold_loss":75},{"damage_healed":0,"gold_gain":0,"player_choice":"Fight","damage_taken":0,"max_hp_gain":0,"max_hp_loss":0,"event_name":"Colosseum","floor":20,"gold_loss":0},{"damage_healed":0,"gold_gain":0,"player_choice":"Fled From Nobs","damage_taken":0,"max_hp_gain":0,"max_hp_loss":0,"event_name":"Colosseum","floor":20,"gold_loss":0}],"is_beta":false,"boss_relics":[{"not_picked":["White Beast Statue","Black Star"],"picked":"Nuclear Battery"}],"items_purged_floors":[10,13],"is_endless":false,"potions_floor_spawned":[1,8,12,20,24,28,30],"killed_by":"Automaton","ascension_level":18}