{"gold_per_floor":[113,113,113,43,8,8,20,20,70,84,114,114,128,138,138,233,233,219,13,13,13,33,64,16,16,16,26,26,26,26,38,38,140,140,152,5,105,124,124,124,138,138,190,190,190,201,218,233,233,233],"floor_reached":50,"playtime":4572,"items_purged":[],"score":765,"play_id":"e69d9835-8ad7-41fe-81cd-176d3dbad309","local_time":"20190507200325","is_ascension_mode":true,"campfire_choices":[{"data":"Sweeping Beam","floor":6,"key":"SMITH"},{"data":"Dualcast","floor":8,"key":"SMITH"},{"floor":15,"key":"REST"},{"floor":28,"key":"REST"},{"floor":30,"key":"REST"},{"data":"Fission","floor":32,"key":"SMITH"},{"data":"Buffer","floor":40,"key":"SMITH"},{"data":"Coolheaded","floor":42,"key":"SMITH"},{"floor":45,"key":"RECALL"},{"data":"Reboot","floor":49,"key":"SMITH"}],"neow_cost":"NONE","seed_source_timestamp":298003750776409,"circlet_count":0,"master_deck":["Defend_B+1","Defend_B+1","Zap+1","Dualcast+1","Sweeping Beam+1","Skim","Blizzard+1","Glacier","Meteor Strike+1","Conserve Battery","Reinforced Body","Fission+1","Defragment+1","Cold Snap+1","Buffer+1","Conserve Battery+1","Buffer+1","Glacier","Go for the Eyes","Coolheaded+1","Compile Driver+1","Self Repair+1","Buffer+1","Reboot+1","Madness","Madness","Parasite","Conserve Battery+1","Coolheaded+1","Beam Cell+1","Hologram+1"],"relics":["Cracked Core","War Paint","Bag of Preparation","Astrolabe","Runic Capacitor","Whetstone","Molten Egg 2","Runic Pyramid","Anchor","Thread and Needle"],"potions_floor_usage":[11,11,22,31,50,50],"damage_taken":[{"damage":1,"enemies":"Cultist","floor":1,"turns":3},{"damage":5,"enemies":"Small Slimes","floor":7,"turns":3},{"damage":1,"enemies":"Jaw Worm","floor":10,"turns":4},{"damage":5,"enemies":"3 Sentries","floor":11,"turns":5},{"damage":5,"enemies":"Large Slime","floor":13,"turns":6},{"damage":0,"enemies":"Blue Slaver","floor":14,"turns":3},{"damage":15,"enemies":"The Guardian","floor":16,"turns":17},{"damage":0,"enemies":"2 Thieves","floor":18,"turns":5},{"damage":6,"enemies":"3 Byrds","floor":22,"turns":3},{"damage":24,"enemies":"Gremlin Leader","floor":23,"turns":8},{"damage":0,"enemies":"Centurion and Healer","floor":27,"turns":7},{"damage":0,"enemies":"Cultist and Chosen","floor":31,"turns":7},{"damage":0,"enemies":"Collector","floor":33,"turns":12},{"damage":0,"enemies":"3 Shapes","floor":35,"turns":5},{"damage":0,"enemies":"Mind Bloom Boss Battle","floor":37,"turns":13},{"damage":0,"enemies":"3 Darklings","floor":38,"turns":5},{"damage":0,"enemies":"Writhing Mass","floor":41,"turns":5},{"damage":0,"enemies":"Spire Growth","floor":46,"turns":7},{"damage":0,"enemies":"Jaw Worm Horde","floor":47,"turns":7},{"damage":0,"enemies":"3 Darklings","floor":48,"turns":6},{"damage":86,"enemies":"Awakened One","floor":50,"turns":8}],"seed_played":"-6296786911212775095","potions_obtained":[{"floor":1,"key":"PowerPotion"},{"floor":10,"key":"FocusPotion"},{"floor":16,"key":"PowerPotion"},{"floor":18,"key":"Strength Potion"},{"floor":27,"key":"GamblersBrew"},{"floor":33,"key":"SkillPotion"},{"floor":35,"key":"FearPotion"},{"floor":46,"key":"SmokeBomb"}],"is_trial":false,"path_per_floor":["M","?","?","$","?","R","M","R","T","M","E","?","M","M","R","B",null,"M","$","?","?","M","E","$","?","T","M","R","?","R","M","R","B",null,"M","$","?","M","?","R","M","R","T","?","R","M","M","M","R","B"],"character_chosen":"DEFECT","items_purchased":["Blizzard","Runic Capacitor","Coolheaded","Anchor"],"campfire_rested":3,"item_purchase_floors":[4,19,24,36],"current_hp_per_floor":[67,67,67,67,75,75,70,70,70,69,64,57,52,52,74,59,71,71,71,71,71,65,41,41,41,41,41,63,56,75,75,75,75,75,75,75,75,75,66,66,75,75,75,75,75,75,75,75,75,0],"gold":233,"neow_bonus":"UPGRADE_CARD","is_prod":false,"is_daily":false,"chose_seed":false,"campfire_upgraded":6,"win_rate":0,"timestamp":1557284605,"path_taken":["M","?","?","$","?","R","M","R","T","M","E","?","M","?","R","BOSS","M","$","?","?","?","E","$","?","T","M","R","?","R","?","R","BOSS","M","?","?","M","?","R","M","R","T","?","R","M","M","M","R","BOSS"],"build_version":"2019-01-23","purchased_purges":0,"victory":false,"max_hp_per_floor":[75,75,75,75,75,75,75,75,75,75,75,75,75,75,75,75,75,75,75,75,75,75,75,75,75,75,75,75,75,75,75,75,75,75,75,75,75,75,75,75,75,75,75,75,75,75,75,75,75,75],"card_choices":[{"not_picked":["Recycle","Barrage"],"picked":"Sweeping Beam","floor":1},{"not_picked":["Compile Driver","Redo"],"picked":"Glacier","floor":7},{"not_picked":["Steam Power","Rebound","Recycle"],"picked":"SKIP","floor":10},{"not_picked":["Heatsinks","Compile Driver"],"picked":"Meteor Strike","floor":11},{"not_picked":["Hello World","Rebound"],"picked":"Conserve Battery","floor":13},{"not_picked":["Gash","Streamline"],"picked":"Reinforced Body","floor":14},{"not_picked":["Amplify","Multi-Cast"],"picked":"Fission","floor":16},{"not_picked":["FTL","Stack"],"picked":"Conserve Battery+1","floor":18},{"not_picked":["Force Field","Leap"],"picked":"Glacier","floor":22},{"not_picked":["Fusion","Redo"],"picked":"Go for the Eyes","floor":23},{"not_picked":["Cold Snap+1","Ball Lightning+1"],"picked":"Compile Driver+1","floor":27},{"not_picked":["Tempest+1","Darkness"],"picked":"Self Repair+1","floor":31},{"not_picked":["Rainbow","Amplify"],"picked":"Buffer","floor":33},{"not_picked":["White Noise","Ball Lightning+1","Streamline+1"],"picked":"SKIP","floor":35},{"not_picked":["Stack+1","Barrage+1"],"picked":"Reboot","floor":38},{"not_picked":["Rebound+1","Sweeping Beam+1"],"picked":"Conserve Battery+1","floor":41},{"not_picked":["Melter+1","Redo"],"picked":"Coolheaded+1","floor":46},{"not_picked":["Stack","Barrage+1"],"picked":"Beam Cell+1","floor":47},{"not_picked":["Auto Shields","Turbo+1"],"picked":"Hologram+1","floor":48}],"player_experience":313030,"relics_obtained":[{"floor":9,"key":"War Paint"},{"floor":11,"key":"Bag of Preparation"},{"floor":23,"key":"Whetstone"},{"floor":26,"key":"Molten Egg 2"},{"floor":37,"key":"Thread and Needle"}],"event_choices":[{"damage_healed":0,"gold_gain":0,"cards_transformed":["Strike_B"],"player_choice":"Change","damage_taken":0,"max_hp_gain":0,"max_hp_loss":0,"event_name":"Living Wall","floor":2,"gold_loss":0,"cards_obtained":["Skim"]},{"damage_healed":0,"gold_gain":0,"player_choice":"Ignored","damage_taken":0,"max_hp_gain":0,"max_hp_loss":0,"event_name":"Liars Game","floor":3,"gold_loss":0},{"damage_healed":18,"gold_gain":0,"player_choice":"Healed","damage_taken":0,"max_hp_gain":0,"max_hp_loss":0,"event_name":"The Cleric","floor":5,"gold_loss":35},{"cards_removed":["Strike_B"],"damage_healed":0,"gold_gain":0,"player_choice":"Card Removal","damage_taken":7,"max_hp_gain":0,"max_hp_loss":0,"event_name":"Golden Wing","floor":12,"gold_loss":0},{"cards_removed":["Defend_B"],"damage_healed":0,"gold_gain":0,"player_choice":"Elegance","damage_taken":0,"max_hp_gain":0,"max_hp_loss":0,"event_name":"Back to Basics","floor":20,"gold_loss":0},{"damage_healed":0,"gold_gain":0,"player_choice":"Copied","damage_taken":0,"max_hp_gain":0,"max_hp_loss":0,"event_name":"Duplicator","floor":21,"gold_loss":0,"cards_obtained":["Buffer"]},{"damage_healed":0,"gold_gain":0,"player_choice":"","damage_taken":7,"max_hp_gain":0,"max_hp_loss":0,"event_name":"Knowing Skull","floor":29,"potions_obtained":[],"gold_loss":0,"cards_obtained":[]},{"damage_healed":0,"gold_gain":0,"player_choice":"Fight","damage_taken":0,"max_hp_gain":0,"max_hp_loss":0,"event_name":"MindBloom","floor":37,"gold_loss":0},{"damage_healed":0,"gold_gain":0,"player_choice":"Embrace Madness","damage_taken":9,"max_hp_gain":0,"max_hp_loss":0,"event_name":"Winding Halls","floor":39,"gold_loss":0,"cards_obtained":["Madness","Madness"]},{"damage_healed":0,"gold_gain":0,"player_choice":"Ignored","damage_taken":0,"max_hp_gain":0,"max_hp_loss":0,"event_name":"Tomb of Lord Red Mask","floor":44,"gold_loss":0}],"is_beta":false,"boss_relics":[{"not_picked":["Fusion Hammer","Ectoplasm"],"picked":"Astrolabe"},{"not_picked":["Empty Cage","Cursed Key"],"picked":"Runic Pyramid"}],"items_purged_floors":[],"is_endless":false,"potions_floor_spawned":[1,10,16,18,27,33,35,46],"killed_by":"Awakened One","ascension_level":9}