{"gold_per_floor":[214,226,246,246,263,291,291,291,291,42,42,42,81,100,100,100],"floor_reached":16,"playtime":1061,"items_purged":[],"score":110,"play_id":"fbe3dd21-427a-496b-af14-69774717cf9f","local_time":"20190523211328","is_ascension_mode":false,"campfire_choices":[{"data":"Doom and Gloom","floor":11.0,"key":"SMITH"},{"floor":15,"key":"REST"}],"neow_cost":"NONE","seed_source_timestamp":188086214462900,"circlet_count":0,"master_deck":["Strike_B","Strike_B","Strike_B","Defend_B","Defend_B","Defend_B","Defend_B","Zap","Dualcast","Glacier","Doom and Gloom+1","Injury","Regret","Cold Snap","Tempest"],"special_seed":0,"relics":["Cracked Core","Pantograph","Golden Idol","Ancient Tea Set","Frozen Egg 2","Matryoshka","Girya"],"potions_floor_usage":[16,16,16],"damage_taken":[{"damage":1.0,"enemies":"Small Slimes","floor":1.0,"turns":3.0},{"damage":0.0,"enemies":"Cultist","floor":2.0,"turns":3.0},{"damage":6.0,"enemies":"Jaw Worm","floor":3.0,"turns":4.0},{"damage":1.0,"enemies":"Blue Slaver","floor":5.0,"turns":4.0},{"damage":10.0,"enemies":"Lagavulin","floor":6.0,"turns":6.0},{"damage":23.0,"enemies":"Gremlin Nob","floor":13.0,"turns":5.0},{"damage":18,"enemies":"Exordium Thugs","floor":14,"turns":5},{"damage":63,"enemies":"Slime Boss","floor":16,"turns":13}],"seed_played":"4014294710693941764","potions_obtained":[{"floor":3.0,"key":"AttackPotion"},{"floor":6.0,"key":"Ancient Potion"},{"floor":13.0,"key":"SteroidPotion"},{"floor":14,"key":"GamblersBrew"}],"is_trial":false,"path_per_floor":["M","M","M","?","M","E","?","?","T","$","R","$","E","M","R","B"],"character_chosen":"DEFECT","items_purchased":["Matryoshka"],"campfire_rested":1,"item_purchase_floors":[10],"current_hp_per_floor":[74,74,68,68,67,57,57,57,57,57,57,57,34,16,38,0],"gold":100,"neow_bonus":"HUNDRED_GOLD","is_prod":false,"is_daily":false,"chose_seed":false,"campfire_upgraded":1,"win_rate":0.0,"timestamp":1558671208,"path_taken":["M","M","M","?","?","E","?","?","T","$","R","$","E","M","R","BOSS"],"build_version":"2019-01-23","purchased_purges":0,"victory":false,"max_hp_per_floor":[75,75,75,75,75,75,75,75,75,75,75,75,75,75,75,75],"card_choices":[{"not_picked":["Steam","Gash","Storm"],"picked":"SKIP","floor":1.0},{"not_picked":["Steam","Beam Cell","BootSequence"],"picked":"SKIP","floor":2.0},{"not_picked":["Darkness","Conserve Battery"],"picked":"Glacier","floor":3.0},{"not_picked":["Leap","Chaos"],"picked":"Doom and Gloom","floor":5.0},{"not_picked":["Heatsinks","Aggregate","Coolheaded"],"picked":"SKIP","floor":6.0},{"not_picked":["Creative AI+1","Stack"],"picked":"Cold Snap","floor":13.0},{"not_picked":["Redo","Beam Cell"],"picked":"Tempest","floor":14}],"player_experience":38883,"relics_obtained":[{"floor":6.0,"key":"Pantograph"},{"floor":9.0,"key":"Frozen Egg 2"},{"floor":13.0,"key":"Girya"}],"event_choices":[{"cards_removed":["Strike_B"],"damage_healed":0.0,"max_hp_gain":0.0,"max_hp_loss":0.0,"gold_gain":0.0,"event_name":"Wheel of Change","player_choice":"Card Removal","floor":4.0,"gold_loss":0.0,"damage_taken":0.0},{"damage_healed":0.0,"max_hp_gain":0.0,"max_hp_loss":0.0,"gold_gain":0.0,"event_name":"Golden Idol","player_choice":"Take Wound","floor":7.0,"gold_loss":0.0,"damage_taken":0.0,"relics_obtained":["Golden Idol"],"cards_obtained":["Injury"]},{"damage_healed":0.0,"max_hp_gain":0.0,"max_hp_loss":0.0,"gold_gain":0.0,"event_name":"Big Fish","player_choice":"Box","floor":8.0,"gold_loss":0.0,"damage_taken":0.0,"relics_obtained":["Ancient Tea Set"],"cards_obtained":["Regret"]}],"is_beta":false,"boss_relics":[],"items_purged_floors":[],"is_endless":false,"potions_floor_spawned":[3,6,13,14],"killed_by":"Slime Boss","ascension_level":0}