{"gold_per_floor":[113,132,146,162,51,79,79,31,31,44,55,67,85,15,15,114,114,114],"floor_reached":18,"playtime":680,"items_purged":["Accuracy"],"score":166,"play_id":"dd5b08d5-bd58-409b-82fd-8011a369c56b","local_time":"20181126161623","is_ascension_mode":false,"campfire_choices":[{"floor":15,"key":"REST"}],"neow_cost":"NONE","seed_source_timestamp":5267787710262,"circlet_count":0,"master_deck":["Defend_G","Defend_G","Defend_G","Defend_G","Defend_G","Strike_G+1","Strike_G","Strike_G","Strike_G","Strike_G","Survivor","Neutralize+1","Bouncing Flask","Caltrops","Noxious Fumes","Backflip","Flying Knee","Catalyst","Backstab","Dodge and Roll","Well Laid Plans"],"relics":["White Beast Statue","Whetstone","NlothsMask","HoveringKite"],"potions_floor_usage":[4,6,10,11,12,13,16,16],"damage_taken":[{"damage":2,"enemies":"Cultist","floor":1,"turns":5},{"damage":6,"enemies":"Jaw Worm","floor":2,"turns":5},{"damage":0,"enemies":"2 Louse","floor":3,"turns":3},{"damage":7,"enemies":"Blue Slaver","floor":4,"turns":3},{"damage":6,"enemies":"Lagavulin","floor":6,"turns":7},{"damage":0,"enemies":"2 Fungi Beasts","floor":10,"turns":3},{"damage":14,"enemies":"Exordium Wildlife","floor":11,"turns":4},{"damage":7,"enemies":"Gremlin Gang","floor":12,"turns":6},{"damage":0,"enemies":"Blue Slaver","floor":13,"turns":3},{"damage":37,"enemies":"Slime Boss","floor":16,"turns":9},{"damage":15,"enemies":"Spheric Guardian","floor":18,"turns":5}],"seed_played":"5561866310005363766","potions_obtained":[{"floor":1,"key":"SkillPotion"},{"floor":2,"key":"Fire Potion"},{"floor":3,"key":"Dexterity Potion"},{"floor":4,"key":"PowerPotion"},{"floor":6,"key":"Fire Potion"},{"floor":10,"key":"Explosive Potion"},{"floor":11,"key":"EssenceOfSteel"},{"floor":12,"key":"LiquidBronze"},{"floor":13,"key":"Block Potion"},{"floor":16,"key":"GhostInAJar"}],"is_trial":false,"path_per_floor":["M","M","M","M","$","E","?","$","T","M","M","M","M","$","R","B",null,"M"],"character_chosen":"THE_SILENT","items_purchased":["Noxious Fumes","Flying Knee","Well Laid Plans"],"campfire_rested":1,"item_purchase_floors":[5,8,14],"current_hp_per_floor":[68,62,62,55,55,49,49,49,49,49,35,28,28,28,49,12,70,55],"gold":114,"neow_bonus":"BOSS_RELIC","is_prod":false,"is_daily":false,"chose_seed":false,"campfire_upgraded":0,"win_rate":0,"timestamp":1543245383,"path_taken":["M","M","M","M","?","E","?","$","T","M","?","M","M","$","R","BOSS","M"],"build_version":"2018-11-15","purchased_purges":1,"victory":false,"max_hp_per_floor":[70,70,70,70,70,70,70,70,70,70,70,70,70,70,70,70,70,70],"card_choices":[{"not_picked":["Slice","Backstab"],"picked":"Accuracy","floor":1},{"not_picked":["Prepared","Riddle With Holes","Flechettes"],"picked":"SKIP","floor":2},{"not_picked":["Crippling Poison","Bane"],"picked":"Bouncing Flask","floor":3},{"not_picked":["Choke","Underhanded Strike"],"picked":"Caltrops","floor":4},{"not_picked":["Quick Slash","Reflex"],"picked":"Backflip","floor":6},{"not_picked":["Acrobatics","Slice"],"picked":"Catalyst","floor":10},{"not_picked":["Acrobatics","Riddle With Holes","Reflex"],"picked":"SKIP","floor":11},{"not_picked":["Flying Knee","Caltrops"],"picked":"Backstab","floor":12},{"not_picked":["Outmaneuver","Underhanded Strike"],"picked":"Dodge and Roll","floor":13}],"player_experience":143417,"relics_obtained":[{"floor":6,"key":"Whetstone"}],"event_choices":[{"damage_healed":0,"gold_gain":0,"player_choice":"Trade","damage_taken":0,"relics_obtained":["NlothsMask"],"max_hp_gain":0,"max_hp_loss":0,"event_name":"FaceTrader","floor":7,"gold_loss":0}],"is_beta":false,"boss_relics":[{"not_picked":["Runic Dome","Runic Pyramid"],"picked":"HoveringKite"}],"items_purged_floors":[5],"is_endless":false,"potions_floor_spawned":[1,2,3,4,6,10,11,12,13,16],"killed_by":"Spheric Guardian","ascension_level":0}