{"gold_per_floor":[117,117,217,237,250,250,278,278,323,339,115,128,145,206,206,302,302,318,318,330,380,393,393,409,421,421,421,113,132,132,132,132,230,230,250,154,172,172,183,212,212],"floor_reached":41,"playtime":1204,"items_purged":["Defend_R","Dropkick"],"score":450,"play_id":"31814b9b-b692-4051-ac16-1e9b0e87b134","local_time":"20190318233851","is_ascension_mode":false,"campfire_choices":[{"data":"Perfected Strike","floor":6.0,"key":"SMITH"},{"data":"Perfected Strike","floor":8.0,"key":"SMITH"},{"data":"Metallicize","floor":15.0,"key":"SMITH"},{"data":"Perfected Strike","floor":23,"key":"SMITH"},{"data":"Perfected Strike","floor":27,"key":"SMITH"},{"data":"Exhume","floor":30,"key":"SMITH"},{"floor":32,"key":"REST"}],"neow_cost":"NONE","seed_source_timestamp":439753013270181,"circlet_count":0,"master_deck":["Strike_R","Strike_R","Strike_R","Strike_R+1","Strike_R","Defend_R","Defend_R+1","Bash","Clothesline","Spot Weakness","Perfected Strike+1","Perfected Strike+1","Twin Strike","Twin Strike","Metallicize+1","Reaper","Perfected Strike+1","Pommel Strike","Perfected Strike+1","Exhume+1","Bloodletting+1","Pommel Strike","Shrug It Off+1","Inflame","RitualDagger","Limit Break","Battle Trance+1","Trip","Perfected Strike","Pommel Strike"],"special_seed":0,"relics":["Burning Blood","Potion Belt","Omamori","Strawberry","Lantern","Orrery","Sundial","ClockworkSouvenir","Sozu","Bronze Scales"],"potions_floor_usage":[22,33,33,33,33],"damage_taken":[{"damage":6.0,"enemies":"Cultist","floor":1.0,"turns":3.0},{"damage":4.0,"enemies":"Small Slimes","floor":4.0,"turns":3.0},{"damage":0.0,"enemies":"2 Louse","floor":5.0,"turns":3.0},{"damage":36.0,"enemies":"3 Sentries","floor":7.0,"turns":6.0},{"damage":11.0,"enemies":"Exordium Wildlife","floor":10.0,"turns":3.0},{"damage":4.0,"enemies":"Gremlin Gang","floor":12.0,"turns":4.0},{"damage":0.0,"enemies":"2 Fungi Beasts","floor":13.0,"turns":2.0},{"damage":12.0,"enemies":"Gremlin Nob","floor":14.0,"turns":3.0},{"damage":20.0,"enemies":"Hexaghost","floor":16.0,"turns":8.0},{"damage":26.0,"enemies":"2 Thieves","floor":18.0,"turns":4.0},{"damage":20.0,"enemies":"Shell Parasite","floor":20.0,"turns":4.0},{"damage":3,"enemies":"Centurion and Healer","floor":22,"turns":3},{"damage":12,"enemies":"Snake Plant","floor":24,"turns":3},{"damage":20,"enemies":"Cultist and Chosen","floor":25,"turns":4},{"damage":16,"enemies":"Sentry and Sphere","floor":29,"turns":4},{"damage":20,"enemies":"Champ","floor":33,"turns":10},{"damage":16,"enemies":"3 Shapes","floor":35,"turns":3},{"damage":3,"enemies":"Orb Walker","floor":37,"turns":1},{"damage":20,"enemies":"3 Darklings","floor":39,"turns":4},{"damage":71,"enemies":"Reptomancer","floor":40,"turns":5},{"damage":32,"enemies":"Writhing Mass","floor":41,"turns":1}],"seed_played":"-8470737655466132782","potions_obtained":[{"floor":1.0,"key":"Block Potion"},{"floor":5.0,"key":"Dexterity Potion"},{"floor":12.0,"key":"EssenceOfSteel"},{"floor":14.0,"key":"AttackPotion"},{"floor":16.0,"key":"EssenceOfSteel"},{"floor":24,"key":"Weak Potion"}],"is_trial":false,"path_per_floor":["M","?","?","M","M","R","E","R","T","M","$","M","M","?","R","B",null,"M","?","M","?","M","R","M","M","T","R","$","M","R","?","R","B",null,"M","$","M","$","M","E","M"],"character_chosen":"IRONCLAD","items_purchased":["Strawberry","ClockworkSouvenir","Trip"],"campfire_rested":1,"item_purchase_floors":[11,28,36],"current_hp_per_floor":[80,64,64,66,72,72,42,42,42,37,44,46,52,46,46,32,87,74,74,60,60,63,63,57,43,43,43,43,33,33,27,53,39,87,77,77,80,80,66,22,0],"gold":212,"neow_bonus":"TRANSFORM_CARD","is_prod":false,"is_daily":false,"chose_seed":false,"campfire_upgraded":6,"win_rate":0,"timestamp":1552919931,"path_taken":["M","?","?","M","M","R","E","R","T","?","$","M","M","?","R","BOSS","M","?","M","?","M","R","M","M","T","R","$","?","R","?","R","BOSS","M","$","M","$","M","E","M"],"build_version":"2019-01-23","purchased_purges":2,"victory":false,"max_hp_per_floor":[80,80,80,80,80,80,80,80,80,80,87,87,87,87,87,87,87,87,87,87,87,87,87,87,87,87,87,87,87,87,87,87,87,87,87,87,87,87,87,87,87],"card_choices":[{"not_picked":["Fire Breathing","Body Slam"],"picked":"Clothesline","floor":1.0},{"not_picked":["Headbutt","Ghostly Armor"],"picked":"Spot Weakness","floor":4.0},{"not_picked":["Sword Boomerang","Thunderclap"],"picked":"Perfected Strike","floor":5.0},{"not_picked":["Havoc","Clash"],"picked":"Perfected Strike","floor":7.0},{"not_picked":["Entrench","Bludgeon","Dropkick"],"picked":"SKIP","floor":10.0},{"not_picked":["True Grit","Clothesline"],"picked":"Twin Strike","floor":12.0},{"not_picked":["Corruption","Flex"],"picked":"Twin Strike","floor":13.0},{"not_picked":["Havoc","Clothesline"],"picked":"Metallicize","floor":14.0},{"not_picked":["Brutality","Dark Embrace"],"picked":"Reaper","floor":16.0},{"not_picked":["Pummel","Rage"],"picked":"Perfected Strike","floor":17.0},{"not_picked":["Shockwave","True Grit"],"picked":"Pommel Strike","floor":17.0},{"not_picked":["Shrug It Off","Warcry"],"picked":"Perfected Strike","floor":17.0},{"not_picked":["Hemokinesis+1","Headbutt"],"picked":"Exhume","floor":18.0},{"not_picked":["Anger","Armaments+1"],"picked":"Bloodletting+1","floor":20.0},{"not_picked":["Warcry","Cleave"],"picked":"Pommel Strike","floor":22},{"not_picked":["Heavy Blade","Anger+1","Sever Soul"],"picked":"SKIP","floor":24},{"not_picked":["Searing Blow","Immolate"],"picked":"Shrug It Off+1","floor":25},{"not_picked":["True Grit","Sword Boomerang"],"picked":"Inflame","floor":29},{"not_picked":["Reaper","Exhume"],"picked":"Limit Break","floor":33},{"not_picked":["Clothesline+1","Wild Strike+1"],"picked":"Battle Trance+1","floor":35},{"not_picked":["Body Slam","Sword Boomerang","Headbutt+1"],"picked":"SKIP","floor":37},{"not_picked":["Sentinel+1","Clash+1"],"picked":"Perfected Strike","floor":39},{"not_picked":["Blood for Blood","Clash+1"],"picked":"Pommel Strike","floor":40}],"player_experience":310682,"relics_obtained":[{"floor":7.0,"key":"Potion Belt"},{"floor":9.0,"key":"Omamori"},{"floor":14.0,"key":"Lantern"},{"floor":26,"key":"Sundial"},{"floor":40,"key":"Bronze Scales"}],"event_choices":[{"damage_healed":0.0,"max_hp_gain":0.0,"max_hp_loss":0.0,"gold_gain":0.0,"event_name":"Shining Light","player_choice":"Entered Light","floor":2.0,"gold_loss":0.0,"damage_taken":16.0,"cards_upgraded":["Strike_R","Defend_R"]},{"damage_healed":0.0,"max_hp_gain":0.0,"max_hp_loss":0.0,"gold_gain":100.0,"event_name":"Golden Shrine","player_choice":"Pray","floor":3.0,"gold_loss":0.0,"damage_taken":0.0},{"damage_healed":0.0,"max_hp_gain":0.0,"max_hp_loss":0.0,"gold_gain":0.0,"event_name":"Dead Adventurer","player_choice":"Searched \u00271\u0027 times","floor":14.0,"gold_loss":0.0,"damage_taken":0.0},{"damage_healed":0.0,"max_hp_gain":0.0,"max_hp_loss":0.0,"gold_gain":0.0,"event_name":"Ghosts","player_choice":"Ignored","floor":19.0,"gold_loss":0.0,"damage_taken":0.0},{"damage_healed":0,"gold_gain":100,"player_choice":"Bet on Murderer","damage_taken":0,"max_hp_gain":0,"max_hp_loss":0,"event_name":"The Joust","floor":21,"gold_loss":50},{"damage_healed":0,"gold_gain":0,"player_choice":"Joined the Cult","damage_taken":6,"max_hp_gain":0,"max_hp_loss":0,"event_name":"Nest","floor":31,"gold_loss":0,"cards_obtained":["RitualDagger"]}],"is_beta":false,"boss_relics":[{"not_picked":["Busted Crown","Lizard Tail"],"picked":"Orrery"},{"not_picked":["Empty Cage","White Beast Statue"],"picked":"Sozu"}],"items_purged_floors":[11,28],"is_endless":false,"potions_floor_spawned":[1,5,12,14,16,24,29,35],"killed_by":"Writhing Mass","ascension_level":0}