{"gold_per_floor":[113,113,113,126,138,138,153,166,218,238,264,283,283,283],"floor_reached":14,"playtime":621,"items_purged":[],"score":94,"play_id":"7e482ca7-011a-465f-acda-ec7004087ded","local_time":"20181118094432","is_ascension_mode":false,"campfire_choices":[{"data":"Bash","floor":6,"key":"SMITH"}],"neow_cost":"NONE","seed_source_timestamp":6640405426846,"circlet_count":0,"master_deck":["Strike_R","Strike_R","Strike_R","Strike_R","Strike_R","Defend_R","Defend_R","Defend_R","Defend_R","Bash+1","Infernal Blade","Regret","Flame Barrier","Shrug It Off","Flex","Clash","Sword Boomerang","Defend_G"],"relics":["Burning Blood","Strawberry","Gremlin Horn","Dream Catcher","Juzu Bracelet"],"potions_floor_usage":[11,14],"damage_taken":[{"damage":8,"enemies":"Jaw Worm","floor":1,"turns":4},{"damage":5,"enemies":"2 Louse","floor":4,"turns":3},{"damage":10,"enemies":"Cultist","floor":5,"turns":4},{"damage":30,"enemies":"Gremlin Gang","floor":7,"turns":7},{"damage":9,"enemies":"2 Fungi Beasts","floor":8,"turns":4},{"damage":4,"enemies":"Lots of Slimes","floor":10,"turns":4},{"damage":44,"enemies":"3 Sentries","floor":11,"turns":13},{"damage":8,"enemies":"Large Slime","floor":12,"turns":8},{"damage":20,"enemies":"Gremlin Nob","floor":14,"turns":3}],"seed_played":"-3738152655153862028","potions_obtained":[{"floor":4,"key":"Strength Potion"},{"floor":8,"key":"Energy Potion"},{"floor":11,"key":"SteroidPotion"},{"floor":12,"key":"SkillPotion"}],"is_trial":false,"path_per_floor":["M","?","?","M","M","R","M","M","T","M","E","M","?","E"],"character_chosen":"IRONCLAD","items_purchased":[],"campfire_rested":0,"item_purchase_floors":[],"current_hp_per_floor":[85,85,85,86,82,82,58,55,55,57,19,17,17,0],"gold":283,"neow_bonus":"RANDOM_COMMON_RELIC","is_prod":false,"is_daily":false,"chose_seed":false,"campfire_upgraded":1,"win_rate":0,"timestamp":1542530672,"path_taken":["M","?","?","M","?","R","?","M","T","M","E","M","?","E"],"build_version":"2018-11-15","purchased_purges":0,"victory":false,"max_hp_per_floor":[87,87,87,87,87,87,87,87,87,87,87,87,87,87],"card_choices":[{"not_picked":["Wild Strike","Heavy Blade"],"picked":"Infernal Blade","floor":1},{"not_picked":["Warcry","Uppercut"],"picked":"Flame Barrier","floor":4},{"not_picked":["Havoc","Combust"],"picked":"Shrug It Off","floor":5},{"not_picked":["Intimidate","Wild Strike"],"picked":"Flex","floor":7},{"not_picked":["Anger","Whirlwind"],"picked":"Clash","floor":8},{"not_picked":["Seeing Red","Anger","Clothesline"],"picked":"SKIP","floor":10},{"not_picked":["Hemokinesis","Fiend Fire"],"picked":"Metallicize","floor":11},{"not_picked":["Dropkick","Thunderclap"],"picked":"Sword Boomerang","floor":12}],"player_experience":114056,"relics_obtained":[{"floor":9,"key":"Dream Catcher"},{"floor":11,"key":"Juzu Bracelet"}],"event_choices":[{"damage_healed":0,"gold_gain":0,"player_choice":"Box","damage_taken":0,"relics_obtained":["Gremlin Horn"],"max_hp_gain":0,"max_hp_loss":0,"event_name":"Big Fish","floor":2,"gold_loss":0,"cards_obtained":["Regret"]},{"damage_healed":0,"gold_gain":0,"player_choice":"Bought 0 Potions","damage_taken":0,"max_hp_gain":0,"max_hp_loss":0,"event_name":"The Woman in Blue","floor":3,"gold_loss":0},{"cards_removed":["Metallicize"],"damage_healed":0,"gold_gain":0,"player_choice":"Took Card","damage_taken":0,"max_hp_gain":0,"max_hp_loss":0,"event_name":"NoteForYourself","floor":13,"gold_loss":0,"cards_obtained":["Defend_G"]}],"is_beta":false,"boss_relics":[],"items_purged_floors":[],"is_endless":false,"potions_floor_spawned":[4,8,11,12],"killed_by":"Gremlin Nob","ascension_level":0}