{"gold_per_floor":[117,292,292,308,320,320,320,335,335,335,347,347,272,291,291,389,389,401,401,413,423,438,438,457,457,457,472,472,54,68,78,78,78],"floor_reached":33,"playtime":995,"items_purged":["Decay","Doubt"],"score":243,"play_id":"3a2ee2fa-e579-427f-af69-3cb5c6046821","local_time":"20190603135932","is_ascension_mode":false,"campfire_choices":[{"data":"True Grit","floor":6.0,"key":"SMITH"},{"data":"Glass Knife","floor":10,"key":"SMITH"},{"data":"Armaments","floor":12,"key":"SMITH"},{"data":"Rampage","floor":15,"key":"SMITH"},{"floor":23,"key":"REST"},{"floor":25,"key":"REST"},{"floor":28,"key":"REST"},{"floor":32,"key":"REST"}],"neow_cost":"NONE","seed_source_timestamp":0,"circlet_count":0,"master_deck":["Strike_R","Strike_R","Strike_R","Strike_R","Strike_R","Defend_R","Defend_R","Defend_R","Defend_R","Bash","Glass Knife+1","True Grit+1","Flex","Rampage+1","Armaments+1","Shrug It Off","Bludgeon","Clothesline+1","Thunderclap","Ghostly Armor","Barricade","Impervious","Enlightenment","Intimidate"],"special_seed":0,"relics":["Cursed Key"],"potions_floor_usage":[11,16,20,24,31,33,33],"damage_taken":[{"damage":0.0,"enemies":"2 Louse","floor":1.0,"turns":3.0},{"damage":0.0,"enemies":"Cultist","floor":4.0,"turns":2.0},{"damage":2.0,"enemies":"Small Slimes","floor":5.0,"turns":4.0},{"damage":32,"enemies":"Gremlin Gang","floor":8,"turns":6},{"damage":7,"enemies":"Lots of Slimes","floor":11,"turns":4},{"damage":3,"enemies":"Red Slaver","floor":14,"turns":2},{"damage":26,"enemies":"The Guardian","floor":16,"turns":13},{"damage":24,"enemies":"Spheric Guardian","floor":18,"turns":5},{"damage":9,"enemies":"3 Byrds","floor":20,"turns":4},{"damage":20,"enemies":"Snake Plant","floor":21,"turns":5},{"damage":1,"enemies":"Snecko","floor":22,"turns":4},{"damage":27,"enemies":"Centurion and Healer","floor":24,"turns":5},{"damage":31,"enemies":"Sentry and Sphere","floor":27,"turns":7},{"damage":8,"enemies":"Snecko","floor":30,"turns":4},{"damage":9,"enemies":"Snake Plant","floor":31,"turns":3},{"damage":56,"enemies":"Collector","floor":33,"turns":7}],"seed_played":"1522637176355893216","potions_obtained":[{"floor":5.0,"key":"BloodPotion"},{"floor":14,"key":"Block Potion"},{"floor":16,"key":"Explosive Potion"},{"floor":18,"key":"Dexterity Potion"},{"floor":22,"key":"Weak Potion"},{"floor":24,"key":"Ancient Potion"},{"floor":30,"key":"LiquidBronze"}],"is_trial":false,"path_per_floor":["M","?","?","M","M","R","T","M","T","R","M","R","$","M","R","B",null,"M","?","M","M","M","R","M","R","T","M","R","$","M","M","R","B"],"character_chosen":"IRONCLAD","items_purchased":["Barricade","Impervious","Enlightenment"],"campfire_rested":4,"item_purchase_floors":[29,29,29],"current_hp_per_floor":[80,80,80,80,78,78,78,46,46,46,47,47,47,44,44,18,80,56,56,47,27,26,50,23,47,47,16,40,40,32,23,47,0],"gold":78,"neow_bonus":"BOSS_RELIC","is_prod":false,"is_daily":false,"chose_seed":false,"campfire_upgraded":4,"win_rate":0,"timestamp":1559563172,"path_taken":["M","?","?","M","?","R","?","M","T","R","M","R","$","?","R","BOSS","M","?","M","?","?","R","M","R","T","M","R","?","M","M","R","BOSS"],"build_version":"2019-01-23","purchased_purges":2,"victory":false,"max_hp_per_floor":[80,80,80,80,80,80,80,80,80,80,80,80,80,80,80,80,80,80,80,80,80,80,80,80,80,80,80,80,80,80,80,80,80],"card_choices":[{"not_picked":["Headbutt","Twin Strike"],"picked":"True Grit","floor":1.0},{"not_picked":["Shrug It Off","Anger"],"picked":"True Grit","floor":4.0},{"not_picked":["Clash","Blood for Blood"],"picked":"Flex","floor":5.0},{"not_picked":["Clothesline","True Grit"],"picked":"Rampage","floor":8},{"not_picked":["Warcry","Twin Strike"],"picked":"Armaments","floor":11},{"not_picked":["Body Slam","Cleave"],"picked":"Shrug It Off","floor":14},{"not_picked":["Brutality","Immolate"],"picked":"Bludgeon","floor":16},{"not_picked":["Pommel Strike","Clash"],"picked":"Clothesline+1","floor":18},{"not_picked":["Clash","Heavy Blade"],"picked":"Thunderclap","floor":20},{"not_picked":["Battle Trance","Twin Strike"],"picked":"Ghostly Armor","floor":21},{"not_picked":["Cleave","Pommel Strike+1","Body Slam+1"],"picked":"SKIP","floor":22},{"not_picked":["Evolve","Bloodletting","Headbutt"],"picked":"SKIP","floor":24},{"not_picked":["Havoc","Body Slam","Warcry"],"picked":"SKIP","floor":27},{"not_picked":["Spot Weakness","Perfected Strike"],"picked":"Intimidate","floor":30},{"not_picked":["Double Tap","Whirlwind+1","Anger+1"],"picked":"SKIP","floor":31}],"player_experience":289064,"relics_obtained":[],"event_choices":[{"damage_healed":0.0,"max_hp_gain":0.0,"max_hp_loss":0.0,"gold_gain":175.0,"event_name":"Liars Game","player_choice":"AGREE","floor":2.0,"gold_loss":0.0,"damage_taken":0.0,"cards_obtained":["Doubt"]},{"cards_removed":["True Grit"],"damage_healed":0.0,"max_hp_gain":0.0,"max_hp_loss":0.0,"gold_gain":0.0,"event_name":"NoteForYourself","player_choice":"Took Card","floor":3.0,"gold_loss":0.0,"damage_taken":0.0,"cards_obtained":["Glass Knife"]},{"damage_healed":0,"gold_gain":0,"player_choice":"0 cards matched","damage_taken":0,"max_hp_gain":0,"max_hp_loss":0,"event_name":"Match and Keep!","floor":19,"gold_loss":0,"cards_obtained":[]}],"is_beta":false,"boss_relics":[{"not_picked":[]}],"items_purged_floors":[13,29],"is_endless":false,"potions_floor_spawned":[5,14,16,18,22,24,30],"killed_by":"Collector","ascension_level":0}