{"gold_per_floor":[113,128,138,154,169,169,188,188,188,188,207,227,227,227,227,328,328,343,330,348,348],"floor_reached":21,"playtime":795,"items_purged":[],"score":177,"play_id":"172189bd-d311-4d3d-9432-2f48cbca13bd","local_time":"20190323181011","is_ascension_mode":false,"campfire_choices":[{"data":"Dagger Spray","floor":6,"key":"SMITH"},{"data":"Leg Sweep","floor":8,"key":"SMITH"},{"floor":10,"key":"DIG"},{"floor":13,"key":"DIG"},{"floor":15,"key":"DIG"}],"neow_cost":"NONE","seed_source_timestamp":161505290110472,"circlet_count":0,"master_deck":["Defend_G","Defend_G","Defend_G","Defend_G","Defend_G","Strike_G","Strike_G","Strike_G","Strike_G","Strike_G","Survivor","Neutralize","Heel Hook","Tactician","Dagger Spray+1","Leg Sweep+1","Corpse Explosion","Backflip","Acrobatics","Poisoned Stab","Blur","Deflect","Noxious Fumes","Deadly Poison","Deadly Poison","Night Terror","Leg Sweep+1"],"relics":["Ring of the Snake","Bronze Scales","Shovel","Bag of Marbles","Meat on the Bone","Prayer Wheel","Orrery"],"potions_floor_usage":[16,19],"damage_taken":[{"damage":0,"enemies":"Jaw Worm","floor":1,"turns":4},{"damage":2,"enemies":"Small Slimes","floor":2,"turns":3},{"damage":0,"enemies":"2 Louse","floor":3,"turns":3},{"damage":2,"enemies":"Lots of Slimes","floor":4,"turns":4},{"damage":3,"enemies":"2 Fungi Beasts","floor":5,"turns":3},{"damage":1,"enemies":"Blue Slaver","floor":7,"turns":3},{"damage":0,"enemies":"Looter","floor":11,"turns":3},{"damage":0,"enemies":"Red Slaver","floor":12,"turns":3},{"damage":44,"enemies":"Slime Boss","floor":16,"turns":10},{"damage":8,"enemies":"Chosen","floor":18,"turns":7},{"damage":9,"enemies":"2 Thieves","floor":19,"turns":5},{"damage":9,"enemies":"Shelled Parasite and Fungi","floor":20,"turns":7},{"damage":0,"enemies":"Colosseum Slavers","floor":21,"turns":2}],"seed_played":"8411411409269976763","potions_obtained":[{"floor":1,"key":"FearPotion"},{"floor":4,"key":"Swift Potion"},{"floor":11,"key":"PowerPotion"},{"floor":16,"key":"Fire Potion"},{"floor":19,"key":"Ancient Potion"}],"is_trial":false,"path_per_floor":["M","M","M","M","M","R","M","R","T","R","M","M","R","?","R","B",null,"M","M","M","?"],"character_chosen":"THE_SILENT","items_purchased":[],"campfire_rested":0,"item_purchase_floors":[],"current_hp_per_floor":[70,68,68,66,63,63,62,62,62,62,62,62,62,67,67,35,75,67,58,49,49],"gold":348,"neow_bonus":"RANDOM_COMMON_RELIC","is_prod":false,"is_daily":false,"chose_seed":false,"campfire_upgraded":2,"win_rate":0,"timestamp":1553332211,"path_taken":["M","M","M","M","M","R","M","R","T","R","M","M","R","?","R","BOSS","M","M","M","?"],"build_version":"2019-01-23","purchased_purges":0,"victory":false,"max_hp_per_floor":[70,70,70,70,70,70,70,70,70,70,70,70,70,75,75,75,75,75,75,75,75],"card_choices":[{"not_picked":["Choke","Quick Slash"],"picked":"Heel Hook","floor":1},{"not_picked":["Blade Dance","Prepared","Cloak And Dagger"],"picked":"SKIP","floor":2},{"not_picked":["Bane","Quick Slash"],"picked":"Tactician","floor":3},{"not_picked":["Poisoned Stab","Deflect"],"picked":"Dagger Spray","floor":4},{"not_picked":["Outmaneuver","Slice"],"picked":"Leg Sweep","floor":5},{"not_picked":["Underhanded Strike","Masterful Stab","Slice"],"picked":"SKIP","floor":7},{"not_picked":["Blade Dance","Deflect"],"picked":"Corpse Explosion","floor":11},{"not_picked":["Underhanded Strike","Deadly Poison"],"picked":"Backflip","floor":12},{"not_picked":["Outmaneuver","Prepared"],"picked":"Acrobatics","floor":17},{"not_picked":["Skewer","Bane"],"picked":"Poisoned Stab","floor":17},{"not_picked":["Flying Knee","Corpse Explosion"],"picked":"Blur","floor":17},{"not_picked":["Infinite Blades","Acrobatics"],"picked":"Deflect","floor":17},{"not_picked":["Slice","Dash"],"picked":"Noxious Fumes","floor":18},{"not_picked":["Prepared","Infinite Blades+1"],"picked":"Deadly Poison","floor":18},{"not_picked":["Dodge and Roll","Cloak And Dagger"],"picked":"Deadly Poison","floor":19},{"not_picked":["Underhanded Strike","Quick Slash","Acrobatics"],"picked":"SKIP","floor":19},{"not_picked":["Noxious Fumes","Endless Agony"],"picked":"Night Terror","floor":20},{"not_picked":["Terror","Slice"],"picked":"Leg Sweep+1","floor":20}],"player_experience":363759,"relics_obtained":[{"floor":9,"key":"Shovel"},{"floor":10,"key":"Bag of Marbles"},{"floor":13,"key":"Meat on the Bone"},{"floor":15,"key":"Prayer Wheel"}],"event_choices":[{"damage_healed":0,"gold_gain":0,"player_choice":"Donut","damage_taken":0,"max_hp_gain":5,"max_hp_loss":0,"event_name":"Big Fish","floor":14,"gold_loss":0},{"damage_healed":0,"gold_gain":0,"player_choice":"Fight","damage_taken":0,"max_hp_gain":0,"max_hp_loss":0,"event_name":"Colosseum","floor":21,"gold_loss":0}],"is_beta":false,"boss_relics":[{"not_picked":["Philosopher\u0027s Stone","Black Star"],"picked":"Orrery"}],"items_purged_floors":[],"is_endless":false,"potions_floor_spawned":[1,4,11,16,19],"killed_by":"Colosseum Slavers","ascension_level":0}