{"gold_per_floor":[112,112,122,47,47,82,95,108,108,108,123,123,23,23,23,121,121,135,154,253,253,264,264,299,299,326,326,326,326,344,269,269,370,370,384,259,259,270,270],"floor_reached":39,"playtime":1168,"items_purged":["Defend_R","Strike_R","Strike_R"],"score":397,"play_id":"9401a869-2343-4137-a7bc-bb879c8a4543","local_time":"20190327221826","is_ascension_mode":false,"campfire_choices":[{"data":"Bash","floor":15,"key":"SMITH"},{"data":"Corruption","floor":23,"key":"SMITH"},{"data":"True Grit","floor":25,"key":"SMITH"},{"data":"Rage","floor":27,"key":"SMITH"},{"data":"Dropkick","floor":32,"key":"SMITH"}],"neow_cost":"CURSE","seed_source_timestamp":521642379113489,"circlet_count":0,"master_deck":["Strike_R","Strike_R","Defend_R","Defend_R","Bash+1","Clumsy","Spot Weakness","Warcry","Dropkick+1","Rage+1","Rage+1","Limit Break","Thunderclap","Limit Break","True Grit+1","Writhe","Havoc+1","Fire Breathing+1"],"relics":["Burning Blood","FossilizedHelix","Strawberry","Shuriken","Bronze Scales","Runic Pyramid","Gambling Chip","Art of War","Matryoshka","Coffee Dripper"],"potions_floor_usage":[6,33],"damage_taken":[{"damage":7,"enemies":"2 Louse","floor":1,"turns":2},{"damage":9,"enemies":"Cultist","floor":3,"turns":4},{"damage":36,"enemies":"Lagavulin","floor":6,"turns":8},{"damage":7,"enemies":"Jaw Worm","floor":7,"turns":3},{"damage":12,"enemies":"Blue Slaver","floor":8,"turns":3},{"damage":7,"enemies":"3 Louse","floor":11,"turns":4},{"damage":25,"enemies":"Hexaghost","floor":16,"turns":7},{"damage":10,"enemies":"Shell Parasite","floor":18,"turns":3},{"damage":18,"enemies":"3 Byrds","floor":19,"turns":3},{"damage":0,"enemies":"Snecko","floor":22,"turns":3},{"damage":36,"enemies":"Slavers","floor":24,"turns":4},{"damage":18,"enemies":"Snake Plant","floor":30,"turns":4},{"damage":24,"enemies":"Champ","floor":33,"turns":9},{"damage":20,"enemies":"3 Shapes","floor":35,"turns":6},{"damage":28,"enemies":"3 Darklings","floor":38,"turns":4},{"damage":71,"enemies":"Transient","floor":39,"turns":3}],"seed_played":"2496268843899861765","potions_obtained":[{"floor":1,"key":"EssenceOfSteel"},{"floor":2,"key":"AttackPotion"},{"floor":2,"key":"Ancient Potion"},{"floor":7,"key":"SteroidPotion"},{"floor":22,"key":"Strength Potion"},{"floor":30,"key":"PowerPotion"},{"floor":33,"key":"Dexterity Potion"}],"is_trial":false,"path_per_floor":["M","?","M","$","?","E","M","M","T","T","M","?","$","$","R","B",null,"M","M","?","?","M","R","E","R","T","R","?","?","M","?","R","B",null,"M","$","?","M","M"],"character_chosen":"IRONCLAD","items_purchased":[],"campfire_rested":0,"item_purchase_floors":[],"current_hp_per_floor":[79,79,76,76,69,46,45,39,39,39,38,38,38,38,38,19,87,83,71,71,71,77,77,47,47,47,47,47,47,35,35,35,17,87,73,73,87,65,0],"gold":270,"neow_bonus":"ONE_RARE_RELIC","is_prod":false,"is_daily":false,"chose_seed":false,"campfire_upgraded":5,"win_rate":0,"timestamp":1553692706,"path_taken":["M","?","M","?","?","E","M","M","T","?","?","?","?","$","R","BOSS","M","M","?","?","?","R","E","R","T","R","?","?","M","?","R","BOSS","M","$","?","M","M"],"build_version":"2019-01-23","purchased_purges":3,"victory":false,"max_hp_per_floor":[80,80,80,80,80,87,87,87,87,87,87,87,87,87,87,87,87,87,87,87,87,87,87,87,87,87,87,87,87,87,87,87,87,87,87,87,87,87,87],"card_choices":[{"not_picked":["True Grit","Dual Wield"],"picked":"Spot Weakness","floor":1},{"not_picked":["Rupture","Sever Soul"],"picked":"Warcry","floor":3},{"not_picked":["Rampage","Pummel"],"picked":"Corruption","floor":6},{"not_picked":["Perfected Strike","Clothesline"],"picked":"Dropkick","floor":7},{"not_picked":["Thunderclap","Sword Boomerang"],"picked":"Rage","floor":8},{"not_picked":["Dark Embrace","Cleave"],"picked":"Rage","floor":11},{"not_picked":["Immolate","Brutality"],"picked":"Limit Break","floor":16},{"not_picked":["Evolve","Pommel Strike","Havoc"],"picked":"SKIP","floor":18},{"not_picked":["Battle Trance","Armaments+1"],"picked":"Thunderclap","floor":19},{"not_picked":["Cleave","Corruption"],"picked":"Limit Break","floor":22},{"not_picked":["Reckless Charge","Twin Strike"],"picked":"True Grit","floor":24},{"not_picked":["Corruption","Heavy Blade"],"picked":"Havoc+1","floor":30},{"not_picked":["Sword Boomerang","Cleave"],"picked":"Fire Breathing+1","floor":35},{"not_picked":["Power Through+1","Clash","Feel No Pain"],"picked":"SKIP","floor":38}],"player_experience":369642,"relics_obtained":[{"floor":6,"key":"Strawberry"},{"floor":9,"key":"Shuriken"},{"floor":10,"key":"Bronze Scales"},{"floor":24,"key":"Art of War"}],"event_choices":[{"damage_healed":0,"gold_gain":0,"player_choice":"Got Potions","damage_taken":0,"max_hp_gain":0,"max_hp_loss":0,"event_name":"Lab","floor":2,"gold_loss":0},{"cards_removed":["Defend_R"],"damage_healed":0,"gold_gain":0,"player_choice":"Card Removal","damage_taken":7,"max_hp_gain":0,"max_hp_loss":0,"event_name":"Golden Wing","floor":5,"gold_loss":0},{"damage_healed":0,"gold_gain":0,"player_choice":"Upgraded","damage_taken":0,"max_hp_gain":0,"max_hp_loss":0,"event_name":"Upgrade Shrine","floor":12,"gold_loss":0,"cards_upgraded":["Rage"]},{"damage_healed":0,"gold_gain":99,"player_choice":"Stole From Cult","damage_taken":0,"max_hp_gain":0,"max_hp_loss":0,"event_name":"Nest","floor":20,"gold_loss":0},{"damage_healed":0,"gold_gain":0,"player_choice":"Gave Potion","damage_taken":0,"relics_obtained":["Gambling Chip"],"max_hp_gain":0,"max_hp_loss":0,"event_name":"WeMeetAgain","floor":21,"gold_loss":0},{"damage_healed":0,"gold_gain":0,"player_choice":"Opened","damage_taken":0,"relics_obtained":["Matryoshka"],"max_hp_gain":0,"max_hp_loss":0,"event_name":"The Mausoleum","floor":28,"gold_loss":0,"cards_obtained":["Writhe"]},{"damage_healed":0,"gold_gain":0,"player_choice":"Ignored","damage_taken":0,"max_hp_gain":0,"max_hp_loss":0,"event_name":"Vampires","floor":29,"gold_loss":0},{"cards_removed":["Strike_R"],"damage_healed":0,"gold_gain":0,"player_choice":"Gave Gold","damage_taken":0,"max_hp_gain":0,"max_hp_loss":0,"event_name":"Beggar","floor":31,"gold_loss":75},{"cards_removed":["Corruption"],"damage_healed":14,"gold_gain":0,"player_choice":"Offered Uncommon","damage_taken":0,"max_hp_gain":0,"max_hp_loss":0,"event_name":"Bonfire Elementals","floor":37,"gold_loss":0}],"is_beta":false,"boss_relics":[{"not_picked":["Snecko Eye","Calling Bell"],"picked":"Runic Pyramid"},{"not_picked":["Cursed Key","Runic Dome"],"picked":"Coffee Dripper"}],"items_purged_floors":[4,13,36],"is_endless":false,"potions_floor_spawned":[1,7,11,19,22,30,33,38],"killed_by":"Transient","ascension_level":0}