{"gold_per_floor":[114,132,132,207,217,217,392,452,452,470,75,75],"floor_reached":12,"playtime":254,"items_purged":["Doubt"],"score":68,"play_id":"cf8b3ce9-fd9a-4fd7-96aa-fa8cb025af3e","local_time":"20190127145514","is_ascension_mode":false,"campfire_choices":[{"data":"Conserve Battery","floor":6,"key":"SMITH"}],"neow_cost":"NONE","seed_source_timestamp":185628390594825,"circlet_count":0,"master_deck":["Strike_B","Strike_B","Strike_B","Strike_B","Defend_B","Defend_B","Defend_B","Defend_B","Zap+1","Dualcast","Cold Snap","Conserve Battery+1","Cold Snap","BootSequence","Darkness","Doom and Gloom"],"relics":["Cracked Core","Strawberry","Gambling Chip","Frozen Egg 2","Runic Capacitor"],"potions_floor_usage":[8,12],"damage_taken":[{"damage":1,"enemies":"Jaw Worm","floor":1,"turns":2},{"damage":0,"enemies":"Small Slimes","floor":2,"turns":2},{"damage":0,"enemies":"2 Louse","floor":5,"turns":3},{"damage":36,"enemies":"Gremlin Nob","floor":8,"turns":5},{"damage":0,"enemies":"Large Slime","floor":10,"turns":6},{"damage":23,"enemies":"Gremlin Nob","floor":12,"turns":3}],"seed_played":"-7260136707518735466","potions_obtained":[{"floor":2,"key":"LiquidBronze"},{"floor":8,"key":"EssenceOfSteel"}],"is_trial":false,"path_per_floor":["M","M","?","?","M","R","?","?","T","M","$","E"],"character_chosen":"DEFECT","items_purchased":["Runic Capacitor","Darkness","Doom and Gloom"],"campfire_rested":0,"item_purchase_floors":[11,11,11],"current_hp_per_floor":[74,74,69,58,58,58,58,22,22,22,22,0],"gold":75,"neow_bonus":"UPGRADE_CARD","is_prod":false,"is_daily":false,"chose_seed":false,"campfire_upgraded":1,"win_rate":0,"timestamp":1548597314,"path_taken":["M","M","?","?","?","R","?","?","T","M","$","E"],"build_version":"2019-01-23","purchased_purges":1,"victory":false,"max_hp_per_floor":[75,75,82,82,82,82,82,82,82,82,82,82],"card_choices":[{"not_picked":["Streamline","Beam Cell"],"picked":"Cold Snap","floor":1},{"not_picked":["Redo","Stack"],"picked":"Conserve Battery","floor":2},{"not_picked":["Steam Power","Streamline","Skim"],"picked":"SKIP","floor":5},{"not_picked":["Meteor Strike","Tempest"],"picked":"Cold Snap","floor":8},{"not_picked":["Hello World+1","Sunder"],"picked":"BootSequence","floor":10}],"player_experience":204138,"relics_obtained":[{"floor":8,"key":"Gambling Chip"},{"floor":9,"key":"Frozen Egg 2"}],"event_choices":[{"damage_healed":0,"gold_gain":0,"player_choice":"Success","damage_taken":12,"relics_obtained":["Strawberry"],"max_hp_gain":0,"max_hp_loss":0,"event_name":"Scrap Ooze","floor":3,"gold_loss":0},{"damage_healed":0,"gold_gain":75,"player_choice":"Gather Gold","damage_taken":11,"max_hp_gain":0,"max_hp_loss":0,"event_name":"World of Goop","floor":4,"gold_loss":0},{"damage_healed":0,"gold_gain":175,"player_choice":"AGREE","damage_taken":0,"max_hp_gain":0,"max_hp_loss":0,"event_name":"Liars Game","floor":7,"gold_loss":0,"cards_obtained":["Doubt"]},{"damage_healed":0,"gold_gain":0,"player_choice":"Searched \u00271\u0027 times","damage_taken":0,"max_hp_gain":0,"max_hp_loss":0,"event_name":"Dead Adventurer","floor":8,"gold_loss":0}],"is_beta":false,"boss_relics":[],"items_purged_floors":[11],"is_endless":false,"potions_floor_spawned":[2,8],"killed_by":"Gremlin Nob","ascension_level":0}