{"gold_per_floor":[115,132,151,162,127,153,153,153,180,196,196,239,219,244,244,244],"floor_reached":16,"playtime":463,"items_purged":[],"score":224,"play_id":"5e1535fe-11bc-4462-8121-6c864858c436","local_time":"20181201075316","is_ascension_mode":true,"campfire_choices":[{"data":"Berserk","floor":11,"key":"SMITH"},{"floor":15,"key":"REST"}],"neow_cost":"","seed_source_timestamp":0,"circlet_count":0,"master_deck":["AscendersBane","Strike_R","Strike_R","Strike_R","Strike_R","Strike_R","Defend_R","Defend_R","Defend_R","Defend_R","Bash","Twin Strike","Iron Wave","Iron Wave","Cleave","Berserk+1","Injury","Iron Wave","Armaments"],"relics":["Burning Blood","Centennial Puzzle","Golden Idol","Happy Flower","Strawberry","Juzu Bracelet"],"potions_floor_usage":[6,14,14,16],"damage_taken":[{"damage":9,"enemies":"Jaw Worm","floor":1,"turns":4},{"damage":15,"enemies":"Small Slimes","floor":2,"turns":4},{"damage":5,"enemies":"2 Louse","floor":3,"turns":4},{"damage":8,"enemies":"Red Slaver","floor":4,"turns":4},{"damage":20,"enemies":"3 Sentries","floor":6,"turns":7},{"damage":8,"enemies":"Blue Slaver","floor":10,"turns":4},{"damage":51,"enemies":"Gremlin Nob","floor":12,"turns":5},{"damage":15,"enemies":"Large Slime","floor":14,"turns":5},{"damage":51,"enemies":"Slime Boss","floor":16,"turns":9}],"seed_played":"-7626431304279605942","potions_obtained":[{"floor":3,"key":"SkillPotion"},{"floor":4,"key":"Poison Potion"},{"floor":10,"key":"SneckoOil"},{"floor":13,"key":"LiquidBronze"},{"floor":14,"key":"Regen Potion"}],"is_trial":true,"path_per_floor":["M","M","M","M","?","E","?","?","T","M","R","E","?","M","R","B"],"character_chosen":"IRONCLAD","items_purchased":[],"campfire_rested":1,"item_purchase_floors":[],"current_hp_per_floor":[65,56,57,55,73,59,59,59,66,64,64,19,19,10,34,0],"gold":244,"neow_bonus":"","is_prod":false,"is_daily":false,"chose_seed":false,"campfire_upgraded":1,"win_rate":0,"timestamp":1543647196,"path_taken":["M","M","M","M","?","E","?","?","T","M","R","E","?","M","R","BOSS"],"build_version":"2018-11-15","purchased_purges":0,"victory":false,"max_hp_per_floor":[75,75,75,75,75,75,75,75,82,82,82,82,82,82,82,82],"card_choices":[{"not_picked":["Rupture","Burning Pact"],"picked":"Twin Strike","floor":1},{"not_picked":["Second Wind","Pummel"],"picked":"Iron Wave","floor":2},{"not_picked":["Corruption","Heavy Blade"],"picked":"Iron Wave","floor":3},{"not_picked":["Heavy Blade","Pummel"],"picked":"Cleave","floor":4},{"not_picked":["Iron Wave","True Grit"],"picked":"Berserk","floor":6},{"not_picked":["Body Slam","Twin Strike"],"picked":"Iron Wave","floor":10},{"not_picked":["Shrug It Off","Rupture"],"picked":"Armaments","floor":12},{"not_picked":["Feel No Pain","Wild Strike","Hemokinesis"],"picked":"SKIP","floor":14}],"player_experience":161030,"relics_obtained":[{"floor":6,"key":"Centennial Puzzle"},{"floor":9,"key":"Strawberry"},{"floor":12,"key":"Juzu Bracelet"}],"event_choices":[{"damage_healed":18,"gold_gain":0,"player_choice":"Healed","damage_taken":0,"max_hp_gain":0,"max_hp_loss":0,"event_name":"The Cleric","floor":5,"gold_loss":35},{"damage_healed":0,"gold_gain":0,"player_choice":"Take Wound","damage_taken":0,"relics_obtained":["Golden Idol"],"max_hp_gain":0,"max_hp_loss":0,"event_name":"Golden Idol","floor":7,"gold_loss":0,"cards_obtained":["Injury"]},{"damage_healed":0,"gold_gain":0,"player_choice":"Gave Potion","damage_taken":0,"relics_obtained":["Happy Flower"],"max_hp_gain":0,"max_hp_loss":0,"event_name":"WeMeetAgain","floor":8,"gold_loss":0},{"damage_healed":0,"gold_gain":0,"player_choice":"Bought 1 Potion","damage_taken":0,"max_hp_gain":0,"max_hp_loss":0,"event_name":"The Woman in Blue","floor":13,"gold_loss":0}],"is_beta":false,"boss_relics":[],"items_purged_floors":[],"is_endless":false,"potions_floor_spawned":[3,4,10,14],"killed_by":"Slime Boss","ascension_level":20}