{"gold_per_floor":[113,38,56,6,23,23,34,34,34,49,63,83,103,103,103,181,231,249,23,35,35,50,50,68,80,149,149,149,199,199,212,212,212],"floor_reached":33,"playtime":1342,"items_purged":["Strike_B","Strike_B"],"score":413,"play_id":"9af03087-8e23-41fb-8e8c-e8881b3ec857","local_time":"20190519093117","is_ascension_mode":true,"campfire_choices":[{"data":"Chill","floor":6,"key":"SMITH"},{"data":"Go for the Eyes","floor":8,"key":"SMITH"},{"floor":15,"key":"REST"},{"floor":23,"key":"REST"},{"floor":28,"key":"REST"},{"floor":30,"key":"REST"},{"floor":32,"key":"REST"}],"neow_cost":"NONE","seed_source_timestamp":35154237526620,"circlet_count":0,"master_deck":["AscendersBane","Strike_B+1","Defend_B","Defend_B","Defend_B","Defend_B","Zap","Dualcast","Chill+1","Go for the Eyes+1","Electrodynamics","Recycle","Machine Learning","Seek","Conserve Battery","Electrodynamics","Defragment","Decay","Double Energy"],"relics":["Cracked Core","Regal Pillow","Mercury Hourglass","Tiny House","Gremlin Horn"],"potions_floor_usage":[16,16,33,33],"damage_taken":[{"damage":0,"enemies":"Small Slimes","floor":1,"turns":3},{"damage":3,"enemies":"Cultist","floor":3,"turns":4},{"damage":0,"enemies":"2 Louse","floor":5,"turns":3},{"damage":2,"enemies":"Blue Slaver","floor":7,"turns":5},{"damage":1,"enemies":"Looter","floor":10,"turns":3},{"damage":6,"enemies":"Exordium Wildlife","floor":11,"turns":4},{"damage":11,"enemies":"Large Slime","floor":12,"turns":4},{"damage":0,"enemies":"Lots of Slimes","floor":13,"turns":2},{"damage":93,"enemies":"Hexaghost","floor":16,"turns":13},{"damage":2,"enemies":"Chosen","floor":18,"turns":6},{"damage":29,"enemies":"2 Thieves","floor":20,"turns":4},{"damage":23,"enemies":"Centurion and Healer","floor":22,"turns":5},{"damage":14,"enemies":"3 Cultists","floor":24,"turns":4},{"damage":31,"enemies":"Sentry and Sphere","floor":25,"turns":4},{"damage":20,"enemies":"Cultist and Chosen","floor":31,"turns":5},{"damage":95,"enemies":"Automaton","floor":33,"turns":8}],"seed_played":"2154519903399122297","potions_obtained":[{"floor":1,"key":"Regen Potion"},{"floor":5,"key":"Regen Potion"},{"floor":16,"key":"Dexterity Potion"},{"floor":17,"key":"GamblersBrew"},{"floor":18,"key":"Weak Potion"},{"floor":22,"key":"Regen Potion"}],"is_trial":false,"path_per_floor":["M","$","M","?","M","R","M","R","T","M","M","M","M","?","R","B",null,"M","$","M","$","M","R","M","M","T","?","R","?","R","M","R","B"],"character_chosen":"DEFECT","items_purchased":["Conserve Battery","Electrodynamics"],"campfire_rested":5,"item_purchase_floors":[19,19],"current_hp_per_floor":[64,64,61,61,61,61,59,59,59,58,52,41,41,41,71,33,67,65,65,36,36,13,50,36,5,5,5,42,42,76,56,76,0],"gold":212,"neow_bonus":"RANDOM_COMMON_RELIC","is_prod":false,"is_daily":false,"chose_seed":false,"campfire_upgraded":2,"win_rate":0,"timestamp":1558283477,"path_taken":["M","$","M","?","M","R","M","R","T","M","M","M","M","?","R","BOSS","M","$","?","$","M","R","M","M","T","?","R","?","R","M","R","BOSS"],"build_version":"2019-01-23","purchased_purges":2,"victory":false,"max_hp_per_floor":[71,71,71,71,71,71,71,71,71,71,71,71,71,71,71,71,76,76,76,76,76,76,76,76,76,76,76,76,76,76,76,76,76],"card_choices":[{"not_picked":["Double Energy","Streamline"],"picked":"Chill","floor":1},{"not_picked":["Skim","Hologram"],"picked":"Go for the Eyes","floor":3},{"not_picked":["Force Field","Gash","Coolheaded"],"picked":"SKIP","floor":5},{"not_picked":["Ball Lightning","Sweeping Beam","Redo"],"picked":"SKIP","floor":7},{"not_picked":["Self Repair","Rip and Tear"],"picked":"Electrodynamics","floor":10},{"not_picked":["Sweeping Beam","Coolheaded"],"picked":"Recycle","floor":11},{"not_picked":["Ball Lightning","Redo","Sweeping Beam"],"picked":"SKIP","floor":12},{"not_picked":["Compile Driver","Stack"],"picked":"Machine Learning","floor":13},{"not_picked":["Creative AI","Amplify"],"picked":"Seek","floor":16},{"not_picked":["Rebound","Steam Power+1","Coolheaded"],"picked":"SKIP","floor":18},{"not_picked":["Redo","Turbo","Gash"],"picked":"SKIP","floor":20},{"not_picked":["Beam Cell+1","Chaos"],"picked":"Defragment","floor":22},{"not_picked":["Turbo+1","Creative AI","Steam Power"],"picked":"SKIP","floor":24},{"not_picked":["Consume","Rebound","Go for the Eyes"],"picked":"SKIP","floor":25},{"not_picked":["Steam","Tempest+1"],"picked":"Double Energy","floor":31}],"player_experience":638492,"relics_obtained":[{"floor":9,"key":"Mercury Hourglass"},{"floor":26,"key":"Gremlin Horn"}],"event_choices":[{"cards_removed":["Strike_B"],"damage_healed":0,"gold_gain":0,"player_choice":"Card Removal","damage_taken":0,"max_hp_gain":0,"max_hp_loss":0,"event_name":"The Cleric","floor":4,"gold_loss":50},{"damage_healed":0,"gold_gain":0,"player_choice":"0 cards matched","damage_taken":0,"max_hp_gain":0,"max_hp_loss":0,"event_name":"Match and Keep!","floor":14,"gold_loss":0,"cards_obtained":[]},{"damage_healed":0,"gold_gain":0,"player_choice":"Smashed Altar","damage_taken":0,"max_hp_gain":0,"max_hp_loss":0,"event_name":"Forgotten Altar","floor":27,"gold_loss":0,"cards_obtained":["Decay"]},{"damage_healed":0,"gold_gain":100,"player_choice":"Bet on Murderer","damage_taken":0,"max_hp_gain":0,"max_hp_loss":0,"event_name":"The Joust","floor":29,"gold_loss":50}],"is_beta":false,"boss_relics":[{"not_picked":["Busted Crown","Cursed Key"],"picked":"Tiny House"}],"items_purged_floors":[2,19],"is_endless":false,"potions_floor_spawned":[1,5,13,16,18,22,25],"killed_by":"Automaton","ascension_level":14}