{"gold_per_floor":[119,119,119,119,135,135,168,50,76,141,141,141,184,197,197,197],"floor_reached":16,"playtime":411,"items_purged":["Strike_B"],"score":226,"play_id":"35edee96-c174-449d-9094-79b2c8021ce9","local_time":"20190602231920","is_ascension_mode":true,"campfire_choices":[{"floor":6.0,"key":"REST"},{"floor":11,"key":"REST"},{"floor":15,"key":"REST"}],"neow_cost":"NONE","seed_source_timestamp":210936171020206,"circlet_count":0,"master_deck":["AscendersBane","Strike_B","Strike_B","Defend_B","Defend_B","Defend_B","Defend_B","Zap+1","Dualcast+1","Sweeping Beam+1","Barrage","Compile Driver","Self Repair","Core Surge","Leap","Ball Lightning","Glacier"],"special_seed":0,"relics":["Cracked Core","Golden Idol","Dream Catcher","Anchor","Tiny Chest","Symbiotic Virus","PreservedInsect"],"potions_floor_usage":[10,16],"damage_taken":[{"damage":7.0,"enemies":"Small Slimes","floor":1.0,"turns":3.0},{"damage":0.0,"enemies":"2 Louse","floor":5.0,"turns":2.0},{"damage":35.0,"enemies":"Lagavulin","floor":7.0,"turns":7.0},{"damage":14,"enemies":"Gremlin Nob","floor":10,"turns":3},{"damage":15,"enemies":"Lagavulin","floor":13,"turns":6},{"damage":1,"enemies":"Cultist","floor":14,"turns":3},{"damage":33,"enemies":"The Guardian","floor":16,"turns":10}],"seed_played":"-6447163463689944868","potions_obtained":[{"floor":5.0,"key":"SneckoOil"},{"floor":7.0,"key":"Explosive Potion"}],"is_trial":false,"path_per_floor":["M","?","?","?","M","R","E","$","T","E","R","?","E","M","R","B"],"character_chosen":"DEFECT","items_purchased":["Self Repair"],"campfire_rested":3,"item_purchase_floors":[8],"current_hp_per_floor":[57,57,38,38,38,57,22,22,22,8,27,16,8,14,33,0],"gold":197,"neow_bonus":"REMOVE_CARD","is_prod":false,"is_daily":false,"chose_seed":false,"campfire_upgraded":0,"win_rate":0,"timestamp":1559492360,"path_taken":["M","?","?","?","?","R","E","$","T","E","R","?","E","M","R","BOSS"],"build_version":"2019-01-23","purchased_purges":1,"victory":false,"max_hp_per_floor":[71,64,64,64,64,64,64,64,64,64,64,64,64,64,64,64],"card_choices":[{"not_picked":["Stack","Chaos"],"picked":"Sweeping Beam","floor":1.0},{"not_picked":["Sweeping Beam","Gash"],"picked":"Barrage","floor":5.0},{"not_picked":["Blizzard","Redo"],"picked":"Compile Driver","floor":7.0},{"not_picked":["Cold Snap","Turbo"],"picked":"Core Surge","floor":10},{"not_picked":["Steam","Stack"],"picked":"Leap","floor":11},{"not_picked":["Streamline","Barrage","Lockon"],"picked":"SKIP","floor":13},{"not_picked":["Sweeping Beam","Auto Shields"],"picked":"Ball Lightning","floor":14},{"not_picked":["Undo","Ball Lightning"],"picked":"Glacier","floor":15}],"player_experience":527902,"relics_obtained":[{"floor":7.0,"key":"Dream Catcher"},{"floor":9.0,"key":"Anchor"},{"floor":10,"key":"Tiny Chest"},{"floor":13,"key":"PreservedInsect"}],"event_choices":[{"damage_healed":0.0,"max_hp_gain":0.0,"max_hp_loss":7.0,"gold_gain":0.0,"event_name":"Golden Idol","player_choice":"Lose Max HP","floor":2.0,"gold_loss":0.0,"damage_taken":0.0,"relics_obtained":["Golden Idol"]},{"damage_healed":0.0,"max_hp_gain":0.0,"max_hp_loss":0.0,"gold_gain":0.0,"event_name":"Shining Light","player_choice":"Entered Light","floor":3.0,"gold_loss":0.0,"damage_taken":19.0,"cards_upgraded":["Zap","Dualcast"]},{"damage_healed":0.0,"max_hp_gain":0.0,"max_hp_loss":0.0,"gold_gain":0.0,"event_name":"Upgrade Shrine","player_choice":"Upgraded","floor":4.0,"gold_loss":0.0,"damage_taken":0.0,"cards_upgraded":["Sweeping Beam"]},{"damage_healed":0,"gold_gain":0,"player_choice":"Success","damage_taken":11,"relics_obtained":["Symbiotic Virus"],"max_hp_gain":0,"max_hp_loss":0,"event_name":"Scrap Ooze","floor":12,"gold_loss":0}],"is_beta":false,"boss_relics":[],"items_purged_floors":[8],"is_endless":false,"potions_floor_spawned":[5,7],"killed_by":"The Guardian","ascension_level":19}