{"gold_per_floor":[118,136,149,161,161,190,190,207,256,256,271,301,301,320,320,419,419,429,444,444,23,33,33,58,58,58,5,5,24,24,39,39,39],"floor_reached":33,"playtime":2246,"items_purged":["Strike_G"],"score":405,"play_id":"f231a1b5-4574-4f8a-b44b-150b8f24ebfb","local_time":"20190402155228","is_ascension_mode":true,"campfire_choices":[{"floor":7,"key":"REST"},{"floor":15,"key":"REST"},{"floor":23,"key":"REST"},{"data":"Skewer","floor":25,"key":"SMITH"},{"data":"Skewer","floor":28,"key":"SMITH"},{"data":"Terror","floor":30,"key":"SMITH"},{"floor":32,"key":"REST"}],"neow_cost":"NONE","seed_source_timestamp":920734152806648,"circlet_count":0,"master_deck":["Defend_G","Defend_G","Defend_G","Defend_G","Defend_G","Strike_G","Strike_G","Strike_G","Survivor","Neutralize","Phantasmal Killer+1","Bouncing Flask+1","Terror+1","Quick Slash","Acrobatics","PiercingWail","Skewer+1","Backflip","Dagger Throw","A Thousand Cuts+1","Slice+1","Skewer+1","Cloak And Dagger","Acrobatics+1","Infinite Blades"],"relics":["Ring of the Snake","Ninja Scroll","Centennial Puzzle","Singing Bowl","Shuriken","Philosopher\u0027s Stone","Chemical X","War Paint","Lantern","Blue Candle"],"potions_floor_usage":[6,7,12,16,29,29,33,33],"damage_taken":[{"damage":6,"enemies":"Cultist","floor":1,"turns":5},{"damage":0,"enemies":"Small Slimes","floor":2,"turns":3},{"damage":2,"enemies":"Jaw Worm","floor":3,"turns":4},{"damage":6,"enemies":"Looter","floor":4,"turns":3},{"damage":29,"enemies":"3 Sentries","floor":6,"turns":9},{"damage":2,"enemies":"Red Slaver","floor":8,"turns":2},{"damage":2,"enemies":"Exordium Wildlife","floor":11,"turns":2},{"damage":18,"enemies":"Gremlin Nob","floor":12,"turns":3},{"damage":3,"enemies":"Blue Slaver","floor":14,"turns":3},{"damage":11,"enemies":"Hexaghost","floor":16,"turns":11},{"damage":15,"enemies":"Spheric Guardian","floor":18,"turns":4},{"damage":4,"enemies":"Chosen","floor":19,"turns":4},{"damage":18,"enemies":"Sentry and Sphere","floor":22,"turns":4},{"damage":20,"enemies":"Book of Stabbing","floor":24,"turns":4},{"damage":0,"enemies":"Shelled Parasite and Fungi","floor":29,"turns":1},{"damage":5,"enemies":"Cultist and Chosen","floor":31,"turns":2},{"damage":51,"enemies":"Automaton","floor":33,"turns":6}],"seed_played":"-5919850153026118714","potions_obtained":[{"floor":3,"key":"Fire Potion"},{"floor":6,"key":"Fruit Juice"},{"floor":8,"key":"GamblersBrew"},{"floor":11,"key":"SpeedPotion"},{"floor":16,"key":"GamblersBrew"},{"floor":19,"key":"AttackPotion"},{"floor":24,"key":"Explosive Potion"},{"floor":29,"key":"SpeedPotion"},{"floor":31,"key":"Swift Potion"}],"is_trial":false,"path_per_floor":["M","M","M","M","?","E","R","M","T","?","M","E","T","M","R","B",null,"M","M","?","$","M","R","E","R","T","$","R","M","R","M","R","B"],"character_chosen":"THE_SILENT","items_purchased":["Chemical X","War Paint","Cloak And Dagger"],"campfire_rested":4,"item_purchase_floors":[21,21,27],"current_hp_per_floor":[57,57,55,49,42,13,39,37,37,37,35,17,17,14,36,25,63,50,46,46,46,28,51,33,33,33,33,33,33,33,28,51,0],"gold":39,"neow_bonus":"ONE_RANDOM_RARE_CARD","is_prod":false,"is_daily":false,"chose_seed":false,"campfire_upgraded":3,"win_rate":0,"timestamp":1554234748,"path_taken":["M","M","M","?","?","E","R","M","T","?","M","E","?","M","R","BOSS","M","M","?","$","?","R","E","R","T","?","R","M","R","M","R","BOSS"],"build_version":"2019-01-23","purchased_purges":1,"victory":false,"max_hp_per_floor":[70,70,70,70,70,70,75,75,75,75,75,75,75,75,75,75,75,77,77,77,77,77,77,79,79,79,79,79,79,79,79,79,79],"card_choices":[{"not_picked":["Deflect","Blur"],"picked":"Bouncing Flask","floor":1},{"not_picked":["Dagger Spray","Sucker Punch"],"picked":"Terror","floor":2},{"not_picked":["Deflect","Eviscerate"],"picked":"Quick Slash","floor":3},{"not_picked":["Prepared","Flechettes","Distraction"],"picked":"SKIP","floor":4},{"not_picked":["Doppelganger","Riddle With Holes"],"picked":"Acrobatics","floor":6},{"not_picked":["Well Laid Plans","Finisher"],"picked":"PiercingWail","floor":8},{"not_picked":["Cloak And Dagger","Concentrate"],"picked":"Skewer","floor":11},{"not_picked":["Concentrate","Bouncing Flask"],"picked":"Backflip","floor":12},{"not_picked":["Heel Hook","Dodge and Roll"],"picked":"Dagger Throw","floor":14},{"not_picked":["Die Die Die","Doppelganger"],"picked":"A Thousand Cuts","floor":16},{"not_picked":["Riddle With Holes","Flying Knee","Prepared"],"picked":"Singing Bowl","floor":18},{"not_picked":["Blur+1","Deadly Poison"],"picked":"Slice+1","floor":19},{"not_picked":["Flechettes+1","Blade Dance"],"picked":"Skewer","floor":22},{"not_picked":["Flying Knee","Deadly Poison+1","Sucker Punch"],"picked":"Singing Bowl","floor":24},{"not_picked":["Blur","All Out Attack+1"],"picked":"Acrobatics+1","floor":29},{"not_picked":["Slice","Dash"],"picked":"Infinite Blades","floor":31}],"player_experience":287736,"relics_obtained":[{"floor":6,"key":"Ninja Scroll"},{"floor":9,"key":"Centennial Puzzle"},{"floor":12,"key":"Singing Bowl"},{"floor":13,"key":"Shuriken"},{"floor":24,"key":"Lantern"},{"floor":26,"key":"Blue Candle"}],"event_choices":[{"cards_removed":["Strike_G"],"damage_healed":0,"gold_gain":0,"player_choice":"Card Removal","damage_taken":7,"max_hp_gain":0,"max_hp_loss":0,"event_name":"Golden Wing","floor":5,"gold_loss":0},{"damage_healed":0,"gold_gain":0,"player_choice":"Ignored","damage_taken":0,"max_hp_gain":0,"max_hp_loss":0,"event_name":"Liars Game","floor":10,"gold_loss":0},{"damage_healed":0,"gold_gain":0,"player_choice":"Upgraded","damage_taken":0,"max_hp_gain":0,"max_hp_loss":0,"event_name":"Upgrade Shrine","floor":20,"gold_loss":0,"cards_upgraded":["A Thousand Cuts"]}],"is_beta":false,"boss_relics":[{"not_picked":["Runic Dome","Fusion Hammer"],"picked":"Philosopher\u0027s Stone"}],"items_purged_floors":[21],"is_endless":false,"potions_floor_spawned":[3,6,8,11,16,19,24,29,31],"killed_by":"Automaton","ascension_level":9}