{"gold_per_floor":[115,115,215,229,246,246,276,291,316,332,347,347,411,427,427,530,530,501,601,619,269,269],"floor_reached":22,"playtime":1744,"items_purged":["Strike_B"],"score":235,"play_id":"ec61986a-552a-4597-a793-339973b8bf21","local_time":"20190505170055","is_ascension_mode":true,"campfire_choices":[{"data":"Tempest","floor":6,"key":"SMITH"},{"floor":12,"key":"REST"},{"floor":15,"key":"REST"}],"neow_cost":"NONE","seed_source_timestamp":250597160559129,"circlet_count":0,"master_deck":["Strike_B","Strike_B","Defend_B","Defend_B","Defend_B","Defend_B","Zap","Dualcast","Undo","Tempest+1","FTL","Go for the Eyes","Beam Cell","Leap","Ball Lightning","Self Repair","Capacitor","Echo Form","Ball Lightning","Coolheaded","White Noise","BootSequence","Stack","Leap","Go for the Eyes","BootSequence"],"relics":["Cracked Core","Orichalcum","Strawberry","Bag of Marbles","PreservedInsect","Orrery","Molten Egg 2"],"potions_floor_usage":[7,16],"damage_taken":[{"damage":0,"enemies":"2 Louse","floor":1,"turns":3},{"damage":0,"enemies":"Small Slimes","floor":4,"turns":3},{"damage":1,"enemies":"Cultist","floor":5,"turns":3},{"damage":14,"enemies":"Lagavulin","floor":7,"turns":5},{"damage":5,"enemies":"Looter","floor":8,"turns":2},{"damage":14,"enemies":"Large Slime","floor":10,"turns":4},{"damage":0,"enemies":"Red Slaver","floor":11,"turns":3},{"damage":15,"enemies":"Lagavulin Event","floor":13,"turns":5},{"damage":10,"enemies":"Lots of Slimes","floor":14,"turns":2},{"damage":26,"enemies":"Slime Boss","floor":16,"turns":9},{"damage":47,"enemies":"2 Thieves","floor":18,"turns":5},{"damage":19,"enemies":"Spheric Guardian","floor":20,"turns":4},{"damage":19,"enemies":"Cultist and Chosen","floor":22,"turns":6}],"seed_played":"8307501653656348017","potions_obtained":[{"floor":1,"key":"Poison Potion"},{"floor":4,"key":"Strength Potion"},{"floor":7,"key":"Regen Potion"},{"floor":10,"key":"Fire Potion"},{"floor":14,"key":"Dexterity Potion"},{"floor":20,"key":"SpeedPotion"}],"is_trial":false,"path_per_floor":["M","?","?","M","M","R","E","M","T","M","M","R","?","M","R","B",null,"M","?","M","$","M"],"character_chosen":"DEFECT","items_purchased":["Molten Egg 2","BootSequence"],"campfire_rested":2,"item_purchase_floors":[21,21],"current_hp_per_floor":[75,68,68,68,67,67,60,55,55,41,41,65,50,40,64,45,73,33,33,14,14,0],"gold":269,"neow_bonus":"TRANSFORM_CARD","is_prod":false,"is_daily":false,"chose_seed":false,"campfire_upgraded":1,"win_rate":0,"timestamp":1557100855,"path_taken":["M","?","?","?","M","R","E","M","T","M","M","R","?","M","R","BOSS","M","?","?","$","?"],"build_version":"2019-01-23","purchased_purges":1,"victory":false,"max_hp_per_floor":[75,75,75,75,75,75,82,82,82,82,82,82,82,82,82,82,82,82,82,82,82,82],"card_choices":[{"not_picked":["Double Energy","Heatsinks"],"picked":"Tempest","floor":1},{"not_picked":["Hologram","Static Discharge"],"picked":"FTL","floor":4},{"not_picked":["Gash","Sunder"],"picked":"Go for the Eyes","floor":5},{"not_picked":["Barrage","Sweeping Beam"],"picked":"Beam Cell","floor":7},{"not_picked":["Streamline","Hologram"],"picked":"Leap","floor":8},{"not_picked":["Turbo","Rebound","Sweeping Beam"],"picked":"SKIP","floor":10},{"not_picked":["Streamline","Rip and Tear"],"picked":"Ball Lightning","floor":11},{"not_picked":["Darkness","Go for the Eyes"],"picked":"Self Repair","floor":13},{"not_picked":["Beam Cell","Coolheaded"],"picked":"Capacitor","floor":14},{"not_picked":["All For One","Electrodynamics"],"picked":"Echo Form","floor":16},{"not_picked":["Auto Shields","Hologram"],"picked":"Ball Lightning","floor":17},{"not_picked":["Compile Driver","Redo"],"picked":"Coolheaded","floor":17},{"not_picked":["Steam Power","Leap"],"picked":"White Noise","floor":17},{"not_picked":["Redo","Consume"],"picked":"BootSequence","floor":17},{"not_picked":["Gash","Consume"],"picked":"Stack","floor":17},{"not_picked":["Loop+1","Redo"],"picked":"Leap","floor":18},{"not_picked":["Loop+1","Rebound"],"picked":"Go for the Eyes","floor":20}],"player_experience":275408,"relics_obtained":[{"floor":7,"key":"Strawberry"},{"floor":9,"key":"Bag of Marbles"},{"floor":13,"key":"PreservedInsect"}],"event_choices":[{"damage_healed":0,"gold_gain":0,"player_choice":"Success","damage_taken":7,"relics_obtained":["Orichalcum"],"max_hp_gain":0,"max_hp_loss":0,"event_name":"Scrap Ooze","floor":2,"gold_loss":0},{"damage_healed":0,"gold_gain":100,"player_choice":"Gold","damage_taken":0,"max_hp_gain":0,"max_hp_loss":0,"event_name":"Wheel of Change","floor":3,"gold_loss":0},{"damage_healed":0,"gold_gain":0,"player_choice":"Searched \u00271\u0027 times","damage_taken":0,"max_hp_gain":0,"max_hp_loss":0,"event_name":"Dead Adventurer","floor":13,"gold_loss":0},{"damage_healed":0,"gold_gain":100,"player_choice":"Pray","damage_taken":0,"max_hp_gain":0,"max_hp_loss":0,"event_name":"Golden Shrine","floor":19,"gold_loss":0}],"is_beta":false,"boss_relics":[{"not_picked":["Calling Bell","Cursed Key"],"picked":"Orrery"}],"items_purged_floors":[21],"is_endless":false,"potions_floor_spawned":[1,4,7,10,14,20],"killed_by":"Cultist and Chosen","ascension_level":5}