{"gold_per_floor":[10,20,31,50,66,66,31,31,55,88,102,117,117,136,136,241,241,255,25,25,44,44,44,64,64,88,106,106,123,222,222],"floor_reached":31,"playtime":777,"items_purged":["Strike_B"],"score":241,"play_id":"53be3da7-7efe-4c7c-bc25-dececea6765a","local_time":"20190603224043","is_ascension_mode":false,"campfire_choices":[{"data":"Meteor Strike","floor":6,"key":"SMITH"},{"data":"Streamline","floor":8,"key":"SMITH"},{"data":"Streamline","floor":13,"key":"SMITH"},{"data":"Recycle","floor":15,"key":"SMITH"},{"data":"Sunder","floor":23,"key":"SMITH"},{"floor":25,"key":"REST"}],"neow_cost":"NO_GOLD","seed_source_timestamp":58801730499435,"circlet_count":0,"master_deck":["Strike_B+1","Strike_B+1","Strike_B+1","Defend_B+1","Defend_B+1","Defend_B+1","Defend_B+1","Zap+1","Dualcast","Meteor Strike+1","Streamline+1","Self Repair","Leap","Recycle+1","Ball Lightning","Streamline+1","Meteor Strike","Glacier","Streamline","Chaos","Doom and Gloom","Buffer","Sunder+1","Capacitor","Pain","Self Repair","Fission"],"relics":["Cracked Core","War Paint","Potion Belt","Orrery","WarpedTongs","Anchor"],"potions_floor_usage":[10,11,16,21,24,27,31],"damage_taken":[{"damage":0,"enemies":"Small Slimes","floor":1,"turns":3},{"damage":6,"enemies":"2 Louse","floor":2,"turns":2},{"damage":6,"enemies":"Cultist","floor":3,"turns":3},{"damage":10,"enemies":"3 Louse","floor":4,"turns":5},{"damage":22,"enemies":"2 Fungi Beasts","floor":5,"turns":5},{"damage":18,"enemies":"3 Sentries","floor":10,"turns":5},{"damage":9,"enemies":"Exordium Wildlife","floor":11,"turns":3},{"damage":5,"enemies":"Red Slaver","floor":12,"turns":3},{"damage":14,"enemies":"Blue Slaver","floor":14,"turns":3},{"damage":11,"enemies":"Slime Boss","floor":16,"turns":6},{"damage":7,"enemies":"Chosen","floor":18,"turns":6},{"damage":25,"enemies":"3 Byrds","floor":21,"turns":5},{"damage":33,"enemies":"Snake Plant","floor":24,"turns":6},{"damage":11,"enemies":"Cultist and Chosen","floor":27,"turns":8},{"damage":11,"enemies":"Snecko","floor":29,"turns":3},{"damage":35,"enemies":"Snake Plant","floor":31,"turns":5}],"seed_played":"3376490761211058050","potions_obtained":[{"floor":1,"key":"Regen Potion"},{"floor":5,"key":"AttackPotion"},{"floor":11,"key":"PowerPotion"},{"floor":12,"key":"Block Potion"},{"floor":14,"key":"Fire Potion"},{"floor":18,"key":"Weak Potion"},{"floor":21,"key":"Strength Potion"}],"is_trial":false,"path_per_floor":["M","M","M","M","M","R","?","R","T","E","M","M","R","M","R","B",null,"M","$","?","M","?","R","M","R","T","M","?","M","?","M"],"character_chosen":"DEFECT","items_purchased":["Sunder","Capacitor"],"campfire_rested":1,"item_purchase_floors":[19,19],"current_hp_per_floor":[75,69,70,67,45,45,63,63,63,52,55,50,50,43,43,39,75,75,75,75,50,50,50,24,46,46,45,45,34,34,0],"gold":222,"neow_bonus":"THREE_RARE_CARDS","is_prod":false,"is_daily":false,"chose_seed":false,"campfire_upgraded":5,"win_rate":0,"timestamp":1559594443,"path_taken":["M","M","M","M","M","R","?","R","T","E","M","M","R","M","R","BOSS","M","$","?","M","?","R","?","R","T","M","?","M","?","?"],"build_version":"2019-01-23","purchased_purges":1,"victory":false,"max_hp_per_floor":[75,75,75,75,75,75,75,75,75,75,75,75,75,75,75,75,75,75,75,75,75,75,75,75,75,75,75,75,75,75,75],"card_choices":[{"not_picked":["Seek","Machine Learning"],"picked":"Meteor Strike","floor":0},{"not_picked":["Undo","Leap"],"picked":"Streamline","floor":1},{"not_picked":["Stack","Go for the Eyes"],"picked":"Self Repair","floor":2},{"not_picked":["Steam","Melter"],"picked":"Leap","floor":3},{"not_picked":["Gash","Rip and Tear","Reprogram"],"picked":"SKIP","floor":4},{"not_picked":["Aggregate","Conserve Battery"],"picked":"Recycle","floor":5},{"not_picked":["Skim","Consume"],"picked":"Ball Lightning","floor":10},{"not_picked":["Compile Driver","Heatsinks"],"picked":"Streamline","floor":11},{"not_picked":["Compile Driver","Melter","Cold Snap"],"picked":"SKIP","floor":12},{"not_picked":["Rebound","Hologram","Gash"],"picked":"SKIP","floor":14},{"not_picked":["Electrodynamics","Thunder Strike"],"picked":"Meteor Strike","floor":16},{"not_picked":["Hologram","Stack"],"picked":"Glacier","floor":17},{"not_picked":["Hello World","Hologram"],"picked":"Streamline","floor":17},{"not_picked":["Leap","Stack"],"picked":"Chaos","floor":17},{"not_picked":["Coolheaded","Recycle"],"picked":"Doom and Gloom","floor":17},{"not_picked":["Barrage+1","Conserve Battery"],"picked":"Buffer","floor":18},{"not_picked":["Barrage","Ball Lightning","Hologram"],"picked":"SKIP","floor":21},{"not_picked":["Steam+1","Cold Snap+1","Stack"],"picked":"SKIP","floor":24},{"not_picked":["Hologram","Recycle"],"picked":"Self Repair","floor":27},{"not_picked":["Barrage","Redo","Turbo"],"picked":"SKIP","floor":29}],"player_experience":299270,"relics_obtained":[{"floor":9,"key":"War Paint"},{"floor":10,"key":"Potion Belt"},{"floor":26,"key":"Anchor"}],"event_choices":[{"damage_healed":18,"gold_gain":0,"player_choice":"Healed","damage_taken":0,"max_hp_gain":0,"max_hp_loss":0,"event_name":"The Cleric","floor":7,"gold_loss":35},{"damage_healed":0,"gold_gain":0,"player_choice":"Simplicity","damage_taken":0,"max_hp_gain":0,"max_hp_loss":0,"event_name":"Back to Basics","floor":20,"gold_loss":0,"cards_upgraded":["Strike_B","Strike_B","Strike_B","Defend_B","Defend_B","Defend_B"]},{"damage_healed":0,"gold_gain":0,"player_choice":"Rummage","damage_taken":0,"relics_obtained":["WarpedTongs"],"max_hp_gain":0,"max_hp_loss":0,"event_name":"Accursed Blacksmith","floor":22,"gold_loss":0,"cards_obtained":["Pain"]},{"damage_healed":0,"gold_gain":0,"player_choice":"Read","damage_taken":0,"max_hp_gain":0,"max_hp_loss":0,"event_name":"The Library","floor":28,"gold_loss":0,"cards_obtained":["Fission"]},{"damage_healed":0,"gold_gain":99,"player_choice":"Stole From Cult","damage_taken":0,"max_hp_gain":0,"max_hp_loss":0,"event_name":"Nest","floor":30,"gold_loss":0}],"is_beta":false,"boss_relics":[{"not_picked":["Busted Crown","Cursed Key"],"picked":"Orrery"}],"items_purged_floors":[19],"is_endless":false,"potions_floor_spawned":[1,5,11,12,14,18,21],"killed_by":"Snake Plant","ascension_level":0}