{"gold_per_floor":[16,16,33,33,0,0,0,20,20,20,20,40,52,70,70,70],"floor_reached":16,"playtime":899,"items_purged":[],"score":156,"play_id":"6afc3c10-ddbe-4a75-a133-ff76cb4b6a0b","local_time":"20190518163456","is_ascension_mode":true,"campfire_choices":[{"data":"Madness","floor":6,"key":"SMITH"},{"floor":15,"key":"REST"}],"neow_cost":"NO_GOLD","seed_source_timestamp":26258864956394,"circlet_count":0,"master_deck":["AscendersBane","Strike_B","Strike_B","Strike_B","Strike_B","Defend_B","Defend_B","Defend_B","Defend_B","Zap","Dualcast","Violence","Madness+1","Gash","Go for the Eyes+1"],"relics":["Cracked Core","Centennial Puzzle","Bottled Lightning"],"potions_floor_usage":[12],"damage_taken":[{"damage":1,"enemies":"Cultist","floor":1,"turns":3},{"damage":4,"enemies":"Jaw Worm","floor":3,"turns":3},{"damage":2,"enemies":"2 Louse","floor":8,"turns":2},{"damage":1,"enemies":"Large Slime","floor":12,"turns":6},{"damage":0,"enemies":"Blue Slaver","floor":13,"turns":3},{"damage":11,"enemies":"Looter","floor":14,"turns":3},{"damage":68,"enemies":"Hexaghost","floor":16,"turns":9}],"seed_played":"4609604365922543573","potions_obtained":[{"floor":1,"key":"PowerPotion"},{"floor":12,"key":"SmokeBomb"}],"is_trial":false,"path_per_floor":["M","?","M","?","?","R","?","M","T","?","?","M","M","M","R","B"],"character_chosen":"DEFECT","items_purchased":[],"campfire_rested":1,"item_purchase_floors":[],"current_hp_per_floor":[63,63,59,59,59,59,59,57,57,57,57,56,56,45,66,0],"gold":70,"neow_bonus":"RANDOM_COLORLESS_2","is_prod":false,"is_daily":false,"chose_seed":false,"campfire_upgraded":1,"win_rate":0,"timestamp":1558222496,"path_taken":["M","?","M","?","?","R","?","?","T","?","?","M","M","M","R","BOSS"],"build_version":"2019-01-23","purchased_purges":0,"victory":false,"max_hp_per_floor":[71,71,71,71,71,71,71,71,71,71,71,71,71,71,71,71],"card_choices":[{"not_picked":["Cold Snap","Turbo"],"picked":"Gash","floor":1},{"not_picked":["Melter","Reinforced Body","Gash"],"picked":"SKIP","floor":3},{"not_picked":["Rebound","Undo"],"picked":"Go for the Eyes","floor":8},{"not_picked":["Consume","Fusion","Sweeping Beam"],"picked":"SKIP","floor":12},{"not_picked":["Turbo","Genetic Algorithm","Cold Snap"],"picked":"SKIP","floor":13},{"not_picked":["Heatsinks","Aggregate","Hello World"],"picked":"SKIP","floor":14}],"player_experience":630173,"relics_obtained":[{"floor":9,"key":"Bottled Lightning"}],"event_choices":[{"damage_healed":0,"gold_gain":0,"player_choice":"Ignored","damage_taken":0,"max_hp_gain":0,"max_hp_loss":0,"event_name":"Shining Light","floor":2,"gold_loss":0},{"damage_healed":0,"gold_gain":0,"player_choice":"Ignored","damage_taken":0,"max_hp_gain":0,"max_hp_loss":0,"event_name":"Liars Game","floor":4,"gold_loss":0},{"damage_healed":0,"gold_gain":0,"player_choice":"Left Gold","damage_taken":0,"max_hp_gain":0,"max_hp_loss":0,"event_name":"World of Goop","floor":5,"gold_loss":33},{"damage_healed":0,"gold_gain":0,"player_choice":"Searched \u00271\u0027 times","damage_taken":0,"relics_obtained":["Centennial Puzzle"],"max_hp_gain":0,"max_hp_loss":0,"event_name":"Dead Adventurer","floor":7,"gold_loss":0},{"damage_healed":0,"gold_gain":0,"player_choice":"Leave","damage_taken":0,"max_hp_gain":0,"max_hp_loss":0,"event_name":"The Cleric","floor":10,"gold_loss":0},{"damage_healed":0,"gold_gain":0,"player_choice":"Upgraded","damage_taken":0,"max_hp_gain":0,"max_hp_loss":0,"event_name":"Upgrade Shrine","floor":11,"gold_loss":0,"cards_upgraded":["Go for the Eyes"]}],"is_beta":false,"boss_relics":[],"items_purged_floors":[],"is_endless":false,"potions_floor_spawned":[1,12],"killed_by":"Hexaghost","ascension_level":14}