{"gold_per_floor":[119,119,133,152,77,77,77,77,130,130,145,175,175,204,204,204],"floor_reached":16,"playtime":344,"items_purged":[],"score":196,"play_id":"70b825b3-cf3c-46b3-a82d-a40028b79d56","local_time":"20190426093134","is_ascension_mode":true,"campfire_choices":[{"data":"Bash","floor":6.0,"key":"SMITH"},{"data":"Power Through","floor":8.0,"key":"SMITH"},{"data":"Headbutt","floor":10.0,"key":"SMITH"},{"data":"Spot Weakness","floor":13.0,"key":"SMITH"},{"floor":15.0,"key":"REST"}],"neow_cost":"NONE","seed_source_timestamp":180123610999015,"circlet_count":0,"master_deck":["AscendersBane","Strike_R","Strike_R","Strike_R","Strike_R","Defend_R","Defend_R","Defend_R","Defend_R","Bash+1","Headbutt+1","Power Through+1","Spot Weakness+1","Offering"],"special_seed":0,"relics":["Burning Blood","NeowsBlessing","Molten Egg 2","Orichalcum","Tiny Chest","Regal Pillow"],"potions_floor_usage":[16],"damage_taken":[{"damage":0.0,"enemies":"2 Louse","floor":1.0,"turns":1.0},{"damage":0.0,"enemies":"Cultist","floor":3.0,"turns":1.0},{"damage":0.0,"enemies":"Small Slimes","floor":4.0,"turns":1.0},{"damage":4.0,"enemies":"3 Louse","floor":11.0,"turns":4.0},{"damage":17.0,"enemies":"3 Sentries","floor":14.0,"turns":8.0},{"damage":81,"enemies":"Slime Boss","floor":16,"turns":8}],"seed_played":"-6875380091831119867","potions_obtained":[{"floor":4.0,"key":"EssenceOfSteel"},{"floor":14.0,"key":"Fruit Juice"}],"is_trial":false,"path_per_floor":["M","?","M","M","?","R","?","R","T","R","M","?","R","E","R","B"],"character_chosen":"IRONCLAD","items_purchased":[],"campfire_rested":1,"item_purchase_floors":[],"current_hp_per_floor":[74,70,75,75,75,75,75,75,75,75,75,49,49,38,75,0],"gold":204,"neow_bonus":"THREE_ENEMY_KILL","is_prod":false,"is_daily":false,"chose_seed":false,"campfire_upgraded":4,"win_rate":0,"timestamp":1556245894,"path_taken":["M","?","?","M","?","R","?","R","T","R","?","?","R","E","R","BOSS"],"build_version":"2019-01-23","purchased_purges":0,"victory":false,"max_hp_per_floor":[75,75,75,75,75,75,75,75,75,75,75,75,75,75,75,80],"card_choices":[{"not_picked":["Clash","Rupture","Sever Soul"],"picked":"SKIP","floor":1.0},{"not_picked":["Perfected Strike","Twin Strike"],"picked":"Headbutt","floor":3.0},{"not_picked":["Anger","True Grit"],"picked":"Power Through","floor":4.0},{"not_picked":["Thunderclap+1","Metallicize"],"picked":"Spot Weakness","floor":11.0},{"not_picked":["Reckless Charge+1","Shockwave"],"picked":"Offering","floor":14.0}],"player_experience":441443,"relics_obtained":[{"floor":9.0,"key":"Orichalcum"},{"floor":14.0,"key":"Regal Pillow"}],"event_choices":[{"damage_healed":0.0,"max_hp_gain":0.0,"max_hp_loss":0.0,"gold_gain":0.0,"event_name":"The Woman in Blue","player_choice":"Bought 0 Potions","floor":2.0,"gold_loss":0.0,"damage_taken":0.0},{"cards_removed":["Strike_R"],"damage_healed":0.0,"max_hp_gain":0.0,"max_hp_loss":0.0,"gold_gain":0.0,"event_name":"The Cleric","player_choice":"Card Removal","floor":5.0,"gold_loss":75.0,"damage_taken":0.0},{"damage_healed":0.0,"max_hp_gain":0.0,"max_hp_loss":0.0,"gold_gain":0.0,"event_name":"WeMeetAgain","player_choice":"Gave Potion","floor":7.0,"gold_loss":0.0,"damage_taken":0.0,"relics_obtained":["Molten Egg 2"]},{"damage_healed":0.0,"max_hp_gain":0.0,"max_hp_loss":0.0,"gold_gain":0.0,"event_name":"Scrap Ooze","player_choice":"Success","floor":12.0,"gold_loss":0.0,"damage_taken":26.0,"relics_obtained":["Tiny Chest"]}],"is_beta":false,"boss_relics":[],"items_purged_floors":[],"is_endless":false,"potions_floor_spawned":[4,14],"killed_by":"Slime Boss","ascension_level":20}