{"gold_per_floor":[110,124,143,218,143,143,143,164,216,216,241,241,241],"floor_reached":13,"playtime":820,"items_purged":["Zap"],"score":75,"play_id":"ef4f3c9e-a195-42f2-8378-ff166e0a2422","local_time":"20190523235242","is_ascension_mode":false,"campfire_choices":[{"data":"Turbo","floor":6.0,"key":"SMITH"},{"floor":10,"key":"REST"},{"floor":12,"key":"REST"}],"neow_cost":"NONE","seed_source_timestamp":197817610695900,"circlet_count":0,"master_deck":["Strike_B","Strike_B","Strike_B","Strike_B","Defend_B","Defend_B","Defend_B","Defend_B","Dualcast+1","Rebound","Turbo+1","Redo","Injury","Go for the Eyes","Streamline"],"special_seed":0,"relics":["Cracked Core","Golden Idol","Smiling Mask"],"potions_floor_usage":[],"damage_taken":[{"damage":6.0,"enemies":"Jaw Worm","floor":1.0,"turns":3.0},{"damage":5.0,"enemies":"Small Slimes","floor":2.0,"turns":2.0},{"damage":4.0,"enemies":"2 Louse","floor":3.0,"turns":3.0},{"damage":22,"enemies":"Exordium Wildlife","floor":8,"turns":5},{"damage":15,"enemies":"2 Fungi Beasts","floor":11,"turns":4},{"damage":0,"enemies":"Blue Slaver","floor":13,"turns":1}],"seed_played":"-4824197162521897369","potions_obtained":[{"floor":2.0,"key":"Weak Potion"},{"floor":8,"key":"Energy Potion"}],"is_trial":false,"path_per_floor":["M","M","M","?","$","R","?","M","T","R","M","R","M"],"character_chosen":"DEFECT","items_purchased":[],"campfire_rested":2,"item_purchase_floors":[],"current_hp_per_floor":[69,64,60,49,49,49,49,27,27,49,34,56,56],"gold":241,"neow_bonus":"UPGRADE_CARD","is_prod":false,"is_daily":false,"chose_seed":false,"campfire_upgraded":1,"win_rate":0.0,"timestamp":1558680762,"path_taken":["M","M","M","?","$","R","?","M","T","R","?","R","M"],"build_version":"2019-01-23","purchased_purges":1,"victory":false,"max_hp_per_floor":[75,75,75,75,75,75,75,75,75,75,75,75,75],"card_choices":[{"not_picked":["Barrage","Stack"],"picked":"Rebound","floor":1.0},{"not_picked":["Blizzard","Storm"],"picked":"Turbo","floor":2.0},{"not_picked":["Barrage","Go for the Eyes"],"picked":"Redo","floor":3.0},{"not_picked":["Self Repair","All For One"],"picked":"Go for the Eyes","floor":8},{"not_picked":["Rebound","Storm"],"picked":"Streamline","floor":11}],"player_experience":45717,"relics_obtained":[{"floor":9,"key":"Smiling Mask"}],"event_choices":[{"damage_healed":0.0,"max_hp_gain":0.0,"max_hp_loss":0.0,"gold_gain":75.0,"event_name":"World of Goop","player_choice":"Gather Gold","floor":4.0,"gold_loss":0.0,"damage_taken":11.0},{"damage_healed":0.0,"max_hp_gain":0.0,"max_hp_loss":0.0,"gold_gain":0.0,"event_name":"Golden Idol","player_choice":"Take Wound","floor":7.0,"gold_loss":0.0,"damage_taken":0.0,"relics_obtained":["Golden Idol"],"cards_obtained":["Injury"]}],"is_beta":false,"boss_relics":[],"items_purged_floors":[5],"is_endless":false,"potions_floor_spawned":[2,8],"killed_by":"Blue Slaver","ascension_level":0}