{"gold_per_floor":[112,176,190,190,190,217,232,258,281,310,310,340,351,363,363,466,466,466,66,21,21,21,21,21,21,21,21,21,21,21,21,21,21,21,21,21,21,21,21,21,21,21,21,21,21,21,21,21,21,21],"floor_reached":51,"playtime":3324,"items_purged":["Strike_B"],"score":1235,"play_id":"81a2d176-85ad-4d46-9958-e673a785f1c6","local_time":"20190523102528","is_ascension_mode":true,"campfire_choices":[{"floor":11,"key":"REST"},{"data":"Fission","floor":15,"key":"SMITH"},{"data":"Master of Strategy","floor":30,"key":"SMITH"},{"data":"Fission","floor":32,"key":"SMITH"},{"data":"Fission","floor":49,"key":"SMITH"}],"neow_cost":"NONE","seed_source_timestamp":95838795621800,"circlet_count":0,"master_deck":["Strike_B","Strike_B+1","Strike_B","Defend_B","Defend_B+1","Defend_B","Defend_B","Zap","Dualcast","Sunder","Fission+1","Chill","Glacier+1","Ball Lightning+1","Rainbow","Echo Form","FTL+1","Master of Strategy+1","Fission+1","Meteor Strike","Defragment","Self Repair+1","Defragment+1","Fission+1","Multi-Cast"],"relics":["Cracked Core","NeowsBlessing","Art of War","Bag of Marbles","Bird Faced Urn","Bronze Scales","Odd Mushroom","Dodecahedron","Ectoplasm","Whetstone","NlothsMask","Centennial Puzzle","War Paint","Thread and Needle","Ornamental Fan","Blue Candle","Inserter","Kunai","Singing Bowl","Anchor","Gambling Chip"],"potions_floor_usage":[12,31,39,40,40,50],"damage_taken":[{"damage":0,"enemies":"Small Slimes","floor":1,"turns":1},{"damage":0,"enemies":"Jaw Worm","floor":3,"turns":1},{"damage":0,"enemies":"Lagavulin","floor":6,"turns":1},{"damage":0,"enemies":"Cultist","floor":7,"turns":2},{"damage":18,"enemies":"Gremlin Nob","floor":8,"turns":4},{"damage":5,"enemies":"The Mushroom Lair","floor":10,"turns":3},{"damage":0,"enemies":"3 Sentries","floor":12,"turns":10},{"damage":0,"enemies":"2 Fungi Beasts","floor":13,"turns":3},{"damage":0,"enemies":"Blue Slaver","floor":14,"turns":3},{"damage":28,"enemies":"Hexaghost","floor":16,"turns":8},{"damage":0,"enemies":"Shell Parasite","floor":18,"turns":4},{"damage":0,"enemies":"2 Thieves","floor":20,"turns":3},{"damage":2,"enemies":"Snake Plant","floor":22,"turns":3},{"damage":0,"enemies":"Slavers","floor":23,"turns":4},{"damage":2,"enemies":"Centurion and Healer","floor":24,"turns":5},{"damage":0,"enemies":"Gremlin Leader","floor":25,"turns":5},{"damage":0,"enemies":"Snecko","floor":28,"turns":4},{"damage":0,"enemies":"Colosseum Slavers","floor":29,"turns":2},{"damage":7,"enemies":"Colosseum Nobs","floor":29,"turns":3},{"damage":15,"enemies":"Slavers","floor":31,"turns":3},{"damage":20,"enemies":"Automaton","floor":33,"turns":9},{"damage":10,"enemies":"3 Darklings","floor":35,"turns":3},{"damage":0,"enemies":"Orb Walker","floor":36,"turns":2},{"damage":0,"enemies":"Spire Growth","floor":37,"turns":6},{"damage":0,"enemies":"Transient","floor":39,"turns":5},{"damage":15,"enemies":"Nemesis","floor":40,"turns":9},{"damage":0,"enemies":"Reptomancer","floor":42,"turns":7},{"damage":0,"enemies":"Sphere and 2 Shapes","floor":44,"turns":4},{"damage":0,"enemies":"4 Shapes","floor":45,"turns":4},{"damage":28,"enemies":"Nemesis","floor":46,"turns":9},{"damage":17,"enemies":"Maw","floor":47,"turns":6},{"damage":12,"enemies":"Spire Growth","floor":48,"turns":5},{"damage":21,"enemies":"Time Eater","floor":50,"turns":13}],"seed_played":"-7712516396739717729","potions_obtained":[{"floor":1,"key":"Regen Potion"},{"floor":8,"key":"Swift Potion"},{"floor":16,"key":"Explosive Potion"},{"floor":22,"key":"Poison Potion"},{"floor":23,"key":"Fire Potion"},{"floor":31,"key":"Explosive Potion"},{"floor":37,"key":"GamblersBrew"},{"floor":39,"key":"Weak Potion"},{"floor":45,"key":"EssenceOfSteel"}],"is_trial":false,"path_per_floor":["M","?","M","?","?","E","M","E","T","?","R","E","M","M","R","B",null,"M","$","M","?","M","E","M","E","T","$","M","?","R","E","R","B",null,"M","M","M","?","M","E","?","E","T","M","M","E","M","M","R","B",null],"character_chosen":"DEFECT","items_purchased":["Master of Strategy","Whetstone"],"campfire_rested":1,"item_purchase_floors":[19,19],"current_hp_per_floor":[68,68,68,56,56,56,56,38,38,33,55,55,55,55,55,27,63,63,63,65,65,65,65,65,67,67,67,69,64,64,51,51,33,65,55,57,63,63,71,66,66,71,71,73,75,59,76,77,77,70],"gold":21,"neow_bonus":"THREE_ENEMY_KILL","is_prod":false,"is_daily":false,"chose_seed":false,"campfire_upgraded":4,"win_rate":0,"timestamp":1558621528,"path_taken":["M","?","M","?","?","E","?","E","T","?","R","E","M","M","R","BOSS","M","$","M","?","M","E","M","E","T","?","?","?","R","E","R","BOSS","M","M","M","?","M","E","?","E","T","M","M","E","?","M","R","BOSS"],"build_version":"2019-01-23","purchased_purges":1,"victory":true,"max_hp_per_floor":[75,75,75,75,75,75,75,75,75,75,75,75,75,75,75,75,75,75,75,75,75,75,75,75,75,75,75,75,75,75,75,75,75,75,75,75,75,71,71,71,71,71,71,73,75,75,77,79,79,79],"card_choices":[{"not_picked":["Beam Cell","Stack"],"picked":"Sunder","floor":1},{"not_picked":["Hologram","Gash","Leap"],"picked":"SKIP","floor":3},{"not_picked":["Barrage","Gash"],"picked":"Fission","floor":6},{"not_picked":["Barrage","Go for the Eyes","Leap"],"picked":"SKIP","floor":7},{"not_picked":["Darkness","Leap"],"picked":"Chill","floor":8},{"not_picked":["Blizzard","Conserve Battery"],"picked":"Glacier","floor":10},{"not_picked":["Blizzard","Steam Power"],"picked":"Ball Lightning","floor":12},{"not_picked":["Chaos","Turbo"],"picked":"Rainbow","floor":13},{"not_picked":["Melter","Leap","Scrape"],"picked":"SKIP","floor":14},{"not_picked":["All For One","Hyperbeam"],"picked":"Echo Form","floor":16},{"not_picked":["Recycle","Compile Driver"],"picked":"FTL+1","floor":18},{"not_picked":["Stack+1","Steam","Barrage+1"],"picked":"SKIP","floor":20},{"not_picked":["Rebound","Scrape","Redo"],"picked":"SKIP","floor":22},{"not_picked":["Streamline","Beam Cell+1","Coolheaded"],"picked":"SKIP","floor":23},{"not_picked":["Go for the Eyes","Double Energy","Rebound+1"],"picked":"SKIP","floor":24},{"not_picked":["Hologram","Steam","Beam Cell"],"picked":"SKIP","floor":25},{"not_picked":["Barrage","Turbo+1","Rip and Tear+1"],"picked":"SKIP","floor":28},{"not_picked":["Gash","Compile Driver"],"picked":"Fission","floor":31},{"not_picked":["Multi-Cast","Electrodynamics"],"picked":"Meteor Strike","floor":33},{"not_picked":["Coolheaded+1","Hologram+1","Undo"],"picked":"SKIP","floor":35},{"not_picked":["Compile Driver+1","Recycle"],"picked":"Defragment","floor":36},{"not_picked":["Coolheaded+1","Beam Cell+1","Cold Snap+1"],"picked":"SKIP","floor":37},{"not_picked":["Gash","Streamline+1"],"picked":"Self Repair+1","floor":39},{"not_picked":["Force Field","Sweeping Beam+1"],"picked":"Defragment+1","floor":40},{"not_picked":["Go for the Eyes","Cold Snap"],"picked":"Fission","floor":42},{"not_picked":["FTL+1","Sunder","Hologram+1"],"picked":"Singing Bowl","floor":44},{"not_picked":["Gash+1","Conserve Battery","Streamline+1"],"picked":"Singing Bowl","floor":45},{"not_picked":["Tempest","Recycle"],"picked":"Multi-Cast","floor":46},{"not_picked":["Leap","Compile Driver","Static Discharge+1"],"picked":"Singing Bowl","floor":47},{"not_picked":["Compile Driver+1","Gash+1","Go for the Eyes"],"picked":"Singing Bowl","floor":48}],"player_experience":758468,"relics_obtained":[{"floor":6,"key":"Bag of Marbles"},{"floor":8,"key":"Bird Faced Urn"},{"floor":9,"key":"Bronze Scales"},{"floor":10,"key":"Odd Mushroom"},{"floor":12,"key":"Dodecahedron"},{"floor":23,"key":"Centennial Puzzle"},{"floor":25,"key":"War Paint"},{"floor":29,"key":"Thread and Needle"},{"floor":29,"key":"Ornamental Fan"},{"floor":31,"key":"Blue Candle"},{"floor":40,"key":"Kunai"},{"floor":42,"key":"Singing Bowl"},{"floor":43,"key":"Anchor"},{"floor":46,"key":"Gambling Chip"}],"event_choices":[{"damage_healed":0,"gold_gain":64,"player_choice":"Gained Gold","damage_taken":0,"max_hp_gain":0,"max_hp_loss":0,"event_name":"Golden Wing","floor":2,"gold_loss":0},{"damage_healed":0,"gold_gain":0,"player_choice":"Success","damage_taken":12,"relics_obtained":["Art of War"],"max_hp_gain":0,"max_hp_loss":0,"event_name":"Scrap Ooze","floor":4,"gold_loss":0},{"damage_healed":0,"gold_gain":0,"player_choice":"0 cards matched","damage_taken":0,"max_hp_gain":0,"max_hp_loss":0,"event_name":"Match and Keep!","floor":5,"gold_loss":0,"cards_obtained":[]},{"damage_healed":0,"gold_gain":0,"player_choice":"Fought Mushrooms","damage_taken":0,"max_hp_gain":0,"max_hp_loss":0,"event_name":"Mushrooms","floor":10,"gold_loss":0},{"damage_healed":0,"gold_gain":0,"player_choice":"Trade","damage_taken":0,"relics_obtained":["NlothsMask"],"max_hp_gain":0,"max_hp_loss":0,"event_name":"FaceTrader","floor":21,"gold_loss":0},{"damage_healed":0,"gold_gain":0,"player_choice":"Fight","damage_taken":0,"max_hp_gain":0,"max_hp_loss":0,"event_name":"Colosseum","floor":29,"gold_loss":0},{"damage_healed":0,"gold_gain":0,"player_choice":"Fought Nobs","damage_taken":0,"max_hp_gain":0,"max_hp_loss":0,"event_name":"Colosseum","floor":29,"gold_loss":0},{"damage_healed":0,"gold_gain":0,"player_choice":"Max HP","damage_taken":0,"max_hp_gain":0,"max_hp_loss":4,"event_name":"Winding Halls","floor":38,"gold_loss":0},{"damage_healed":0,"gold_gain":0,"player_choice":"Ignored","damage_taken":0,"max_hp_gain":0,"max_hp_loss":0,"event_name":"Golden Shrine","floor":41,"gold_loss":0}],"is_beta":false,"boss_relics":[{"not_picked":["Empty Cage","Coffee Dripper"],"picked":"Ectoplasm"},{"not_picked":["Eternal Feather","Tiny House"],"picked":"Inserter"}],"items_purged_floors":[19],"is_endless":false,"potions_floor_spawned":[1,8,16,22,23,24,29,31,35,37,39,45],"ascension_level":7}