{"gold_per_floor":[110,35,53,3,3,36,48,59,59,76,76,76,110,129,129,231,231,247,247],"floor_reached":19,"playtime":661,"items_purged":["Strike_R"],"score":179,"play_id":"e015298d-b0fc-414f-bc5f-cd930b45bb4d","local_time":"20190125235129","is_ascension_mode":false,"campfire_choices":[{"floor":11,"key":"RECALL"},{"data":"Body Slam","floor":15,"key":"SMITH"}],"neow_cost":"NONE","seed_source_timestamp":44594818728963,"circlet_count":0,"master_deck":["Strike_R","Strike_R","Strike_R","Defend_R","Defend_R","Defend_R","Defend_R","Bash+1","Disarm","Cleave","Seeing Red","Juggernaut","Body Slam+1","Ghostly Armor","Whirlwind","Exhume+1","Shrug It Off+1"],"relics":["Burning Blood","Red Skull","Toxic Egg 2","Kunai","Mark of Pain"],"potions_floor_usage":[6,13,16],"damage_taken":[{"damage":1,"enemies":"Cultist","floor":1,"turns":4},{"damage":6,"enemies":"Jaw Worm","floor":3,"turns":4},{"damage":24,"enemies":"Gremlin Nob","floor":6,"turns":4},{"damage":3,"enemies":"2 Louse","floor":7,"turns":2},{"damage":9,"enemies":"2 Fungi Beasts","floor":8,"turns":4},{"damage":28,"enemies":"Large Slime","floor":10,"turns":7},{"damage":11,"enemies":"Lagavulin","floor":13,"turns":5},{"damage":8,"enemies":"Looter","floor":14,"turns":3},{"damage":20,"enemies":"Hexaghost","floor":16,"turns":9},{"damage":31,"enemies":"Spheric Guardian","floor":18,"turns":6},{"damage":29,"enemies":"Colosseum Slavers","floor":19,"turns":5},{"damage":45,"enemies":"Colosseum Nobs","floor":19,"turns":4}],"seed_played":"-1134146563095622992","potions_obtained":[{"floor":1,"key":"Poison Potion"},{"floor":8,"key":"EssenceOfSteel"},{"floor":13,"key":"AttackPotion"},{"floor":16,"key":"SpeedPotion"}],"is_trial":false,"path_per_floor":["M","$","M","?","$","E","M","M","T","M","R","?","E","M","R","B",null,"M","?"],"character_chosen":"IRONCLAD","items_purchased":[],"campfire_rested":0,"item_purchase_floors":[],"current_hp_per_floor":[80,80,80,80,80,62,65,62,62,40,40,37,32,30,30,16,80,55,0],"gold":247,"neow_bonus":"UPGRADE_CARD","is_prod":false,"is_daily":false,"chose_seed":false,"campfire_upgraded":1,"win_rate":0,"timestamp":1548456689,"path_taken":["M","?","M","?","?","E","M","M","T","M","R","?","E","M","R","BOSS","M","?"],"build_version":"2019-01-23","purchased_purges":1,"victory":false,"max_hp_per_floor":[80,80,80,80,80,80,80,80,80,80,80,80,80,80,80,80,80,80,80],"card_choices":[{"not_picked":["Wild Strike","Perfected Strike"],"picked":"Disarm","floor":1},{"not_picked":["Reckless Charge","Flex"],"picked":"Cleave","floor":3},{"not_picked":["True Grit","Rupture"],"picked":"Seeing Red","floor":6},{"not_picked":["Headbutt","Evolve"],"picked":"Juggernaut","floor":7},{"not_picked":["Pommel Strike","Shockwave"],"picked":"Body Slam","floor":8},{"not_picked":["Iron Wave","Wild Strike"],"picked":"Ghostly Armor","floor":10},{"not_picked":["Limit Break+1","Carnage"],"picked":"Whirlwind","floor":13},{"not_picked":["Uppercut","Anger","Rupture"],"picked":"SKIP","floor":14},{"not_picked":["Impervious+1","Immolate"],"picked":"Exhume+1","floor":16},{"not_picked":["Anger","Headbutt"],"picked":"Shrug It Off+1","floor":18}],"player_experience":186513,"relics_obtained":[{"floor":6,"key":"Red Skull"},{"floor":13,"key":"Kunai"}],"event_choices":[{"cards_removed":["Strike_R"],"damage_healed":0,"gold_gain":0,"player_choice":"Card Removal","damage_taken":0,"max_hp_gain":0,"max_hp_loss":0,"event_name":"The Cleric","floor":4,"gold_loss":50},{"damage_healed":0,"gold_gain":0,"player_choice":"Success","damage_taken":3,"relics_obtained":["Toxic Egg 2"],"max_hp_gain":0,"max_hp_loss":0,"event_name":"Scrap Ooze","floor":12,"gold_loss":0},{"damage_healed":0,"gold_gain":0,"player_choice":"Fight","damage_taken":0,"max_hp_gain":0,"max_hp_loss":0,"event_name":"Colosseum","floor":19,"gold_loss":0},{"damage_healed":0,"gold_gain":0,"player_choice":"Fought Nobs","damage_taken":0,"max_hp_gain":0,"max_hp_loss":0,"event_name":"Colosseum","floor":19,"gold_loss":0}],"is_beta":false,"boss_relics":[{"not_picked":["Pandora\u0027s Box","Tiny House"],"picked":"Mark of Pain"}],"items_purged_floors":[2],"is_endless":false,"potions_floor_spawned":[1,8,13,16],"killed_by":"Colosseum Nobs","ascension_level":0}