{"gold_per_floor":[109,109,124,74,89,89,108,142,168,243,243,255,255,270,270,349,349,360,360,360,376,376,402,402,402,402,402,32,32,64,80,80,154,154,166,176,231,231,331,358,358,64,64,75,95,123,134,168,168,168],"floor_reached":51,"playtime":4319,"items_purged":["Normality","Strike_G+1"],"score":1424,"play_id":"3b69d738-b259-4f56-9f0c-bbd8b27c226b","local_time":"20190602161313","is_ascension_mode":true,"campfire_choices":[{"data":"Noxious Fumes","floor":6.0,"key":"SMITH"},{"data":"Footwork","floor":11,"key":"SMITH"},{"data":"Deadly Poison","floor":13,"key":"SMITH"},{"floor":15,"key":"REST"},{"data":"Adrenaline","floor":25,"key":"SMITH"},{"data":"Caltrops","floor":27,"key":"SMITH"},{"data":"Neutralize","floor":29,"key":"SMITH"},{"data":"Dodge and Roll","floor":32,"key":"SMITH"},{"data":"Night Terror","floor":49,"key":"SMITH"}],"neow_cost":"NONE","seed_source_timestamp":0,"circlet_count":0,"master_deck":["AscendersBane","Defend_G+1","Defend_G+1","Defend_G+1","Defend_G+1","Defend_G+1","Survivor","Neutralize+1","Dagger Spray","Underhanded Strike","Noxious Fumes+1","Deadly Poison+1","Caltrops+1","Footwork+1","Deflect","Leg Sweep+1","Burst+1","PiercingWail","Deflect","Adrenaline+1","Escape Plan","Escape Plan","Dodge and Roll+1","Malaise","Backflip","Prepared+1","Acrobatics","Prepared+1","Catalyst+1","Well Laid Plans+1","Night Terror+1","Dodge and Roll","Transmutation","Backflip","Bouncing Flask"],"special_seed":0,"relics":["Eternal Feather","Strawberry","Happy Flower","Cursed Key","War Paint","Ice Cream","Bottled Lightning","Oddly Smooth Stone","Centennial Puzzle","Orrery","Peace Pipe","FossilizedHelix","Boot","Omamori","Bag of Preparation"],"potions_floor_usage":[16,23,40,45],"damage_taken":[{"damage":2.0,"enemies":"Small Slimes","floor":1.0,"turns":5.0},{"damage":4.0,"enemies":"Cultist","floor":3.0,"turns":5.0},{"damage":4.0,"enemies":"Jaw Worm","floor":5.0,"turns":5.0},{"damage":6,"enemies":"Looter","floor":7,"turns":4},{"damage":30,"enemies":"3 Sentries","floor":8,"turns":6},{"damage":9,"enemies":"3 Louse","floor":12,"turns":3},{"damage":7,"enemies":"Exordium Wildlife","floor":14,"turns":6},{"damage":13,"enemies":"The Guardian","floor":16,"turns":11},{"damage":0,"enemies":"Shell Parasite","floor":18,"turns":7},{"damage":10,"enemies":"Spheric Guardian","floor":21,"turns":4},{"damage":17,"enemies":"Slavers","floor":23,"turns":7},{"damage":9,"enemies":"Gremlin Leader","floor":30,"turns":7},{"damage":0,"enemies":"Centurion and Healer","floor":31,"turns":9},{"damage":4,"enemies":"Automaton","floor":33,"turns":13},{"damage":0,"enemies":"3 Darklings","floor":35,"turns":9},{"damage":6,"enemies":"3 Shapes","floor":36,"turns":7},{"damage":8,"enemies":"2 Orb Walkers","floor":37,"turns":7},{"damage":0,"enemies":"Mind Bloom Boss Battle","floor":39,"turns":4},{"damage":41,"enemies":"Reptomancer","floor":40,"turns":4},{"damage":0,"enemies":"Jaw Worm Horde","floor":44,"turns":4},{"damage":0,"enemies":"Writhing Mass","floor":45,"turns":6},{"damage":0,"enemies":"Nemesis","floor":46,"turns":7},{"damage":0,"enemies":"3 Darklings","floor":47,"turns":5},{"damage":0,"enemies":"Giant Head","floor":48,"turns":8},{"damage":0,"enemies":"Donu and Deca","floor":50,"turns":7}],"seed_played":"5606564243558080123","potions_obtained":[{"floor":5.0,"key":"Strength Potion"},{"floor":8,"key":"Strength Potion"},{"floor":12,"key":"SkillPotion"},{"floor":18,"key":"SkillPotion"},{"floor":30,"key":"PowerPotion"},{"floor":40,"key":"EntropicBrew"},{"floor":47,"key":"Explosive Potion"}],"is_trial":false,"path_per_floor":["M","?","M","?","M","R","M","E","T","?","R","M","R","M","R","B",null,"M","?","?","M","?","E","?","R","T","R","$","R","E","M","R","B",null,"M","M","?","?","?","E","?","$","T","M","M","E","M","E","R","B",null],"character_chosen":"THE_SILENT","items_purchased":["Oddly Smooth Stone","Escape Plan","GamblersBrew","Transmutation"],"campfire_rested":1,"item_purchase_floors":[28,28,28,42],"current_hp_per_floor":[61,61,57,57,53,62,56,33,33,22,31,22,31,24,56,43,69,69,55,55,45,45,28,28,40,40,52,52,64,55,55,67,63,77,77,71,63,63,63,22,68,68,68,68,68,68,68,68,68,68],"gold":168,"neow_bonus":"BOSS_RELIC","is_prod":false,"is_daily":false,"chose_seed":false,"campfire_upgraded":8,"win_rate":0,"timestamp":1559506393,"path_taken":["M","?","?","?","M","R","M","E","T","?","R","M","R","M","R","BOSS","M","?","?","?","?","E","?","R","T","R","$","R","E","M","R","BOSS","M","M","?","?","?","E","?","$","T","M","M","E","M","E","R","BOSS"],"build_version":"2019-01-23","purchased_purges":2,"victory":true,"max_hp_per_floor":[70,70,70,70,70,70,70,77,77,77,77,77,77,77,77,77,77,77,82,82,82,82,82,82,82,82,82,82,82,82,82,82,82,82,82,82,82,78,78,78,68,68,68,68,68,68,68,68,68,68],"card_choices":[{"not_picked":["Backflip","Prepared"],"picked":"Dagger Spray","floor":1.0},{"not_picked":["Backstab","Masterful Stab"],"picked":"Noxious Fumes","floor":3.0},{"not_picked":["Eviscerate","Tactician"],"picked":"Deadly Poison","floor":5.0},{"not_picked":["Calculated Gamble","Reflex"],"picked":"Caltrops","floor":7},{"not_picked":["Flying Knee","Bane"],"picked":"Footwork","floor":8},{"not_picked":["Tactician","Masterful Stab"],"picked":"Deflect","floor":12},{"not_picked":["Setup","Flying Knee"],"picked":"Leg Sweep","floor":14},{"not_picked":["After Image","Die Die Die"],"picked":"Burst","floor":16},{"not_picked":["Blur","Acrobatics"],"picked":"PiercingWail","floor":18},{"not_picked":["Poisoned Stab+1","Blade Dance","Expertise"],"picked":"SKIP","floor":21},{"not_picked":["Bane","Blade Dance","Sucker Punch"],"picked":"SKIP","floor":23},{"not_picked":["Riddle With Holes","Dash+1"],"picked":"Escape Plan","floor":30},{"not_picked":["Outmaneuver","Cloak And Dagger"],"picked":"Dodge and Roll","floor":31},{"not_picked":["Bullet Time","Die Die Die"],"picked":"Malaise","floor":33},{"not_picked":["Bane","Predator"],"picked":"Backflip","floor":34},{"not_picked":["Dagger Spray","Finisher"],"picked":"Prepared+1","floor":34},{"not_picked":["Outmaneuver+1","Accuracy+1"],"picked":"Acrobatics","floor":34},{"not_picked":["Tactician","Predator"],"picked":"Prepared+1","floor":34},{"not_picked":["Eviscerate+1","Deflect"],"picked":"Catalyst+1","floor":35},{"not_picked":["Slice+1","Dodge and Roll"],"picked":"Well Laid Plans+1","floor":36},{"not_picked":["Bane","Poisoned Stab+1"],"picked":"Night Terror","floor":37},{"not_picked":["Escape Plan","Dagger Spray"],"picked":"Dodge and Roll","floor":39},{"not_picked":["Outmaneuver","Eviscerate","Terror"],"picked":"SKIP","floor":40},{"not_picked":["Dash+1","Backstab"],"picked":"Backflip","floor":44},{"not_picked":["Slice+1","Expertise+1","Skewer+1"],"picked":"SKIP","floor":45},{"not_picked":["Prepared","Sucker Punch"],"picked":"Bouncing Flask","floor":46},{"not_picked":["Outmaneuver","Expertise","Leg Sweep"],"picked":"SKIP","floor":47},{"not_picked":["Endless Agony","Underhanded Strike","Deadly Poison"],"picked":"SKIP","floor":48}],"player_experience":428235,"relics_obtained":[{"floor":8,"key":"Strawberry"},{"floor":9,"key":"Happy Flower"},{"floor":20,"key":"War Paint"},{"floor":23,"key":"Ice Cream"},{"floor":26,"key":"Bottled Lightning"},{"floor":30,"key":"Centennial Puzzle"},{"floor":37,"key":"Peace Pipe"},{"floor":39,"key":"FossilizedHelix"},{"floor":40,"key":"Boot"},{"floor":46,"key":"Omamori"},{"floor":48,"key":"Bag of Preparation"}],"event_choices":[{"damage_healed":0.0,"max_hp_gain":0.0,"max_hp_loss":0.0,"gold_gain":0.0,"cards_transformed":["Strike_G"],"event_name":"Transmorgrifier","player_choice":"Transformed","floor":2.0,"gold_loss":0.0,"damage_taken":0.0,"cards_obtained":["Underhanded Strike"]},{"cards_removed":["Strike_G"],"damage_healed":0.0,"max_hp_gain":0.0,"max_hp_loss":0.0,"gold_gain":0.0,"event_name":"The Cleric","player_choice":"Card Removal","floor":4.0,"gold_loss":50.0,"damage_taken":0.0},{"damage_healed":0,"gold_gain":75,"player_choice":"Gather Gold","damage_taken":11,"max_hp_gain":0,"max_hp_loss":0,"event_name":"World of Goop","floor":10,"gold_loss":0},{"damage_healed":0,"gold_gain":0,"player_choice":"Shed Blood","damage_taken":19,"max_hp_gain":5,"max_hp_loss":0,"event_name":"Forgotten Altar","floor":19,"gold_loss":0},{"damage_healed":0,"gold_gain":0,"player_choice":"Relic","damage_taken":0,"max_hp_gain":0,"max_hp_loss":0,"event_name":"Wheel of Change","floor":20,"gold_loss":0},{"damage_healed":0,"gold_gain":0,"cards_transformed":["Strike_G","Strike_G"],"player_choice":"Became Test Subject","damage_taken":0,"max_hp_gain":0,"max_hp_loss":0,"event_name":"Drug Dealer","floor":22,"gold_loss":0,"cards_obtained":["Deflect","Adrenaline"]},{"damage_healed":0,"gold_gain":0,"player_choice":"Simplicity","damage_taken":0,"max_hp_gain":0,"max_hp_loss":0,"event_name":"Back to Basics","floor":24,"gold_loss":0,"cards_upgraded":["Defend_G","Defend_G","Defend_G","Defend_G","Defend_G","Strike_G"]},{"damage_healed":0,"gold_gain":0,"player_choice":"Fight","damage_taken":0,"max_hp_gain":0,"max_hp_loss":0,"event_name":"Mysterious Sphere","floor":37,"gold_loss":0},{"damage_healed":0,"gold_gain":0,"player_choice":"Max HP","damage_taken":0,"max_hp_gain":0,"max_hp_loss":4,"event_name":"Winding Halls","floor":38,"gold_loss":0},{"damage_healed":0,"gold_gain":0,"player_choice":"Fight","damage_taken":0,"max_hp_gain":0,"max_hp_loss":0,"event_name":"MindBloom","floor":39,"gold_loss":0},{"damage_healed":68,"gold_gain":0,"player_choice":"Heal","damage_taken":0,"max_hp_gain":0,"max_hp_loss":10,"event_name":"The Moai Head","floor":41,"gold_loss":0}],"is_beta":false,"boss_relics":[{"not_picked":["Ectoplasm","WristBlade"],"picked":"Cursed Key"},{"not_picked":["Fusion Hammer","Sozu"],"picked":"Orrery"}],"items_purged_floors":[28,42],"is_endless":false,"potions_floor_spawned":[5,8,12,14,18,30,35,37,40,47],"ascension_level":13}