{"gold_per_floor":[109,109,123,135,35,35,61,61,86,99],"floor_reached":10,"playtime":398,"items_purged":[],"score":68,"play_id":"7abe8af2-2ab5-4013-81b4-88613a508085","local_time":"20190111204433","is_ascension_mode":false,"campfire_choices":[{"floor":6,"key":"RECALL"},{"data":"Rampage","floor":8,"key":"SMITH"}],"neow_cost":"NONE","seed_source_timestamp":165130549861072,"circlet_count":0,"master_deck":["Strike_R","Strike_R","Strike_R","Strike_R","Strike_R","Defend_R+1","Defend_R+1","Defend_R","Defend_R","Bash","Cleave+1","Sword Boomerang","Shrug It Off","Shrug It Off","Sword Boomerang","Rampage+1","Flex"],"relics":["Burning Blood","Bag of Preparation","War Paint","Lantern"],"potions_floor_usage":[],"damage_taken":[{"damage":5,"enemies":"Small Slimes","floor":1,"turns":3},{"damage":5,"enemies":"Jaw Worm","floor":3,"turns":4},{"damage":1,"enemies":"2 Louse","floor":4,"turns":2},{"damage":14,"enemies":"Gremlin Nob","floor":7,"turns":3},{"damage":13,"enemies":"Red Slaver","floor":10,"turns":2}],"seed_played":"-7827173177949741715","potions_obtained":[{"floor":3,"key":"FearPotion"},{"floor":4,"key":"AttackPotion"}],"is_trial":false,"path_per_floor":["M","?","M","M","$","R","E","R","T","M"],"character_chosen":"IRONCLAD","items_purchased":["Shrug It Off","Sword Boomerang"],"campfire_rested":0,"item_purchase_floors":[5,5],"current_hp_per_floor":[80,80,80,80,80,80,72,72,72,65],"gold":99,"neow_bonus":"RANDOM_COMMON_RELIC","is_prod":false,"is_daily":false,"chose_seed":false,"campfire_upgraded":1,"win_rate":0,"timestamp":1547235873,"path_taken":["M","?","M","M","$","R","E","R","T","M"],"build_version":"2019-01-10","purchased_purges":0,"victory":false,"max_hp_per_floor":[80,80,80,80,80,80,80,80,80,80],"card_choices":[{"not_picked":["Uppercut","Dropkick"],"picked":"Cleave","floor":1},{"not_picked":["Feel No Pain","Pummel"],"picked":"Sword Boomerang","floor":3},{"not_picked":["Iron Wave","Twin Strike"],"picked":"Shrug It Off","floor":4},{"not_picked":["Carnage","Headbutt"],"picked":"Rampage","floor":7},{"not_picked":["Shrug It Off","Combust"],"picked":"Flex","floor":10}],"player_experience":179152,"relics_obtained":[{"floor":7,"key":"War Paint"},{"floor":9,"key":"Lantern"}],"event_choices":[{"damage_healed":0,"gold_gain":0,"player_choice":"Grow","damage_taken":0,"max_hp_gain":0,"max_hp_loss":0,"event_name":"Living Wall","floor":2,"gold_loss":0,"cards_upgraded":["Cleave"]}],"is_beta":false,"boss_relics":[],"items_purged_floors":[],"is_endless":false,"potions_floor_spawned":[3,4],"killed_by":"Red Slaver","ascension_level":0}