{"gold_per_floor":[112,128,39,39,49,49,82,82,82,116,135,169,188,188,188,291,291,304,264,278,291,27,54,54,85,85,85],"floor_reached":27,"playtime":1902,"items_purged":[],"score":420,"play_id":"76a70c8c-4412-4e03-a0aa-6037b49d03dd","local_time":"20190430230008","is_ascension_mode":true,"campfire_choices":[{"data":"Spot Weakness","floor":6,"key":"SMITH"},{"data":"Bludgeon","floor":8,"key":"SMITH"},{"data":"Armaments","floor":15,"key":"SMITH"},{"floor":24,"key":"REST"}],"neow_cost":"NONE","seed_source_timestamp":121595074921787,"circlet_count":0,"master_deck":["AscendersBane","Strike_R","Strike_R","Strike_R","Strike_R","Strike_R","Defend_R","Defend_R","Defend_R","Defend_R","Bash","Bludgeon+1","Ghostly Armor","Spot Weakness+1","Clothesline","Barricade","Armaments+1","Havoc","Headbutt","Limit Break+1","Shrug It Off","Armaments+1","Pommel Strike+1","Spot Weakness","Secret Technique","True Grit","Thunderclap"],"relics":["Burning Blood","Pantograph","Gremlin Horn","Pen Nib","Centennial Puzzle","Meat on the Bone","Philosopher\u0027s Stone","Question Card","Torii","Blue Candle"],"potions_floor_usage":[7,10,13,23,25,27],"damage_taken":[{"damage":4,"enemies":"Small Slimes","floor":1,"turns":2},{"damage":0,"enemies":"2 Louse","floor":2,"turns":3},{"damage":10,"enemies":"Cultist","floor":5,"turns":5},{"damage":18,"enemies":"Gremlin Nob","floor":7,"turns":4},{"damage":20,"enemies":"3 Sentries","floor":10,"turns":6},{"damage":20,"enemies":"Gremlin Gang","floor":11,"turns":7},{"damage":8,"enemies":"Gremlin Nob","floor":12,"turns":3},{"damage":0,"enemies":"Blue Slaver","floor":13,"turns":3},{"damage":41,"enemies":"Hexaghost","floor":16,"turns":11},{"damage":40,"enemies":"Chosen","floor":18,"turns":6},{"damage":8,"enemies":"Shell Parasite","floor":20,"turns":5},{"damage":21,"enemies":"Shelled Parasite and Fungi","floor":21,"turns":5},{"damage":37,"enemies":"Book of Stabbing","floor":23,"turns":6},{"damage":14,"enemies":"Gremlin Leader","floor":25,"turns":4},{"damage":55,"enemies":"Book of Stabbing","floor":27,"turns":4}],"seed_played":"7640500358375242480","potions_obtained":[{"floor":5,"key":"Fire Potion"},{"floor":7,"key":"SteroidPotion"},{"floor":10,"key":"Dexterity Potion"},{"floor":11,"key":"SneckoOil"},{"floor":16,"key":"Swift Potion"},{"floor":23,"key":"GamblersBrew"},{"floor":25,"key":"Ancient Potion"}],"is_trial":false,"path_per_floor":["M","M","$","?","M","R","E","R","T","E","M","E","M","?","R","B",null,"M","?","M","M","$","E","R","E","T","E"],"character_chosen":"IRONCLAD","items_purchased":["Spot Weakness","SkillPotion","Spot Weakness","Secret Technique"],"campfire_rested":1,"item_purchase_floors":[3,3,22,22],"current_hp_per_floor":[74,80,80,80,76,76,64,64,64,50,36,34,40,40,40,42,71,49,49,47,44,44,25,49,53,53,0],"gold":85,"neow_bonus":"ONE_RANDOM_RARE_CARD","is_prod":false,"is_daily":false,"chose_seed":false,"campfire_upgraded":3,"win_rate":0,"timestamp":1556679608,"path_taken":["M","M","$","?","M","R","E","R","T","E","M","E","M","?","R","BOSS","M","?","M","M","?","E","R","E","T","E"],"build_version":"2019-01-23","purchased_purges":0,"victory":false,"max_hp_per_floor":[80,80,80,80,80,80,80,80,80,80,80,80,80,80,80,80,80,80,80,80,80,80,80,80,80,80,80],"card_choices":[{"not_picked":["Body Slam","Burning Pact"],"picked":"Ghostly Armor","floor":1},{"not_picked":["Clash","Wild Strike","Dual Wield"],"picked":"SKIP","floor":2},{"not_picked":["Intimidate","Body Slam"],"picked":"Clothesline","floor":5},{"not_picked":["Searing Blow","Headbutt"],"picked":"Barricade","floor":7},{"not_picked":["Headbutt","Clothesline"],"picked":"Armaments","floor":10},{"not_picked":["Wild Strike","Twin Strike"],"picked":"Havoc","floor":11},{"not_picked":["Body Slam","Dual Wield","Feel No Pain"],"picked":"SKIP","floor":12},{"not_picked":["True Grit","Twin Strike"],"picked":"Headbutt","floor":13},{"not_picked":["Brutality","Double Tap"],"picked":"Limit Break","floor":16},{"not_picked":["Pommel Strike","Searing Blow+1"],"picked":"Shrug It Off","floor":18},{"not_picked":["Corruption","Feel No Pain+1"],"picked":"Armaments+1","floor":20},{"not_picked":["Armaments","Intimidate"],"picked":"Pommel Strike+1","floor":21},{"not_picked":["Reckless Charge","Twin Strike"],"picked":"True Grit","floor":23},{"not_picked":["Wild Strike","Anger","Metallicize"],"picked":"Thunderclap","floor":25}],"player_experience":346011,"relics_obtained":[{"floor":7,"key":"Pantograph"},{"floor":9,"key":"Gremlin Horn"},{"floor":10,"key":"Pen Nib"},{"floor":12,"key":"Centennial Puzzle"},{"floor":23,"key":"Question Card"},{"floor":25,"key":"Torii"},{"floor":26,"key":"Blue Candle"}],"event_choices":[{"damage_healed":0,"gold_gain":0,"player_choice":"Leave","damage_taken":0,"max_hp_gain":0,"max_hp_loss":0,"event_name":"The Cleric","floor":4,"gold_loss":0},{"damage_healed":0,"gold_gain":0,"player_choice":"Searched \u00272\u0027 times","damage_taken":0,"relics_obtained":["Meat on the Bone"],"max_hp_gain":0,"max_hp_loss":0,"event_name":"Dead Adventurer","floor":14,"gold_loss":0},{"damage_healed":0,"gold_gain":0,"player_choice":"Upgrade","damage_taken":0,"max_hp_gain":0,"max_hp_loss":0,"event_name":"Designer","floor":19,"gold_loss":40,"cards_upgraded":["Limit Break"]}],"is_beta":false,"boss_relics":[{"not_picked":["Lizard Tail","Eternal Feather"],"picked":"Philosopher\u0027s Stone"}],"items_purged_floors":[],"is_endless":false,"potions_floor_spawned":[5,7,10,11,16,18,23,25],"killed_by":"Book of Stabbing","ascension_level":11}