{"gold_per_floor":[110,128,53,53,65,65,83,97,152,162,162,26,26,56,56,153,153,168,186,186,200,75,75,75,75,75,92,3,3,23,34,34,138,138,153,3,3,20,0,34,34,47,94,94,112,112,125,125,125,125],"floor_reached":51,"playtime":3810,"items_purged":["Strike_B","Strike_B","Defend_B","Defend_B"],"score":1139,"play_id":"cb02c9fb-617b-42c2-ac2b-7c279456fec7","local_time":"20190511210405","is_ascension_mode":true,"campfire_choices":[{"data":"Impatience","floor":6,"key":"SMITH"},{"data":"Scrape","floor":13,"key":"SMITH"},{"data":"Streamline","floor":15,"key":"SMITH"},{"floor":23,"key":"REST"},{"data":"Zap","floor":25,"key":"SMITH"},{"floor":29,"key":"REST"},{"data":"Dualcast","floor":32,"key":"SMITH"},{"floor":41,"key":"REST"},{"floor":44,"key":"REST"},{"floor":46,"key":"REST"},{"data":"Madness","floor":49,"key":"SMITH"}],"neow_cost":"NONE","seed_source_timestamp":504205999771375,"circlet_count":0,"master_deck":["AscendersBane","Defend_B","Defend_B","Zap+1","Dualcast+1","Impatience+1","Blind","Scrape+1","Fission","Gash+1","Madness+1","Writhe"],"relics":["Cracked Core","Oddly Smooth Stone","Singing Bowl","Empty Cage","Happy Flower","Runic Pyramid","Red Mask","Pen Nib","Bag of Preparation"],"potions_floor_usage":[21,31,33,40,40,50],"damage_taken":[{"damage":1,"enemies":"Cultist","floor":1,"turns":3},{"damage":4,"enemies":"Jaw Worm","floor":2,"turns":3},{"damage":5,"enemies":"2 Louse","floor":5,"turns":4},{"damage":9,"enemies":"2 Fungi Beasts","floor":7,"turns":3},{"damage":6,"enemies":"Looter","floor":8,"turns":3},{"damage":5,"enemies":"Blue Slaver","floor":10,"turns":4},{"damage":24,"enemies":"Lagavulin","floor":14,"turns":6},{"damage":34,"enemies":"Slime Boss","floor":16,"turns":10},{"damage":0,"enemies":"Spheric Guardian","floor":18,"turns":2},{"damage":10,"enemies":"Shell Parasite","floor":19,"turns":3},{"damage":8,"enemies":"3 Cultists","floor":21,"turns":3},{"damage":18,"enemies":"Centurion and Healer","floor":27,"turns":3},{"damage":6,"enemies":"Chosen and Byrds","floor":30,"turns":4},{"damage":14,"enemies":"Sentry and Sphere","floor":31,"turns":4},{"damage":38,"enemies":"Collector","floor":33,"turns":8},{"damage":25,"enemies":"3 Darklings","floor":35,"turns":5},{"damage":6,"enemies":"Orb Walker","floor":38,"turns":3},{"damage":59,"enemies":"Nemesis","floor":40,"turns":5},{"damage":18,"enemies":"4 Shapes","floor":42,"turns":5},{"damage":13,"enemies":"Spire Growth","floor":45,"turns":2},{"damage":14,"enemies":"Maw","floor":47,"turns":3},{"damage":6,"enemies":"Donu and Deca","floor":50,"turns":2}],"seed_played":"5677752754457380434","potions_obtained":[{"floor":5,"key":"Strength Potion"},{"floor":8,"key":"Dexterity Potion"},{"floor":16,"key":"Swift Potion"},{"floor":19,"key":"Swift Potion"},{"floor":21,"key":"Explosive Potion"},{"floor":33,"key":"Poison Potion"},{"floor":38,"key":"GamblersBrew"},{"floor":45,"key":"LiquidBronze"}],"is_trial":false,"path_per_floor":["M","M","$","?","M","R","M","M","T","M","?","$","R","E","R","B",null,"M","M","?","M","$","R","?","R","T","M","$","R","M","M","R","B",null,"M","$","?","M","?","E","R","M","T","R","M","R","M","?","R","B",null],"character_chosen":"DEFECT","items_purchased":["Scrape","Madness"],"campfire_rested":5,"item_purchase_floors":[12,28],"current_hp_per_floor":[67,63,63,63,58,58,49,43,43,38,75,75,75,53,53,19,63,65,57,57,49,49,73,73,73,73,57,57,81,77,65,65,29,74,51,51,74,70,70,13,41,25,25,54,43,72,60,60,60,54],"gold":125,"neow_bonus":"RANDOM_COLORLESS","is_prod":false,"is_daily":false,"chose_seed":false,"campfire_upgraded":6,"win_rate":0,"timestamp":1557633845,"path_taken":["M","?","$","?","M","R","M","?","T","?","?","$","R","E","R","BOSS","M","?","?","M","$","R","?","R","T","M","$","R","M","M","R","BOSS","M","$","?","M","?","E","R","M","T","R","M","R","M","?","R","BOSS"],"build_version":"2019-01-23","purchased_purges":4,"victory":true,"max_hp_per_floor":[75,75,75,75,75,75,75,75,75,75,75,75,75,77,77,77,77,79,81,81,81,81,81,81,81,81,83,83,83,85,87,87,89,89,91,91,91,93,93,95,95,97,97,97,99,99,101,101,101,101],"card_choices":[{"not_picked":["Hologram","Heatsinks"],"picked":"Streamline","floor":1},{"not_picked":["Fusion","Chaos","Steam"],"picked":"SKIP","floor":2},{"not_picked":["Stack","Hologram","Beam Cell"],"picked":"SKIP","floor":5},{"not_picked":["Skim","FTL","Streamline"],"picked":"SKIP","floor":7},{"not_picked":["Ball Lightning","Lockon","Redo"],"picked":"SKIP","floor":8},{"not_picked":["Steam","Sweeping Beam","Ball Lightning"],"picked":"SKIP","floor":10},{"not_picked":["Conserve Battery","Doom and Gloom","Compile Driver"],"picked":"Singing Bowl","floor":14},{"not_picked":["Biased Cognition","Multi-Cast"],"picked":"Fission","floor":16},{"not_picked":["Sweeping Beam+1","Sunder","Cold Snap"],"picked":"Singing Bowl","floor":18},{"not_picked":["Genetic Algorithm","Streamline","Hello World+1"],"picked":"Singing Bowl","floor":19},{"not_picked":["Reinforced Body","Cold Snap"],"picked":"Gash+1","floor":21},{"not_picked":["Redo","Gash","Barrage"],"picked":"Singing Bowl","floor":27},{"not_picked":["Sweeping Beam","Undo","Hologram"],"picked":"Singing Bowl","floor":30},{"not_picked":["Genetic Algorithm","Conserve Battery+1","Redo+1"],"picked":"Singing Bowl","floor":31},{"not_picked":["Multi-Cast","Buffer","Biased Cognition"],"picked":"Singing Bowl","floor":33},{"not_picked":["Reprogram","Sweeping Beam","Go for the Eyes+1"],"picked":"Singing Bowl","floor":35},{"not_picked":["Sunder+1","Glacier","Tempest"],"picked":"Singing Bowl","floor":38},{"not_picked":["Cold Snap+1","Auto Shields","Ball Lightning+1"],"picked":"Singing Bowl","floor":40},{"not_picked":["Rebound+1","Go for the Eyes","Ball Lightning+1"],"picked":"Singing Bowl","floor":42},{"not_picked":["Hologram+1","Rebound+1","Auto Shields"],"picked":"Singing Bowl","floor":45},{"not_picked":["Electrodynamics","Chaos+1","Rip and Tear+1"],"picked":"Singing Bowl","floor":47}],"player_experience":471686,"relics_obtained":[{"floor":9,"key":"Oddly Smooth Stone"},{"floor":14,"key":"Singing Bowl"},{"floor":26,"key":"Happy Flower"},{"floor":40,"key":"Pen Nib"},{"floor":43,"key":"Bag of Preparation"}],"event_choices":[{"damage_healed":0,"gold_gain":0,"player_choice":"1 cards matched","damage_taken":0,"max_hp_gain":0,"max_hp_loss":0,"event_name":"Match and Keep!","floor":4,"gold_loss":0,"cards_obtained":["Blind"]},{"damage_healed":37,"gold_gain":0,"player_choice":"Full Heal","damage_taken":0,"max_hp_gain":0,"max_hp_loss":0,"event_name":"Wheel of Change","floor":11,"gold_loss":0},{"damage_healed":0,"gold_gain":0,"player_choice":"Ignored","damage_taken":0,"max_hp_gain":0,"max_hp_loss":0,"event_name":"Ghosts","floor":20,"gold_loss":0},{"damage_healed":0,"gold_gain":0,"player_choice":"Ignored","damage_taken":0,"max_hp_gain":0,"max_hp_loss":0,"event_name":"Vampires","floor":24,"gold_loss":0},{"damage_healed":23,"gold_gain":0,"player_choice":"Writhe","damage_taken":0,"max_hp_gain":0,"max_hp_loss":0,"event_name":"Winding Halls","floor":37,"gold_loss":0,"cards_obtained":["Writhe"]},{"damage_healed":0,"gold_gain":0,"player_choice":"Paid","damage_taken":0,"relics_obtained":["Red Mask"],"max_hp_gain":0,"max_hp_loss":0,"event_name":"Tomb of Lord Red Mask","floor":39,"gold_loss":20},{"cards_removed":["Streamline"],"damage_healed":0,"gold_gain":0,"player_choice":"Removed Attack","damage_taken":0,"max_hp_gain":0,"max_hp_loss":0,"event_name":"Falling","floor":48,"gold_loss":0}],"is_beta":false,"boss_relics":[{"not_picked":["White Beast Statue","Astrolabe"],"picked":"Empty Cage"},{"not_picked":["Runic Dome","Snecko Eye"],"picked":"Runic Pyramid"}],"items_purged_floors":[3,12,22,36],"is_endless":false,"potions_floor_spawned":[5,8,16,19,21,33,38,45],"ascension_level":11}