{"gold_per_floor":[109,124,40,56,56,91,110,120,197,197,197,223,235,253,253,253],"floor_reached":16,"playtime":539,"items_purged":[],"score":211,"play_id":"a397b3f6-6e5d-4dbb-be09-9517b443c8c0","local_time":"20190605222308","is_ascension_mode":true,"campfire_choices":[{"floor":11.0,"key":"REST"},{"floor":15.0,"key":"REST"}],"neow_cost":"NONE","seed_source_timestamp":345791409745860,"circlet_count":0,"master_deck":["AscendersBane","Defend_G","Defend_G","Defend_G","Defend_G","Defend_G","Strike_G","Strike_G","Strike_G","Strike_G","Survivor","Neutralize","Deadly Poison","Cloak And Dagger","Footwork","Crippling Poison","Burst","PiercingWail","Backstab","Catalyst"],"special_seed":0,"relics":["Ring of the Snake","NeowsBlessing","Singing Bowl","Darkstone Periapt","NlothsMask","Tingsha"],"potions_floor_usage":[16],"damage_taken":[{"damage":0.0,"enemies":"Cultist","floor":1.0,"turns":1.0},{"damage":0.0,"enemies":"2 Louse","floor":2.0,"turns":1.0},{"damage":0.0,"enemies":"Small Slimes","floor":4.0,"turns":1.0},{"damage":14.0,"enemies":"3 Sentries","floor":6.0,"turns":8.0},{"damage":9.0,"enemies":"Looter","floor":7.0,"turns":4.0},{"damage":9.0,"enemies":"3 Louse","floor":8.0,"turns":5.0},{"damage":35.0,"enemies":"Gremlin Nob","floor":12.0,"turns":6.0},{"damage":9.0,"enemies":"Exordium Thugs","floor":13.0,"turns":7.0},{"damage":3.0,"enemies":"Looter","floor":14.0,"turns":4.0},{"damage":33,"enemies":"Slime Boss","floor":16,"turns":6}],"seed_played":"8985887386421635693","potions_obtained":[{"floor":1.0,"key":"PowerPotion"},{"floor":6.0,"key":"GhostInAJar"},{"floor":14.0,"key":"Poison Potion"}],"is_trial":false,"path_per_floor":["M","M","$","M","?","E","M","M","T","?","R","E","M","M","R","B"],"character_chosen":"THE_SILENT","items_purchased":["Footwork"],"campfire_rested":2,"item_purchase_floors":[3],"current_hp_per_floor":[59,59,59,59,59,45,36,29,29,29,49,16,7,4,25,0],"gold":253,"neow_bonus":"THREE_ENEMY_KILL","is_prod":false,"is_daily":false,"chose_seed":false,"campfire_upgraded":0,"win_rate":0,"timestamp":1559744588,"path_taken":["M","?","$","M","?","E","M","M","T","?","R","E","M","M","R","BOSS"],"build_version":"2019-01-23","purchased_purges":0,"victory":false,"max_hp_per_floor":[66,66,66,66,66,66,66,68,68,68,68,70,70,70,70,70],"card_choices":[{"not_picked":["Choke","Sucker Punch"],"picked":"Deadly Poison","floor":1.0},{"not_picked":["Flying Knee","Distraction"],"picked":"Cloak And Dagger","floor":2.0},{"not_picked":["Flying Knee","Burst"],"picked":"Crippling Poison","floor":4.0},{"not_picked":["Backflip","Terror"],"picked":"Burst","floor":6.0},{"not_picked":["Concentrate","Expertise"],"picked":"PiercingWail","floor":7.0},{"not_picked":["Deflect","Endless Agony","Blade Dance"],"picked":"Singing Bowl","floor":8.0},{"not_picked":["Burst","Bane","Dagger Throw"],"picked":"Singing Bowl","floor":12.0},{"not_picked":["Endless Agony","Escape Plan"],"picked":"Backstab","floor":13.0},{"not_picked":["Dodge and Roll","Reflex"],"picked":"Catalyst","floor":14.0}],"player_experience":632388,"relics_obtained":[{"floor":6.0,"key":"Singing Bowl"},{"floor":9.0,"key":"Darkstone Periapt"},{"floor":12.0,"key":"Tingsha"}],"event_choices":[{"cards_removed":["Strike_G"],"damage_healed":0.0,"max_hp_gain":0.0,"max_hp_loss":0.0,"gold_gain":0.0,"event_name":"Living Wall","player_choice":"Forget","floor":5.0,"gold_loss":0.0,"damage_taken":0.0},{"damage_healed":0.0,"max_hp_gain":0.0,"max_hp_loss":0.0,"gold_gain":0.0,"event_name":"FaceTrader","player_choice":"Trade","floor":10.0,"gold_loss":0.0,"damage_taken":0.0,"relics_obtained":["NlothsMask"]}],"is_beta":false,"boss_relics":[],"items_purged_floors":[],"is_endless":false,"potions_floor_spawned":[1,6,14],"killed_by":"Slime Boss","ascension_level":17}