{"gold_per_floor":[111,186,201,211,59,59,86,86,86,119,119,144,157,169,169,267,267,282,282,54,54,70,70,95,95,95,107,107],"floor_reached":28,"playtime":674,"items_purged":[],"score":246,"play_id":"5d6ada8b-cd2e-4f18-87db-7b0c872526a4","local_time":"20190330002907","is_ascension_mode":false,"campfire_choices":[{"data":"Twin Strike","floor":6,"key":"SMITH"},{"data":"Bash","floor":8,"key":"SMITH"},{"data":"Bludgeon","floor":15,"key":"SMITH"},{"data":"Inflame","floor":23,"key":"SMITH"},{"data":"Flame Barrier","floor":25,"key":"SMITH"}],"neow_cost":"NONE","seed_source_timestamp":0,"circlet_count":0,"master_deck":["Strike_R","Strike_R","Strike_R","Strike_R","Strike_R","Defend_R","Defend_R","Defend_R","Bash+1","Twin Strike+1","Shrug It Off","Second Wind","Inflame+1","Bludgeon+1","Offering","Intimidate","Battle Trance","Flame Barrier+1","Ghostly Armor+1"],"special_seed":0,"relics":["Burning Blood","Bag of Marbles","Darkstone Periapt","Strawberry","Dream Catcher","Odd Mushroom","Coffee Dripper","Unceasing Top","Happy Flower","Torii","Mercury Hourglass"],"potions_floor_usage":[12,16,16,24],"damage_taken":[{"damage":6,"enemies":"Cultist","floor":1,"turns":3},{"damage":8,"enemies":"Jaw Worm","floor":3,"turns":3},{"damage":0,"enemies":"2 Louse","floor":4,"turns":4},{"damage":28,"enemies":"Lagavulin","floor":7,"turns":5},{"damage":27,"enemies":"Gremlin Nob","floor":10,"turns":4},{"damage":18,"enemies":"The Mushroom Lair","floor":12,"turns":4},{"damage":0,"enemies":"Exordium Wildlife","floor":13,"turns":2},{"damage":6,"enemies":"3 Louse","floor":14,"turns":4},{"damage":36,"enemies":"Hexaghost","floor":16,"turns":7},{"damage":8,"enemies":"Shell Parasite","floor":18,"turns":3},{"damage":11,"enemies":"Spheric Guardian","floor":22,"turns":3},{"damage":50,"enemies":"Gremlin Leader","floor":24,"turns":6},{"damage":8,"enemies":"Shelled Parasite and Fungi","floor":27,"turns":4},{"damage":0,"enemies":"Cultist and Chosen","floor":28,"turns":1}],"seed_played":"-3010435471962578257","potions_obtained":[{"floor":1,"key":"Dexterity Potion"},{"floor":3,"key":"BloodPotion"},{"floor":10,"key":"BloodPotion"},{"floor":12,"key":"FearPotion"},{"floor":18,"key":"Poison Potion"},{"floor":22,"key":"Ancient Potion"},{"floor":27,"key":"Block Potion"}],"is_trial":false,"path_per_floor":["M","?","M","M","$","R","E","R","T","E","?","?","M","M","R","B",null,"M","?","$","?","M","R","E","R","T","M","M"],"character_chosen":"IRONCLAD","items_purchased":["Bag of Marbles","Happy Flower","Battle Trance"],"campfire_rested":0,"item_purchase_floors":[5,20,20],"current_hp_per_floor":[80,69,67,73,73,73,51,51,51,37,34,30,36,36,36,14,87,85,85,85,68,63,63,19,19,19,17,17],"gold":107,"neow_bonus":"REMOVE_CARD","is_prod":false,"is_daily":false,"chose_seed":false,"campfire_upgraded":5,"win_rate":0,"timestamp":1553873347,"path_taken":["M","?","M","M","$","R","E","R","T","E","?","?","M","M","R","BOSS","M","?","$","?","M","R","E","R","T","M","M"],"build_version":"2019-01-23","purchased_purges":0,"victory":false,"max_hp_per_floor":[80,80,80,80,80,80,80,80,80,87,87,87,87,87,87,87,87,87,87,87,92,92,92,92,92,92,92,92],"card_choices":[{"not_picked":["Dropkick","Feel No Pain"],"picked":"Twin Strike","floor":1},{"not_picked":["Clash","Perfected Strike"],"picked":"Shrug It Off","floor":3},{"not_picked":["Warcry","Perfected Strike"],"picked":"Second Wind","floor":4},{"not_picked":["Rupture","Ghostly Armor"],"picked":"Inflame","floor":7},{"not_picked":["Hemokinesis","Battle Trance"],"picked":"Bludgeon","floor":10},{"not_picked":["Feel No Pain","Bloodletting","Sword Boomerang"],"picked":"SKIP","floor":13},{"not_picked":["Thunderclap","Heavy Blade","Bloodletting"],"picked":"SKIP","floor":14},{"not_picked":["Exhume","Immolate"],"picked":"Offering","floor":16},{"not_picked":["Evolve","Blood for Blood"],"picked":"Intimidate","floor":18},{"not_picked":["True Grit","Twin Strike","Searing Blow"],"picked":"SKIP","floor":22},{"not_picked":["Intimidate","Clash+1"],"picked":"Flame Barrier","floor":24},{"not_picked":["Rupture+1","Heavy Blade"],"picked":"Ghostly Armor+1","floor":27}],"player_experience":371175,"relics_obtained":[{"floor":7,"key":"Darkstone Periapt"},{"floor":10,"key":"Strawberry"},{"floor":12,"key":"Odd Mushroom"},{"floor":24,"key":"Torii"},{"floor":26,"key":"Mercury Hourglass"}],"event_choices":[{"damage_healed":0,"gold_gain":75,"player_choice":"Gather Gold","damage_taken":11,"max_hp_gain":0,"max_hp_loss":0,"event_name":"World of Goop","floor":2,"gold_loss":0},{"damage_healed":0,"gold_gain":0,"player_choice":"Success","damage_taken":3,"relics_obtained":["Dream Catcher"],"max_hp_gain":0,"max_hp_loss":0,"event_name":"Scrap Ooze","floor":11,"gold_loss":0},{"damage_healed":0,"gold_gain":0,"player_choice":"Fought Mushrooms","damage_taken":0,"max_hp_gain":0,"max_hp_loss":0,"event_name":"Mushrooms","floor":12,"gold_loss":0},{"damage_healed":0,"gold_gain":0,"player_choice":"Opened","damage_taken":0,"relics_obtained":["Unceasing Top"],"max_hp_gain":0,"max_hp_loss":0,"event_name":"The Mausoleum","floor":19,"gold_loss":0},{"damage_healed":0,"gold_gain":0,"player_choice":"Shed Blood","damage_taken":22,"max_hp_gain":5,"max_hp_loss":0,"event_name":"Forgotten Altar","floor":21,"gold_loss":0}],"is_beta":false,"boss_relics":[{"not_picked":["Busted Crown","Snecko Eye"],"picked":"Coffee Dripper"}],"items_purged_floors":[],"is_endless":false,"potions_floor_spawned":[1,3,10,12,14,18,22,27],"killed_by":"Cultist and Chosen","ascension_level":0}