{"gold_per_floor":[116,116,129,145,7,7,24,24,24,36,36,62,62,73,73,178,178,194,284,27,41,41,41,52,52],"floor_reached":25,"playtime":1813,"items_purged":[],"score":203,"play_id":"fd3faa02-5185-450d-995a-6a117b39a827","local_time":"20190116211915","is_ascension_mode":false,"campfire_choices":[{"data":"Berserk","floor":6,"key":"SMITH"},{"data":"Ghostly Armor","floor":11,"key":"SMITH"},{"floor":13,"key":"REST"},{"data":"Spot Weakness","floor":15,"key":"SMITH"},{"floor":23,"key":"REST"}],"neow_cost":"NONE","seed_source_timestamp":546157159462618,"circlet_count":0,"master_deck":["Strike_R","Strike_R","Strike_R","Strike_R","Defend_R","Defend_R","Defend_R","Defend_R","Bash","Wild Strike","Anger","Berserk+1","Bash","Shrug It Off","Heavy Blade","Offering","Ghostly Armor+1","Shrug It Off","Inflame","Spot Weakness+1","Demon Form","Armaments","Apotheosis","Whirlwind","Whirlwind","Havoc"],"relics":["Burning Blood","Pantograph","Dodecahedron","Philosopher\u0027s Stone"],"potions_floor_usage":[12,16,18,25],"damage_taken":[{"damage":1,"enemies":"Cultist","floor":1,"turns":3},{"damage":0,"enemies":"Small Slimes","floor":3,"turns":2},{"damage":1,"enemies":"2 Louse","floor":4,"turns":3},{"damage":6,"enemies":"Looter","floor":7,"turns":2},{"damage":14,"enemies":"Blue Slaver","floor":10,"turns":3},{"damage":45,"enemies":"3 Sentries","floor":12,"turns":7},{"damage":6,"enemies":"3 Louse","floor":14,"turns":3},{"damage":35,"enemies":"The Guardian","floor":16,"turns":11},{"damage":6,"enemies":"2 Thieves","floor":18,"turns":3},{"damage":28,"enemies":"Chosen","floor":21,"turns":5},{"damage":23,"enemies":"Colosseum Slavers","floor":22,"turns":5},{"damage":25,"enemies":"Snake Plant","floor":24,"turns":3},{"damage":43,"enemies":"Book of Stabbing","floor":25,"turns":3}],"seed_played":"-8567507165474790206","potions_obtained":[{"floor":4,"key":"Ancient Potion"},{"floor":10,"key":"LiquidBronze"},{"floor":12,"key":"Explosive Potion"},{"floor":14,"key":"GamblersBrew"},{"floor":24,"key":"SkillPotion"}],"is_trial":false,"path_per_floor":["M","?","M","M","$","R","M","$","T","M","R","E","R","M","R","B",null,"M","?","$","M","?","R","M","E"],"character_chosen":"IRONCLAD","items_purchased":["Offering","Apotheosis","Whirlwind"],"campfire_rested":2,"item_purchase_floors":[5,20,20],"current_hp_per_floor":[80,80,80,80,80,80,80,80,80,72,72,33,57,57,57,51,80,80,64,64,42,25,49,30,0],"gold":52,"neow_bonus":"TRANSFORM_CARD","is_prod":false,"is_daily":false,"chose_seed":false,"campfire_upgraded":3,"win_rate":0.0,"timestamp":1547691555,"path_taken":["M","?","M","M","$","R","?","$","T","M","R","E","R","M","R","BOSS","M","?","$","?","?","R","M","E"],"build_version":"2019-01-10","purchased_purges":0,"victory":false,"max_hp_per_floor":[80,80,80,80,80,80,80,80,80,80,80,80,80,80,80,80,80,80,80,80,80,80,80,80,80],"card_choices":[{"not_picked":["Flex","Havoc"],"picked":"Anger","floor":1},{"not_picked":["Sword Boomerang","Burning Pact"],"picked":"Shrug It Off","floor":3},{"not_picked":["Cleave","Pummel"],"picked":"Heavy Blade","floor":4},{"not_picked":["Anger","Havoc"],"picked":"Ghostly Armor","floor":7},{"not_picked":["Perfected Strike","Blood for Blood"],"picked":"Shrug It Off","floor":10},{"not_picked":["Twin Strike","Anger"],"picked":"Inflame","floor":12},{"not_picked":["Whirlwind","Anger"],"picked":"Spot Weakness","floor":14},{"not_picked":["Offering","Fiend Fire"],"picked":"Demon Form","floor":16},{"not_picked":["Blood for Blood","Fire Breathing+1"],"picked":"Armaments","floor":18},{"not_picked":["Clash+1","Armaments"],"picked":"Whirlwind","floor":21},{"not_picked":["Thunderclap","Reckless Charge"],"picked":"Havoc","floor":24}],"player_experience":61417,"relics_obtained":[{"floor":9,"key":"Pantograph"},{"floor":12,"key":"Dodecahedron"}],"event_choices":[{"damage_healed":0,"gold_gain":0,"player_choice":"2 cards matched","damage_taken":0,"max_hp_gain":0,"max_hp_loss":0,"event_name":"Match and Keep!","floor":2,"gold_loss":0,"cards_obtained":["Berserk","Bash"]},{"damage_healed":0,"gold_gain":90,"player_choice":"GOLD ","damage_taken":16,"max_hp_gain":0,"max_hp_loss":0,"event_name":"Knowing Skull","floor":19,"potions_obtained":[],"gold_loss":0,"cards_obtained":[]},{"damage_healed":0,"gold_gain":0,"player_choice":"Fight","damage_taken":0,"max_hp_gain":0,"max_hp_loss":0,"event_name":"Colosseum","floor":22,"gold_loss":0},{"damage_healed":0,"gold_gain":0,"player_choice":"Fled From Nobs","damage_taken":0,"max_hp_gain":0,"max_hp_loss":0,"event_name":"Colosseum","floor":22,"gold_loss":0}],"is_beta":false,"boss_relics":[{"not_picked":["Ectoplasm","Runic Pyramid"],"picked":"Philosopher\u0027s Stone"}],"items_purged_floors":[],"is_endless":false,"potions_floor_spawned":[4,10,12,14,22,24],"killed_by":"Book of Stabbing","ascension_level":0}