{"gold_per_floor":[114,16,16,34,48,81,94,126,152,152,166,176,186,201,201,303,303,318,335,335,354,301,327,327],"floor_reached":24,"playtime":1032,"items_purged":["Writhe"],"score":336,"play_id":"9692141b-4c7b-450d-b51b-57d9e42f6294","local_time":"20190603162802","is_ascension_mode":true,"campfire_choices":[{"floor":10.0,"key":"REST"},{"floor":15.0,"key":"REST"}],"neow_cost":"CURSE","seed_source_timestamp":121537424275500,"circlet_count":0,"master_deck":["Strike_B","Strike_B","Strike_B","Strike_B","Defend_B","Defend_B","Defend_B","Defend_B","Zap","Dualcast","Cold Snap+1","Redo","Conserve Battery","Chill","Rebound+1","Go for the Eyes+1","Core Surge+1","Rip and Tear+1","Echo Form","Beam Cell+1","Sweeping Beam+1","Turbo+1","Conserve Battery","Blizzard+1"],"special_seed":0,"relics":["Cracked Core","Nunchaku","Molten Egg 2","Orichalcum","Omamori","Sozu","DataDisk"],"potions_floor_usage":[],"damage_taken":[{"damage":11.0,"enemies":"Cultist","floor":1.0,"turns":4.0},{"damage":7.0,"enemies":"Jaw Worm","floor":4.0,"turns":3.0},{"damage":0.0,"enemies":"Small Slimes","floor":5.0,"turns":2.0},{"damage":26.0,"enemies":"3 Sentries","floor":6.0,"turns":9.0},{"damage":4.0,"enemies":"Red Slaver","floor":7.0,"turns":4.0},{"damage":10.0,"enemies":"Lagavulin","floor":8.0,"turns":7.0},{"damage":4.0,"enemies":"3 Louse","floor":11.0,"turns":4.0},{"damage":0.0,"enemies":"2 Fungi Beasts","floor":12.0,"turns":3.0},{"damage":0.0,"enemies":"Exordium Wildlife","floor":13.0,"turns":3.0},{"damage":6.0,"enemies":"Blue Slaver","floor":14.0,"turns":3.0},{"damage":17.0,"enemies":"The Guardian","floor":16.0,"turns":13.0},{"damage":6.0,"enemies":"3 Byrds","floor":18.0,"turns":6.0},{"damage":16.0,"enemies":"Shell Parasite","floor":19.0,"turns":4.0},{"damage":0.0,"enemies":"Snecko","floor":21.0,"turns":3.0},{"damage":55,"enemies":"Slavers","floor":23,"turns":7}],"seed_played":"1245194992641746318","potions_obtained":[{"floor":5.0,"key":"Weak Potion"},{"floor":7.0,"key":"Poison Potion"},{"floor":11.0,"key":"SpeedPotion"},{"floor":12.0,"key":"Swift Potion"},{"floor":16.0,"key":"GamblersBrew"}],"is_trial":false,"path_per_floor":["M","$","?","M","M","E","M","E","T","R","M","M","M","M","R","B",null,"M","M","?","M","$","E","?"],"character_chosen":"DEFECT","items_purchased":["Redo","Conserve Battery"],"campfire_rested":2,"item_purchase_floors":[2,22],"current_hp_per_floor":[57,57,57,50,50,24,20,10,10,32,28,28,28,22,44,27,63,57,41,66,66,66,11,0],"gold":327,"neow_bonus":"ONE_RARE_RELIC","is_prod":false,"is_daily":false,"chose_seed":false,"campfire_upgraded":0,"win_rate":0,"timestamp":1559604482,"path_taken":["M","$","?","?","?","E","M","E","T","R","M","M","M","M","R","BOSS","M","M","?","M","$","E","?"],"build_version":"2019-01-23","purchased_purges":1,"victory":false,"max_hp_per_floor":[75,75,75,75,75,75,75,75,75,75,75,75,75,75,75,75,75,75,75,75,75,75,75,75],"card_choices":[{"not_picked":["Rip and Tear","Coolheaded"],"picked":"Cold Snap","floor":1.0},{"not_picked":["Recycle","Rip and Tear","Static Discharge"],"picked":"SKIP","floor":4.0},{"not_picked":["Turbo","Capacitor"],"picked":"Conserve Battery","floor":5.0},{"not_picked":["Barrage","Blizzard"],"picked":"Chill","floor":6.0},{"not_picked":["Steam","Redo"],"picked":"Rebound+1","floor":7.0},{"not_picked":["Hello World","Stack","Force Field"],"picked":"SKIP","floor":8.0},{"not_picked":["Recycle","Heatsinks"],"picked":"Go for the Eyes+1","floor":11.0},{"not_picked":["Stack","Compile Driver+1"],"picked":"Core Surge+1","floor":12.0},{"not_picked":["BootSequence","Compile Driver+1","Redo"],"picked":"SKIP","floor":13.0},{"not_picked":["Storm","Amplify"],"picked":"Rip and Tear+1","floor":14.0},{"not_picked":["Reboot","Biased Cognition"],"picked":"Echo Form","floor":16.0},{"not_picked":["Loop","Stack"],"picked":"Beam Cell+1","floor":18.0},{"not_picked":["Steam Power","Rebound+1"],"picked":"Sweeping Beam+1","floor":19.0},{"not_picked":["Beam Cell+1","Steam+1"],"picked":"Turbo+1","floor":21.0},{"not_picked":["Seek","Static Discharge"],"picked":"Blizzard+1","floor":23}],"player_experience":247555,"relics_obtained":[{"floor":6.0,"key":"Molten Egg 2"},{"floor":8.0,"key":"Orichalcum"},{"floor":9.0,"key":"Omamori"},{"floor":23,"key":"DataDisk"}],"event_choices":[{"damage_healed":0.0,"max_hp_gain":0.0,"max_hp_loss":0.0,"gold_gain":0.0,"event_name":"Upgrade Shrine","player_choice":"Upgraded","floor":3.0,"gold_loss":0.0,"damage_taken":0.0,"cards_upgraded":["Cold Snap"]},{"damage_healed":25.0,"max_hp_gain":0.0,"max_hp_loss":0.0,"gold_gain":0.0,"event_name":"The Library","player_choice":"Heal","floor":20.0,"gold_loss":0.0,"damage_taken":0.0}],"is_beta":false,"boss_relics":[{"not_picked":["White Beast Statue","Fusion Hammer"],"picked":"Sozu"}],"items_purged_floors":[2],"is_endless":false,"potions_floor_spawned":[5,7,11,12,16,19],"ascension_level":9}