{"gold_per_floor":[111,129,129,7,7,45,65,65,65,79,104,104,123,123,123,243,243,264,308,327,348,348,348,10,28,28,28,28,53,53,66,66,196,196,216,216,361,382,382,382,435,435,435,435,469,469,484,498,498,523],"floor_reached":51,"playtime":5682,"items_purged":["Injury"],"score":679,"play_id":"9f3a6d44-7c15-403e-add3-33c965820a65","local_time":"20190105051529","is_ascension_mode":false,"campfire_choices":[{"floor":8,"key":"REST"},{"data":"Electrodynamics","floor":12,"key":"SMITH"},{"floor":15,"key":"REST"},{"data":"Storm","floor":23,"key":"SMITH"},{"data":"Amplify","floor":27,"key":"SMITH"},{"data":"Lockon","floor":30,"key":"SMITH"},{"floor":32,"key":"REST"},{"data":"1","floor":40,"key":"LIFT"},{"data":"2","floor":42,"key":"LIFT"},{"data":"3","floor":44,"key":"LIFT"},{"data":"HandOfGreed","floor":46,"key":"SMITH"},{"data":"Storm","floor":49,"key":"SMITH"}],"neow_cost":"NONE","seed_source_timestamp":1369506550850396,"circlet_count":0,"master_deck":["Strike_B","Strike_B","Strike_B","Defend_B","Defend_B","Defend_B","Defend_B","Zap","Dualcast","Amplify+1","Go for the Eyes","Cold Snap","Stack","Skim","Barrage","Glacier+1","Compile Driver","Hologram+1","Electrodynamics+1","White Noise+1","Amplify+1","Glacier+1","Go for the Eyes","Chill+1","Storm+1","Redo+1","Lockon+1","Ball Lightning","Melter","Heatsinks+1","Machine Learning","Storm+1","Mayhem","HandOfGreed+1","HandOfGreed","Barrage+1","Blizzard+1","Hello World+1","Coolheaded+1","Stack+1","Sweeping Beam+1"],"relics":["Cracked Core","Golden Idol","Toxic Egg 2","Pear","Mummified Hand","Snecko Eye","Red Mask","Bottled Tornado","Bronze Scales","MutagenicStrength","Lizard Tail","Girya","Anchor","Question Card"],"potions_floor_usage":[21,33,33,33,50,50,50],"damage_taken":[{"damage":5,"enemies":"2 Louse","floor":1,"turns":3},{"damage":6,"enemies":"Cultist","floor":2,"turns":3},{"damage":26,"enemies":"3 Sentries","floor":6,"turns":9},{"damage":0,"enemies":"Jaw Worm","floor":7,"turns":3},{"damage":0,"enemies":"Large Slime","floor":10,"turns":5},{"damage":0,"enemies":"Exordium Wildlife","floor":11,"turns":8},{"damage":7,"enemies":"Blue Slaver","floor":13,"turns":2},{"damage":13,"enemies":"Slime Boss","floor":16,"turns":6},{"damage":4,"enemies":"2 Thieves","floor":18,"turns":4},{"damage":0,"enemies":"Masked Bandits","floor":19,"turns":2},{"damage":0,"enemies":"3 Byrds","floor":20,"turns":2},{"damage":15,"enemies":"Snake Plant","floor":21,"turns":6},{"damage":6,"enemies":"Snecko","floor":25,"turns":3},{"damage":4,"enemies":"Shelled Parasite and Fungi","floor":29,"turns":5},{"damage":10,"enemies":"Snake Plant","floor":31,"turns":3},{"damage":27,"enemies":"Collector","floor":33,"turns":6},{"damage":18,"enemies":"3 Darklings","floor":35,"turns":5},{"damage":30,"enemies":"Mind Bloom Boss Battle","floor":37,"turns":5},{"damage":4,"enemies":"Orb Walker","floor":38,"turns":2},{"damage":0,"enemies":"Reptomancer","floor":41,"turns":3},{"damage":0,"enemies":"3 Darklings","floor":45,"turns":4},{"damage":0,"enemies":"Jaw Worm Horde","floor":47,"turns":1},{"damage":0,"enemies":"Sphere and 2 Shapes","floor":48,"turns":1},{"damage":49,"enemies":"Awakened One","floor":50,"turns":10}],"seed_played":"-4652088306164016907","potions_obtained":[{"floor":6,"key":"Swift Potion"},{"floor":10,"key":"SkillPotion"},{"floor":13,"key":"PowerPotion"},{"floor":20,"key":"PowerPotion"},{"floor":21,"key":"Energy Potion"},{"floor":29,"key":"PowerPotion"},{"floor":38,"key":"SkillPotion"},{"floor":41,"key":"Block Potion"},{"floor":47,"key":"Block Potion"}],"is_trial":false,"path_per_floor":["M","M","?","$","?","E","M","R","T","M","M","R","M","T","R","B",null,"M","?","M","M","?","R","$","M","T","R","?","M","R","M","R","B",null,"M","?","?","M","?","R","E","R","T","R","M","R","M","M","R","B",null],"character_chosen":"DEFECT","items_purchased":["Stack","Bottled Tornado","Redo+1","Lockon"],"campfire_rested":3,"item_purchase_floors":[4,24,24,24],"current_hp_per_floor":[70,64,64,64,64,38,38,60,70,70,70,70,63,63,85,72,85,81,81,81,66,66,66,66,60,60,60,60,56,56,46,71,44,85,67,57,27,23,74,74,74,74,74,74,74,74,74,74,74,25],"gold":523,"neow_bonus":"TRANSFORM_CARD","is_prod":false,"is_daily":false,"chose_seed":false,"campfire_upgraded":6,"win_rate":0.0,"timestamp":1546683329,"path_taken":["M","M","?","$","?","E","M","R","T","?","M","R","M","?","R","BOSS","M","?","M","M","?","R","$","M","T","R","?","M","R","?","R","BOSS","M","?","?","M","?","R","E","R","T","R","M","R","M","?","R","BOSS"],"build_version":"2019-01-03v4","purchased_purges":1,"victory":true,"max_hp_per_floor":[75,75,75,75,75,75,75,75,85,85,85,85,85,85,85,85,85,85,85,85,85,85,85,85,85,85,85,85,85,85,85,85,85,85,85,85,85,85,74,74,74,74,74,74,74,74,74,74,74,74],"card_choices":[{"not_picked":["Hologram","Ball Lightning"],"picked":"Go for the Eyes","floor":1},{"not_picked":["Go for the Eyes","Gash"],"picked":"Cold Snap","floor":2},{"not_picked":["Amplify","Sweeping Beam"],"picked":"Glacier","floor":6},{"not_picked":["Steam Power+1","Storm"],"picked":"Compile Driver","floor":7},{"not_picked":["Compile Driver","Barrage"],"picked":"Hologram+1","floor":10},{"not_picked":["Gash","Leap+1"],"picked":"Electrodynamics","floor":11},{"not_picked":["Aggregate+1","Go for the Eyes"],"picked":"White Noise+1","floor":13},{"not_picked":["Multi-Cast+1","All For One"],"picked":"Amplify+1","floor":16},{"not_picked":["Hello World+1","Barrage"],"picked":"Glacier+1","floor":18},{"not_picked":["Cold Snap+1","Auto Shields+1"],"picked":"Go for the Eyes","floor":19},{"not_picked":["BootSequence+1","Barrage"],"picked":"Chill+1","floor":20},{"not_picked":["Steam Power+1","Melter"],"picked":"Storm","floor":21},{"not_picked":["Steam+1","Darkness+1"],"picked":"Ball Lightning","floor":25},{"not_picked":["Blizzard","Stack+1"],"picked":"Melter","floor":29},{"not_picked":["Lockon","Reinforced Body+1"],"picked":"Heatsinks+1","floor":31},{"not_picked":["Buffer","Seek+1"],"picked":"Machine Learning","floor":33},{"not_picked":["Leap+1","Compile Driver+1"],"picked":"Storm","floor":35},{"not_picked":["Discovery+1","Jack Of All Trades+1"],"picked":"Mayhem","floor":36},{"not_picked":["Swift Strike","Blind+1"],"picked":"HandOfGreed","floor":36},{"not_picked":["Forethought+1","Enlightenment+1"],"picked":"HandOfGreed","floor":36},{"not_picked":["Melter+1","Go for the Eyes"],"picked":"Barrage+1","floor":37},{"not_picked":["Stack+1","Cold Snap+1"],"picked":"Blizzard+1","floor":38},{"not_picked":["Multi-Cast+1","Barrage"],"picked":"Hello World+1","floor":41},{"not_picked":["Gash+1","Hologram+1","Barrage+1"],"picked":"Coolheaded+1","floor":45},{"not_picked":["Consume+1","Coolheaded+1","Streamline+1"],"picked":"Stack+1","floor":47},{"not_picked":["Ball Lightning","Steam+1","Seek+1"],"picked":"Sweeping Beam+1","floor":48}],"player_experience":8224,"relics_obtained":[{"floor":6,"key":"Toxic Egg 2"},{"floor":9,"key":"Pear"},{"floor":14,"key":"Mummified Hand"},{"floor":19,"key":"Red Mask"},{"floor":26,"key":"Bronze Scales"},{"floor":37,"key":"Girya"},{"floor":41,"key":"Anchor"},{"floor":43,"key":"Question Card"}],"event_choices":[{"damage_healed":0,"gold_gain":0,"player_choice":"Take Wound","damage_taken":0,"relics_obtained":["Golden Idol"],"max_hp_gain":0,"max_hp_loss":0,"event_name":"Golden Idol","floor":3,"gold_loss":0,"cards_obtained":["Injury"]},{"damage_healed":0,"gold_gain":0,"player_choice":"2 cards matched","damage_taken":0,"max_hp_gain":0,"max_hp_loss":0,"event_name":"Match and Keep!","floor":5,"gold_loss":0,"cards_obtained":["Skim","Barrage"]},{"damage_healed":0,"gold_gain":0,"player_choice":"Fought Bandits","damage_taken":0,"max_hp_gain":0,"max_hp_loss":0,"event_name":"Masked Bandits","floor":19,"gold_loss":0},{"damage_healed":0,"gold_gain":0,"player_choice":"Ignored","damage_taken":0,"max_hp_gain":0,"max_hp_loss":0,"event_name":"Ghosts","floor":22,"gold_loss":0},{"damage_healed":0,"gold_gain":0,"player_choice":"Inject Mutagens","damage_taken":0,"relics_obtained":["MutagenicStrength"],"max_hp_gain":0,"max_hp_loss":0,"event_name":"Drug Dealer","floor":28,"gold_loss":0},{"damage_healed":0,"gold_gain":0,"player_choice":"Memory 3","damage_taken":10,"max_hp_gain":0,"max_hp_loss":0,"event_name":"SensoryStone","floor":36,"gold_loss":0},{"damage_healed":0,"gold_gain":0,"player_choice":"Fight","damage_taken":0,"max_hp_gain":0,"max_hp_loss":0,"event_name":"MindBloom","floor":37,"gold_loss":0},{"damage_healed":74,"gold_gain":0,"player_choice":"Heal","damage_taken":0,"max_hp_gain":0,"max_hp_loss":11,"event_name":"The Moai Head","floor":39,"gold_loss":0}],"is_beta":false,"boss_relics":[{"not_picked":["Coffee Dripper","White Beast Statue"],"picked":"Snecko Eye"},{"not_picked":["Astrolabe","Philosopher\u0027s Stone"],"picked":"Lizard Tail"}],"items_purged_floors":[4],"is_endless":false,"potions_floor_spawned":[6,10,13,16,20,21,29,31,38,41,47,48],"ascension_level":0}