{"gold_per_floor":[113,113,126,226,240,240,272,272,272,272,307,318,318,47,47,142,142,152,152,152,67,83,113,129,129,153,153,179,198,233,264,276,387,399,421,458,481,57,57,92,92,127,427,477,490,490,490,590,590,590],"floor_reached":51,"playtime":3894,"items_purged":["Strike_G"],"score":1188,"play_id":"e3ae2b3f-a2d1-4834-bdc7-d907e6456325","local_time":"20190322033820","is_ascension_mode":true,"campfire_choices":[{"data":"Deadly Poison","floor":6.0,"key":"SMITH"},{"floor":8.0,"key":"REST"},{"data":"All Out Attack","floor":10.0,"key":"SMITH"},{"floor":15.0,"key":"REST"},{"floor":25.0,"key":"REST"},{"floor":32.0,"key":"REST"},{"data":"Neutralize","floor":41.0,"key":"SMITH"},{"floor":49,"key":"REST"}],"neow_cost":"NONE","seed_source_timestamp":0,"circlet_count":0,"master_deck":["Survivor","Neutralize+1","Blind","Backstab","Deadly Poison+1","All Out Attack+1","Reflex+1","Dagger Throw","Corpse Explosion+1","Masterful Stab","Deadly Poison+1","Prepared+1","Heel Hook","Deadly Poison+1","Deadly Poison+1","Venomology+1","Deflect+1","Reflex+1","PiercingWail+1","Necronomicurse","Outmaneuver+1","PiercingWail+1","Well Laid Plans","Underhanded Strike+1","Underhanded Strike+1","Bouncing Flask+1","Burst+1","Doubt","Leg Sweep+1","Catalyst+1","Normality","Backflip+1","Blade Dance+1","Heel Hook+1"],"special_seed":0,"relics":["Ring of the Snake","Kunai","Art of War","Potion Belt","Toxic Egg 2","Dream Catcher","Cauldron","Pandora\u0027s Box","Necronomicon","MutagenicStrength","PreservedInsect","Molten Egg 2","Orichalcum","FaceOfCleric","Paper Crane","MawBank","Cursed Key","Vajra","Unceasing Top","Ancient Tea Set","Oddly Smooth Stone","Juzu Bracelet","Old Coin","Dead Branch","Torii"],"potions_floor_usage":[48,48,50,50,50,50,50,50],"damage_taken":[{"damage":0.0,"enemies":"Cultist","floor":1.0,"turns":4.0},{"damage":0.0,"enemies":"Small Slimes","floor":3.0,"turns":5.0},{"damage":0.0,"enemies":"2 Louse","floor":5.0,"turns":3.0},{"damage":26.0,"enemies":"Gremlin Nob","floor":7.0,"turns":5.0},{"damage":19.0,"enemies":"Lagavulin","floor":11.0,"turns":4.0},{"damage":0.0,"enemies":"Looter","floor":12.0,"turns":3.0},{"damage":20.0,"enemies":"Slime Boss","floor":16.0,"turns":7.0},{"damage":0.0,"enemies":"3 Byrds","floor":18.0,"turns":2.0},{"damage":0.0,"enemies":"Spheric Guardian","floor":22.0,"turns":2.0},{"damage":19.0,"enemies":"Slavers","floor":23.0,"turns":3.0},{"damage":15.0,"enemies":"Shelled Parasite and Fungi","floor":24.0,"turns":4.0},{"damage":1.0,"enemies":"Book of Stabbing","floor":28.0,"turns":3.0},{"damage":3.0,"enemies":"Snecko","floor":29.0,"turns":4.0},{"damage":22.0,"enemies":"Slavers","floor":30.0,"turns":2.0},{"damage":0.0,"enemies":"Snake Plant","floor":31.0,"turns":2.0},{"damage":10.0,"enemies":"Champ","floor":33.0,"turns":8.0},{"damage":6.0,"enemies":"3 Shapes","floor":35.0,"turns":3.0},{"damage":0.0,"enemies":"3 Darklings","floor":37.0,"turns":2.0},{"damage":0.0,"enemies":"Reptomancer","floor":40.0,"turns":3.0},{"damage":2.0,"enemies":"Giant Head","floor":42.0,"turns":5.0},{"damage":28.0,"enemies":"2 Orb Walkers","floor":44.0,"turns":4.0},{"damage":5.0,"enemies":"Sphere and 2 Shapes","floor":45.0,"turns":3.0},{"damage":0,"enemies":"Mind Bloom Boss Battle","floor":48,"turns":4},{"damage":61,"enemies":"Awakened One","floor":50,"turns":8}],"seed_played":"1019229650079664750","potions_obtained":[{"floor":7.0,"key":"AttackPotion"},{"floor":11.0,"key":"Regen Potion"},{"floor":12.0,"key":"Fire Potion"},{"floor":14.0,"key":"Swift Potion"},{"floor":14.0,"key":"GamblersBrew"},{"floor":14.0,"key":"Fruit Juice"},{"floor":14.0,"key":"SneckoOil"},{"floor":14.0,"key":"GhostInAJar"},{"floor":16.0,"key":"LiquidBronze"},{"floor":22.0,"key":"Poison Potion"},{"floor":24.0,"key":"SmokeBomb"},{"floor":29.0,"key":"FearPotion"},{"floor":30.0,"key":"Regen Potion"},{"floor":33.0,"key":"Fruit Juice"},{"floor":35.0,"key":"Ancient Potion"},{"floor":39.0,"key":"Dexterity Potion"},{"floor":39.0,"key":"Block Potion"},{"floor":45.0,"key":"GamblersBrew"}],"is_trial":false,"path_per_floor":["M","?","M","?","M","R","E","R","T","R","E","M","?","$","R","B",null,"M","?","?","?","M","E","M","R","T","?","E","M","E","M","R","B",null,"M","T","M","$","?","E","R","E","T","?","M","?","T","?","R","B",null],"character_chosen":"THE_SILENT","items_purchased":["Cauldron","Unceasing Top","Ancient Tea Set"],"campfire_rested":5,"item_purchase_floors":[14,38,38],"current_hp_per_floor":[63,45,45,45,45,45,19,40,40,40,21,33,33,38,60,40,66,66,50,50,50,50,31,16,38,38,38,38,36,15,21,44,55,78,73,73,74,74,74,75,75,74,74,47,43,43,43,44,70,10],"gold":590,"neow_bonus":"RANDOM_COLORLESS","is_prod":false,"is_daily":false,"chose_seed":false,"campfire_upgraded":3,"win_rate":0,"timestamp":1553240300,"path_taken":["M","?","M","?","M","R","E","R","T","R","E","?","?","$","R","BOSS","M","?","?","?","?","E","M","R","T","?","E","M","E","M","R","BOSS","M","?","M","$","?","E","R","E","T","?","M","?","?","?","R","BOSS"],"build_version":"2019-01-23","purchased_purges":1,"victory":true,"max_hp_per_floor":[70,70,70,70,70,70,70,70,70,70,70,70,70,75,75,75,75,75,75,75,75,75,75,75,75,75,75,76,77,78,79,79,85,85,86,86,87,87,87,88,88,89,89,90,91,86,86,87,87,88],"card_choices":[{"not_picked":["Bane","Deflect","Outmaneuver"],"picked":"SKIP","floor":1.0},{"not_picked":["Bane","Leg Sweep"],"picked":"Backstab","floor":3.0},{"not_picked":["Leg Sweep","Prepared"],"picked":"Deadly Poison","floor":5.0},{"not_picked":["Eviscerate","Bane"],"picked":"All Out Attack","floor":7.0},{"not_picked":["Eviscerate","Unload","Flying Knee"],"picked":"SKIP","floor":11.0},{"not_picked":["Masterful Stab","Slice"],"picked":"Reflex+1","floor":12.0},{"not_picked":["Slice","Blade Dance+1"],"picked":"Dagger Throw","floor":15.0},{"not_picked":["Die Die Die","Glass Knife"],"picked":"Corpse Explosion+1","floor":16.0},{"not_picked":["Reflex+1","Eviscerate"],"picked":"PiercingWail+1","floor":18.0},{"not_picked":["Skewer+1","Slice+1"],"picked":"Outmaneuver+1","floor":22.0},{"not_picked":["Phantasmal Killer+1","All Out Attack+1","Finisher"],"picked":"SKIP","floor":23.0},{"not_picked":["Dagger Throw+1","Expertise+1"],"picked":"PiercingWail+1","floor":24.0},{"not_picked":["Poisoned Stab+1","Setup+1"],"picked":"Well Laid Plans","floor":25.0},{"not_picked":["Caltrops","Phantasmal Killer+1","Quick Slash+1"],"picked":"SKIP","floor":28.0},{"not_picked":["Dagger Spray+1","Caltrops"],"picked":"Underhanded Strike+1","floor":29.0},{"not_picked":["Poisoned Stab+1","Slice+1"],"picked":"Underhanded Strike+1","floor":30.0},{"not_picked":["Deadly Poison+1","Riddle With Holes+1","Eviscerate+1"],"picked":"SKIP","floor":31.0},{"not_picked":["Cloak And Dagger+1","Deadly Poison+1"],"picked":"Bouncing Flask+1","floor":32.0},{"not_picked":["Tools of the Trade","Envenom"],"picked":"Burst+1","floor":33.0},{"not_picked":["Underhanded Strike+1","Deadly Poison+1","Flying Knee+1"],"picked":"SKIP","floor":35.0},{"not_picked":["Prepared+1","Sucker Punch+1"],"picked":"Leg Sweep+1","floor":37.0},{"not_picked":["Underhanded Strike+1","Calculated Gamble+1"],"picked":"Catalyst+1","floor":40.0},{"not_picked":["Poisoned Stab+1","Skewer+1","Bane+1"],"picked":"SKIP","floor":42.0},{"not_picked":["Blur+1","PiercingWail+1"],"picked":"Backflip+1","floor":44.0},{"not_picked":["Dagger Spray+1","Bane+1","Quick Slash+1"],"picked":"SKIP","floor":45.0},{"not_picked":["Malaise+1","Sucker Punch+1"],"picked":"Blade Dance+1","floor":48},{"not_picked":["Blade Dance+1","Dash+1"],"picked":"Heel Hook+1","floor":49}],"player_experience":240664,"relics_obtained":[{"floor":7.0,"key":"Art of War"},{"floor":9.0,"key":"Potion Belt"},{"floor":11.0,"key":"Toxic Egg 2"},{"floor":19.0,"key":"Necronomicon"},{"floor":23.0,"key":"Molten Egg 2"},{"floor":26.0,"key":"Orichalcum"},{"floor":28.0,"key":"Paper Crane"},{"floor":30.0,"key":"MawBank"},{"floor":36.0,"key":"Vajra"},{"floor":40.0,"key":"Oddly Smooth Stone"},{"floor":42.0,"key":"Juzu Bracelet"},{"floor":43.0,"key":"Old Coin"},{"floor":44.0,"key":"Dead Branch"},{"floor":48,"key":"Torii"}],"event_choices":[{"damage_healed":0.0,"max_hp_gain":0.0,"max_hp_loss":0.0,"gold_gain":0.0,"event_name":"Scrap Ooze","player_choice":"Success","floor":2.0,"gold_loss":0.0,"damage_taken":18.0,"relics_obtained":["Kunai"]},{"damage_healed":0.0,"max_hp_gain":0.0,"max_hp_loss":0.0,"gold_gain":100.0,"event_name":"Golden Shrine","player_choice":"Pray","floor":4.0,"gold_loss":0.0,"damage_taken":0.0},{"damage_healed":0.0,"max_hp_gain":0.0,"max_hp_loss":0.0,"gold_gain":0.0,"event_name":"Dead Adventurer","player_choice":"Searched \u00272\u0027 times","floor":13.0,"gold_loss":0.0,"damage_taken":0.0,"relics_obtained":["Dream Catcher"]},{"damage_healed":0.0,"max_hp_gain":0.0,"max_hp_loss":0.0,"gold_gain":0.0,"event_name":"Cursed Tome","player_choice":"Obtained Book","floor":19.0,"gold_loss":0.0,"damage_taken":16.0},{"damage_healed":0.0,"max_hp_gain":0.0,"max_hp_loss":0.0,"gold_gain":0.0,"event_name":"Drug Dealer","player_choice":"Inject Mutagens","floor":20.0,"gold_loss":0.0,"damage_taken":0.0,"relics_obtained":["MutagenicStrength"]},{"damage_healed":0.0,"max_hp_gain":0.0,"max_hp_loss":0.0,"gold_gain":0.0,"event_name":"Addict","player_choice":"Obtained Relic","floor":21.0,"gold_loss":85.0,"damage_taken":0.0,"relics_obtained":["PreservedInsect"]},{"damage_healed":0.0,"max_hp_gain":0.0,"max_hp_loss":0.0,"gold_gain":0.0,"event_name":"FaceTrader","player_choice":"Trade","floor":27.0,"gold_loss":0.0,"damage_taken":0.0,"relics_obtained":["FaceOfCleric"]},{"damage_healed":0.0,"max_hp_gain":0.0,"max_hp_loss":0.0,"gold_gain":0.0,"event_name":"Lab","player_choice":"Got Potions","floor":39.0,"gold_loss":0.0,"damage_taken":0.0},{"damage_healed":0.0,"max_hp_gain":0.0,"max_hp_loss":0.0,"gold_gain":0.0,"event_name":"Mysterious Sphere","player_choice":"Fight","floor":44.0,"gold_loss":0.0,"damage_taken":0.0},{"damage_healed":0.0,"max_hp_gain":0.0,"max_hp_loss":5.0,"gold_gain":0.0,"event_name":"Winding Halls","player_choice":"Max HP","floor":46.0,"gold_loss":0.0,"damage_taken":0.0},{"damage_healed":0,"gold_gain":0,"player_choice":"Fight","damage_taken":0,"max_hp_gain":0,"max_hp_loss":0,"event_name":"MindBloom","floor":48,"gold_loss":0}],"is_beta":false,"boss_relics":[{"not_picked":["Lizard Tail","Astrolabe"],"picked":"Pandora\u0027s Box"},{"not_picked":["Ring of the Serpent","Runic Dome"],"picked":"Cursed Key"}],"items_purged_floors":[14],"is_endless":false,"potions_floor_spawned":[7,11,12,16,22,24,29,30,33,35,45],"ascension_level":7}