{"gold_per_floor":[119,132,57,57,157,157,177,187,187,198,198,2,30,30,30,127,127,146,146,166,91,91,91,123,123,150,150,150,162,162,24,24,128,128,141,161,101,33,33],"floor_reached":39,"playtime":2111,"items_purged":["Strike_B","Strike_B","Defend_B","Defend_B"],"score":519,"play_id":"24042030-47d7-404d-9a60-038ddcbca567","local_time":"20190506101703","is_ascension_mode":true,"campfire_choices":[{"data":"Zap","floor":6,"key":"SMITH"},{"floor":15,"key":"REST"},{"floor":23,"key":"REST"},{"floor":25,"key":"REST"},{"floor":27,"key":"REST"},{"data":"Dualcast","floor":30,"key":"SMITH"},{"data":"Doom and Gloom","floor":32,"key":"SMITH"}],"neow_cost":"NONE","seed_source_timestamp":254474367541746,"circlet_count":0,"master_deck":["Defend_B","Defend_B","Zap+1","Dualcast+1","Gash","Sweeping Beam","Go for the Eyes","Steam","Gash","Steam","Go for the Eyes","Echo Form+1","Cold Snap+1","Necronomicurse","Doom and Gloom+1","Double Energy+1","Melter","Forethought+1","Seek+1","Gash+1","Gash","Chill+1","Chill+1","Steam+1","Beam Cell+1","FTL","Hologram+1"],"relics":["Cracked Core","NeowsBlessing","Pantograph","Frozen Egg 2","Nuclear Battery","Necronomicon","Toxic Egg 2","Smiling Mask","Orrery","The Courier"],"potions_floor_usage":[16,16,16,20,29,33],"damage_taken":[{"damage":0,"enemies":"Small Slimes","floor":1,"turns":1},{"damage":0,"enemies":"2 Louse","floor":2,"turns":1},{"damage":0,"enemies":"Cultist","floor":7,"turns":1},{"damage":0,"enemies":"2 Fungi Beasts","floor":8,"turns":2},{"damage":13,"enemies":"Large Slime","floor":10,"turns":3},{"damage":42,"enemies":"Gremlin Nob","floor":13,"turns":5},{"damage":57,"enemies":"Slime Boss","floor":16,"turns":11},{"damage":9,"enemies":"Chosen","floor":18,"turns":6},{"damage":24,"enemies":"Spheric Guardian","floor":20,"turns":6},{"damage":24,"enemies":"Book of Stabbing","floor":24,"turns":5},{"damage":5,"enemies":"Snake Plant","floor":29,"turns":3},{"damage":59,"enemies":"Champ","floor":33,"turns":9},{"damage":6,"enemies":"3 Shapes","floor":35,"turns":2},{"damage":7,"enemies":"Orb Walker","floor":36,"turns":4},{"damage":54,"enemies":"Spire Growth","floor":39,"turns":5}],"seed_played":"-5397611650662953660","potions_obtained":[{"floor":7,"key":"Swift Potion"},{"floor":10,"key":"SpeedPotion"},{"floor":13,"key":"GamblersBrew"},{"floor":16,"key":"Explosive Potion"},{"floor":24,"key":"Fire Potion"},{"floor":29,"key":"LiquidBronze"}],"is_trial":false,"path_per_floor":["M","M","$","?","?","R","M","M","T","M","?","$","E","$","R","B",null,"M","?","M","?","?","R","E","R","T","R","?","M","R","$","R","B",null,"M","M","?","$","M"],"character_chosen":"DEFECT","items_purchased":["Gash","Steam","Forethought+1","Hologram+1"],"campfire_rested":4,"item_purchase_floors":[12,12,31,38],"current_hp_per_floor":[75,75,75,75,75,75,75,75,75,62,55,55,13,13,35,3,57,48,32,8,8,8,30,6,28,28,50,75,70,70,70,70,16,60,54,47,47,47,0],"gold":33,"neow_bonus":"THREE_ENEMY_KILL","is_prod":false,"is_daily":false,"chose_seed":false,"campfire_upgraded":3,"win_rate":0,"timestamp":1557163023,"path_taken":["M","M","$","?","?","R","M","?","T","M","?","$","E","$","R","BOSS","M","?","M","?","?","R","E","R","T","R","?","?","R","$","R","BOSS","M","M","?","$","?"],"build_version":"2019-01-23","purchased_purges":4,"victory":false,"max_hp_per_floor":[75,75,75,75,75,75,75,75,75,75,75,75,75,75,75,75,75,75,75,75,75,75,75,75,75,75,75,75,75,75,75,75,75,75,75,75,75,75,75],"card_choices":[{"not_picked":["Go for the Eyes","Hologram"],"picked":"Gash","floor":1},{"not_picked":["Heatsinks","Turbo"],"picked":"Sweeping Beam","floor":2},{"not_picked":["Beam Cell","Turbo"],"picked":"Go for the Eyes","floor":7},{"not_picked":["Storm","Undo","Streamline"],"picked":"SKIP","floor":8},{"not_picked":["Sweeping Beam","Rebound"],"picked":"Steam","floor":10},{"not_picked":["Hologram","Conserve Battery"],"picked":"Go for the Eyes","floor":13},{"not_picked":["Meteor Strike","Reboot"],"picked":"Echo Form+1","floor":16},{"not_picked":["Steam+1","Rip and Tear"],"picked":"Cold Snap+1","floor":18},{"not_picked":["Compile Driver","Leap"],"picked":"Doom and Gloom","floor":20},{"not_picked":["Redo+1","Genetic Algorithm"],"picked":"Double Energy+1","floor":24},{"not_picked":["Static Discharge+1","Turbo+1"],"picked":"Melter","floor":29},{"not_picked":["Reboot+1","Echo Form+1"],"picked":"Seek+1","floor":33},{"not_picked":["Conserve Battery+1","Genetic Algorithm+1"],"picked":"Gash+1","floor":34},{"not_picked":["Stack+1","Barrage"],"picked":"Gash","floor":34},{"not_picked":["Ball Lightning","Meteor Strike"],"picked":"Chill+1","floor":34},{"not_picked":["Blizzard","Compile Driver"],"picked":"Chill+1","floor":34},{"not_picked":["Consume+1","White Noise+1"],"picked":"Steam+1","floor":34},{"not_picked":["Go for the Eyes+1","Heatsinks+1"],"picked":"Beam Cell+1","floor":35},{"not_picked":["Hologram+1","Melter"],"picked":"FTL","floor":36}],"player_experience":278853,"relics_obtained":[{"floor":9,"key":"Pantograph"},{"floor":13,"key":"Frozen Egg 2"},{"floor":19,"key":"Necronomicon"},{"floor":24,"key":"Toxic Egg 2"},{"floor":26,"key":"Smiling Mask"}],"event_choices":[{"damage_healed":0,"gold_gain":0,"player_choice":"Ignored","damage_taken":0,"max_hp_gain":0,"max_hp_loss":0,"event_name":"Liars Game","floor":4,"gold_loss":0},{"damage_healed":0,"gold_gain":100,"player_choice":"Pray","damage_taken":0,"max_hp_gain":0,"max_hp_loss":0,"event_name":"Golden Shrine","floor":5,"gold_loss":0},{"cards_removed":["Strike_B"],"damage_healed":0,"gold_gain":0,"player_choice":"Card Removal","damage_taken":7,"max_hp_gain":0,"max_hp_loss":0,"event_name":"Golden Wing","floor":11,"gold_loss":0},{"damage_healed":0,"gold_gain":0,"player_choice":"Obtained Book","damage_taken":16,"max_hp_gain":0,"max_hp_loss":0,"event_name":"Cursed Tome","floor":19,"gold_loss":0},{"cards_removed":["Strike_B"],"damage_healed":0,"gold_gain":0,"player_choice":"Gave Gold","damage_taken":0,"max_hp_gain":0,"max_hp_loss":0,"event_name":"Beggar","floor":21,"gold_loss":75},{"damage_healed":0,"gold_gain":0,"player_choice":"Ignored","damage_taken":0,"max_hp_gain":0,"max_hp_loss":0,"event_name":"The Mausoleum","floor":22,"gold_loss":0},{"damage_healed":25,"gold_gain":0,"player_choice":"Heal","damage_taken":0,"max_hp_gain":0,"max_hp_loss":0,"event_name":"The Library","floor":28,"gold_loss":0},{"damage_healed":0,"gold_gain":0,"player_choice":"Paid Gold","damage_taken":0,"relics_obtained":["The Courier"],"max_hp_gain":0,"max_hp_loss":0,"event_name":"WeMeetAgain","floor":37,"gold_loss":60}],"is_beta":false,"boss_relics":[{"not_picked":["Calling Bell","Tiny House"],"picked":"Nuclear Battery"},{"not_picked":["White Beast Statue","Cursed Key"],"picked":"Orrery"}],"items_purged_floors":[3,12,31,38],"is_endless":false,"potions_floor_spawned":[7,10,13,16,24,29],"killed_by":"Spire Growth","ascension_level":5}