{"gold_per_floor":[116,116,116,131,147,147,176,176,176,209,209,209,247,247,247,247],"floor_reached":16,"playtime":407,"items_purged":[],"score":232,"play_id":"b05cf33b-e1f7-4880-ac0c-5ec5a99bd997","local_time":"20190604213941","daily_mods":["Vintage","Diverse"],"is_ascension_mode":true,"campfire_choices":[{"floor":6.0,"key":"REST"},{"floor":8.0,"key":"REST"},{"floor":15.0,"key":"REST"}],"neow_cost":"","seed_source_timestamp":0,"circlet_count":0,"master_deck":["AscendersBane","Strike_R","Strike_R","Strike_R","Strike_R","Strike_R","Defend_R","Defend_R","Defend_R","Defend_R","Bash","Choke","Feed+1","Injury","Anger"],"special_seed":0,"relics":["Burning Blood","Paper Frog","GremlinMask","Meat on the Bone","Anchor","Incense Burner","Unceasing Top","Singing Bowl","Golden Idol","Bottled Flame"],"potions_floor_usage":[16],"damage_taken":[{"damage":12.0,"enemies":"Small Slimes","floor":1.0,"turns":4.0},{"damage":19.0,"enemies":"Jaw Worm","floor":4.0,"turns":4.0},{"damage":7.0,"enemies":"Cultist","floor":5.0,"turns":4.0},{"damage":32.0,"enemies":"Gremlin Nob","floor":7.0,"turns":4.0},{"damage":43.0,"enemies":"Lagavulin","floor":10.0,"turns":8.0},{"damage":33.0,"enemies":"Gremlin Nob","floor":13.0,"turns":5.0},{"damage":64,"enemies":"Slime Boss","floor":16,"turns":7}],"seed_played":"5185505215463933668","potions_obtained":[{"floor":1.0,"key":"Poison Potion"},{"floor":4.0,"key":"Fruit Juice"},{"floor":10.0,"key":"LiquidBronze"}],"is_trial":true,"path_per_floor":["M","?","?","M","M","R","E","R","T","E","?","?","E","?","R","B"],"character_chosen":"IRONCLAD","items_purchased":[],"campfire_rested":3,"item_purchase_floors":[],"current_hp_per_floor":[62,62,62,49,53,77,51,75,75,50,50,50,35,35,59,0],"gold":247,"neow_bonus":"","is_prod":false,"is_daily":false,"chose_seed":false,"campfire_upgraded":0,"win_rate":0,"timestamp":1559677181,"path_taken":["M","?","?","?","M","R","E","R","T","E","?","?","E","?","R","BOSS"],"build_version":"2019-01-23","purchased_purges":0,"victory":false,"max_hp_per_floor":[75,75,75,75,80,80,80,80,80,80,80,80,80,80,80,80],"card_choices":[{"not_picked":["Beam Cell","Slice"],"picked":"Choke","floor":7.0},{"not_picked":["Stack","Reckless Charge"],"picked":"Feed","floor":10.0},{"not_picked":["Redo","Cloak And Dagger"],"picked":"Anger","floor":13.0}],"player_experience":307720,"relics_obtained":[{"floor":1.0,"key":"Paper Frog"},{"floor":4.0,"key":"Meat on the Bone"},{"floor":5.0,"key":"Anchor"},{"floor":7.0,"key":"Incense Burner"},{"floor":9.0,"key":"Unceasing Top"},{"floor":10.0,"key":"Singing Bowl"},{"floor":13.0,"key":"Bottled Flame"}],"event_choices":[{"damage_healed":0.0,"max_hp_gain":0.0,"max_hp_loss":0.0,"gold_gain":0.0,"event_name":"Shining Light","player_choice":"Ignored","floor":2.0,"gold_loss":0.0,"damage_taken":0.0},{"damage_healed":0.0,"max_hp_gain":0.0,"max_hp_loss":0.0,"gold_gain":0.0,"event_name":"FaceTrader","player_choice":"Trade","floor":3.0,"gold_loss":0.0,"damage_taken":0.0,"relics_obtained":["GremlinMask"]},{"damage_healed":0.0,"max_hp_gain":0.0,"max_hp_loss":0.0,"gold_gain":0.0,"event_name":"Dead Adventurer","player_choice":"Searched \u00270\u0027 times","floor":11.0,"gold_loss":0.0,"damage_taken":0.0},{"damage_healed":0.0,"max_hp_gain":0.0,"max_hp_loss":0.0,"gold_gain":0.0,"event_name":"Golden Idol","player_choice":"Take Wound","floor":12.0,"gold_loss":0.0,"damage_taken":0.0,"relics_obtained":["Golden Idol"],"cards_obtained":["Injury"]},{"damage_healed":0.0,"max_hp_gain":0.0,"max_hp_loss":0.0,"gold_gain":0.0,"event_name":"Accursed Blacksmith","player_choice":"Forge","floor":14.0,"gold_loss":0.0,"damage_taken":0.0,"cards_upgraded":["Feed"]}],"is_beta":false,"boss_relics":[],"items_purged_floors":[],"is_endless":false,"potions_floor_spawned":[1,4,10],"killed_by":"Slime Boss","ascension_level":20}