{"gold_per_floor":[113,113,130,130,143,177,197,213,213,229,33,33,33,50,50,152,152,162,87,97,107,142,142,142,142,142,172,172,185,37,56,56,56],"floor_reached":33,"playtime":1467,"items_purged":["Defend_G"],"score":319,"play_id":"12526c00-3641-47be-8c3a-31b45ced6ffd","local_time":"20180628220827","is_ascension_mode":false,"campfire_choices":[{"data":"Envenom","floor":13,"key":"SMITH"},{"data":"Infinite Blades","floor":15,"key":"SMITH"},{"floor":23,"key":"REST"},{"data":"Envenom","floor":25,"key":"SMITH"},{"floor":32,"key":"REST"}],"neow_cost":"NONE","seed_source_timestamp":15838541251373,"circlet_count":0,"master_deck":["Survivor","Neutralize+1","Cloak And Dagger","Cloak And Dagger","Cloak And Dagger","Distraction","Riddle With Holes","Backstab","Envenom+1","Cloak And Dagger","Blade Dance","Infinite Blades+1","Dagger Throw","Envenom+1","Sucker Punch+1","Riddle With Holes","Writhe","Bite","Bite","Bite","Bite","Bite","Cloak And Dagger+1","A Thousand Cuts","Accuracy"],"special_seed":17710,"relics":["Orrery","Ornamental Fan","Lee\u0027s Waffle","Empty Cage","Red Mask","Tough Bandages","Snake Skull","Bottled Tornado"],"potions_floor_usage":[6,16,16,22,27,31],"damage_taken":[{"damage":0,"enemies":"2 Louse","floor":1,"turns":3},{"damage":0,"enemies":"Cultist","floor":3,"turns":2},{"damage":6,"enemies":"Jaw Worm","floor":5,"turns":3},{"damage":21,"enemies":"Lagavulin","floor":6,"turns":8},{"damage":3,"enemies":"Blue Slaver","floor":7,"turns":4},{"damage":12,"enemies":"Lots of Slimes","floor":8,"turns":4},{"damage":5,"enemies":"3 Louse","floor":10,"turns":3},{"damage":0,"enemies":"Gremlin Gang","floor":14,"turns":5},{"damage":28,"enemies":"The Guardian","floor":16,"turns":11},{"damage":0,"enemies":"Chosen","floor":18,"turns":4},{"damage":16,"enemies":"2 Thieves","floor":20,"turns":4},{"damage":8,"enemies":"Centurion and Healer","floor":21,"turns":6},{"damage":21,"floor":22,"turns":5},{"damage":40,"enemies":"Slavers","floor":27,"turns":5},{"damage":0,"enemies":"Snecko","floor":29,"turns":3},{"damage":28,"enemies":"Sentry and Sphere","floor":31,"turns":6},{"damage":41,"enemies":"Collector","floor":33,"turns":3}],"seed_played":"2905374399911653407","potions_obtained":[{"floor":5,"key":"Strength Potion"},{"floor":6,"key":"FearPotion"},{"floor":7,"key":"Energy Potion"},{"floor":10,"key":"LiquidBronze"},{"floor":22,"key":"Strength Potion"},{"floor":29,"key":"PowerPotion"},{"floor":31,"key":"SteroidPotion"}],"is_trial":false,"path_per_floor":["M","?","M","?","M","E","M","M","T","M","$","?","R","M","R","B",null,"M","$","M","M","?","R","?","R","T","E","?","M","$","M","R"],"character_chosen":"THE_SILENT","items_purchased":["Lee\u0027s Waffle","A Thousand Cuts"],"campfire_rested":2,"item_purchase_floors":[11,30],"current_hp_per_floor":[70,70,70,70,64,43,42,32,32,29,77,77,77,77,77,49,77,77,77,61,55,36,59,59,59,59,21,21,27,27,7,30,0],"gold":56,"neow_bonus":"BOSS_RELIC","is_prod":false,"is_daily":false,"chose_seed":false,"campfire_upgraded":3,"win_rate":0,"timestamp":1530216507,"path_taken":["M","?","M","?","?","E","M","M","T","M","$","?","R","?","R","BOSS","M","$","M","M","?","R","?","R","T","E","?","M","$","M","R","BOSS"],"build_version":"2018-06-21v2","purchased_purges":1,"victory":false,"max_hp_per_floor":[70,70,70,70,70,70,70,70,70,70,77,77,77,77,77,77,77,77,77,77,77,77,77,77,77,77,77,77,77,77,77,77,77],"card_choices":[{"not_picked":["Acrobatics","PiercingWail"],"picked":"Cloak And Dagger","floor":0},{"not_picked":["Eviscerate","Crippling Poison"],"picked":"Cloak And Dagger","floor":0},{"not_picked":["Poisoned Stab","Flying Knee"],"picked":"Cloak And Dagger","floor":0},{"not_picked":["Sucker Punch","Acrobatics"],"picked":"Distraction","floor":0},{"not_picked":["Underhanded Strike","Bane"],"picked":"Riddle With Holes","floor":0},{"not_picked":["Acrobatics","Heel Hook"],"picked":"Backstab","floor":1},{"not_picked":["Bane","Riddle With Holes"],"picked":"Envenom","floor":3},{"not_picked":["Dagger Spray","Riddle With Holes"],"picked":"Cloak And Dagger","floor":5},{"not_picked":["Distraction","Bullet Time"],"picked":"Blade Dance","floor":6},{"not_picked":["Acrobatics","PiercingWail","All Out Attack"],"picked":"SKIP","floor":7},{"not_picked":["Deflect","Dagger Throw"],"picked":"Infinite Blades","floor":8},{"not_picked":["Prepared","Quick Slash"],"picked":"Dagger Throw","floor":10},{"not_picked":["Dagger Throw","Glass Knife","Dodge and Roll"],"picked":"SKIP","floor":14},{"not_picked":["Storm of Steel","Tools of the Trade"],"picked":"Envenom","floor":16},{"not_picked":["Poisoned Stab","Flying Knee"],"picked":"Sucker Punch+1","floor":18},{"not_picked":["Sucker Punch+1","Poisoned Stab","Acrobatics"],"picked":"SKIP","floor":20},{"not_picked":["Dagger Throw","Quick Slash"],"picked":"Riddle With Holes","floor":21},{"not_picked":["Phantasmal Killer","Sucker Punch","Adrenaline"],"picked":"SKIP","floor":27},{"not_picked":["Dagger Spray","Endless Agony"],"picked":"Cloak And Dagger+1","floor":29},{"not_picked":["Finisher+1","Poisoned Stab"],"picked":"Accuracy","floor":31}],"player_experience":53151,"relics_obtained":[{"floor":6,"key":"Blood Vial"},{"floor":9,"key":"Ornamental Fan"},{"floor":22,"key":"Red Mask"},{"floor":26,"key":"Snake Skull"},{"floor":27,"key":"Bottled Tornado"}],"event_choices":[{"event_name":"Purifier","player_choice":"One Purge","floor":2,"damage_taken":0},{"event_name":"Accursed Blacksmith","player_choice":"Forge","floor":4,"damage_taken":0},{"event_name":"Living Wall","player_choice":"Forget","floor":12,"damage_taken":0},{"event_name":"Masked Bandits","player_choice":"Fought over 107 gold","floor":22,"damage_taken":0},{"event_name":"The Mausoleum","player_choice":"Yes","floor":24,"damage_taken":0},{"event_name":"Vampires","player_choice":"Became a vampire (Vial)","floor":28,"damage_taken":0}],"boss_relics":[{"not_picked":["Snecko Eye","Runic Pyramid"],"picked":"Empty Cage"}],"items_purged_floors":[19],"is_endless":false,"potions_floor_spawned":[5,6,7,10,22,27,29,31],"killed_by":"Collector","ascension_level":0}