{"gold_per_floor":[118,118,293,144,155,155,165,165,188,222,222,222,241,316,316,316],"floor_reached":16,"playtime":391,"items_purged":["Doubt"],"score":98,"play_id":"9fa2618d-def5-44fe-9001-b0a54b2ff0a5","local_time":"20190603222735","is_ascension_mode":false,"campfire_choices":[{"data":"Footwork","floor":6,"key":"SMITH"},{"data":"Backstab","floor":8,"key":"SMITH"},{"data":"Neutralize","floor":11,"key":"SMITH"},{"floor":15,"key":"REST"}],"neow_cost":"NONE","seed_source_timestamp":58400698756060,"circlet_count":0,"master_deck":["Defend_G","Defend_G","Defend_G","Defend_G","Defend_G","Strike_G","Strike_G","Strike_G","Strike_G","Strike_G","Survivor","Neutralize+1","Cloak And Dagger","Footwork+1","Backflip","Backstab+1","Sucker Punch"],"relics":["Ring of the Snake","Strawberry","Centennial Puzzle","Bronze Scales","Bag of Marbles","Letter Opener"],"potions_floor_usage":[],"damage_taken":[{"damage":6,"enemies":"2 Louse","floor":1,"turns":3},{"damage":0,"enemies":"Small Slimes","floor":5,"turns":4},{"damage":0,"enemies":"Jaw Worm","floor":7,"turns":6},{"damage":15,"enemies":"Lagavulin","floor":10,"turns":10},{"damage":0,"enemies":"3 Louse","floor":13,"turns":2},{"damage":58,"enemies":"Slime Boss","floor":16,"turns":11}],"seed_played":"-8033539309506898514","potions_obtained":[{"floor":5,"key":"GamblersBrew"}],"is_trial":false,"path_per_floor":["M","?","?","$","M","R","M","R","T","E","R","T","M","?","R","B"],"character_chosen":"THE_SILENT","items_purchased":["Footwork"],"campfire_rested":1,"item_purchase_floors":[4],"current_hp_per_floor":[71,59,59,59,59,59,59,59,59,44,44,44,44,33,56,0],"gold":316,"neow_bonus":"RANDOM_COMMON_RELIC","is_prod":false,"is_daily":false,"chose_seed":false,"campfire_upgraded":3,"win_rate":0,"timestamp":1559593655,"path_taken":["M","?","?","$","M","R","M","R","T","E","R","?","M","?","R","BOSS"],"build_version":"2019-01-23","purchased_purges":1,"victory":false,"max_hp_per_floor":[77,77,77,77,77,77,77,77,77,77,77,77,77,77,77,77],"card_choices":[{"not_picked":["Backflip","Predator"],"picked":"Cloak And Dagger","floor":1},{"not_picked":["Tactician","Underhanded Strike"],"picked":"Backflip","floor":5},{"not_picked":["Caltrops","Outmaneuver"],"picked":"Backstab","floor":7},{"not_picked":["Eviscerate","Underhanded Strike","Calculated Gamble"],"picked":"SKIP","floor":10},{"not_picked":["Prepared","Catalyst"],"picked":"Sucker Punch","floor":13}],"player_experience":298879,"relics_obtained":[{"floor":9,"key":"Bronze Scales"},{"floor":10,"key":"Bag of Marbles"},{"floor":12,"key":"Letter Opener"}],"event_choices":[{"damage_healed":0,"gold_gain":0,"player_choice":"Success","damage_taken":12,"relics_obtained":["Centennial Puzzle"],"max_hp_gain":0,"max_hp_loss":0,"event_name":"Scrap Ooze","floor":2,"gold_loss":0},{"damage_healed":0,"gold_gain":175,"player_choice":"AGREE","damage_taken":0,"max_hp_gain":0,"max_hp_loss":0,"event_name":"Liars Game","floor":3,"gold_loss":0,"cards_obtained":["Doubt"]},{"damage_healed":0,"gold_gain":75,"player_choice":"Gather Gold","damage_taken":11,"max_hp_gain":0,"max_hp_loss":0,"event_name":"World of Goop","floor":14,"gold_loss":0}],"is_beta":false,"boss_relics":[],"items_purged_floors":[4],"is_endless":false,"potions_floor_spawned":[5],"killed_by":"Slime Boss","ascension_level":0}