{"gold_per_floor":[115,40,51,51,61,90,90,40,40,40,115,135,147,165,165,265,265,283,283,15,15,30,62,62,96,120,120,120,140,40,40,40,137,137,156,156,173,173,83,117,164,164,164,175,189,189,208,240,240,240,240,240,118,144,144],"floor_reached":55,"playtime":2093,"items_purged":["Defend_R","Strike_R"],"score":788,"play_id":"5bc90b83-9fa6-4fb9-97e0-670762277fe0","local_time":"20190321223636","is_ascension_mode":false,"campfire_choices":[{"data":"Inflame","floor":7,"key":"SMITH"},{"data":"Shrug It Off","floor":10,"key":"SMITH"},{"floor":15,"key":"REST"},{"data":"Apotheosis","floor":24,"key":"SMITH"},{"floor":28,"key":"REST"},{"floor":32,"key":"REST"},{"floor":49,"key":"RECALL"},{"floor":52,"key":"REST"}],"neow_cost":"NONE","seed_source_timestamp":3383074553536,"circlet_count":0,"master_deck":["Strike_R","Strike_R","Strike_R","Defend_R","Defend_R","Bash","Offering","Shrug It Off+1","Inflame+1","Inflame","Clothesline","Inflame","Barricade","Heavy Blade+1","Sword Boomerang","Uppercut","Apotheosis+1","Flame Barrier","Heavy Blade","Offering","Battle Trance+1","Blind","True Grit","Heavy Blade+1","Parasite","Warcry+1","Master of Strategy","PanicButton","Metamorphosis","Flex+1"],"relics":["Burning Blood","Shuriken","Oddly Smooth Stone","Runic Dome","Enchiridion","Bottled Lightning","Strawberry","Anchor","Eternal Feather","Ancient Tea Set","Nunchaku","Blue Candle","Red Skull","Mummified Hand"],"potions_floor_usage":[23,33,40,50,55,55],"damage_taken":[{"damage":6,"enemies":"Cultist","floor":1,"turns":2},{"damage":13,"enemies":"2 Louse","floor":3,"turns":2},{"damage":17,"enemies":"Jaw Worm","floor":5,"turns":2},{"damage":45,"enemies":"3 Sentries","floor":6,"turns":9},{"damage":6,"enemies":"2 Fungi Beasts","floor":12,"turns":5},{"damage":5,"enemies":"Blue Slaver","floor":13,"turns":5},{"damage":4,"enemies":"Red Slaver","floor":14,"turns":4},{"damage":32,"enemies":"Slime Boss","floor":16,"turns":6},{"damage":18,"enemies":"Shell Parasite","floor":18,"turns":4},{"damage":5,"enemies":"Spheric Guardian","floor":22,"turns":5},{"damage":10,"enemies":"Slavers","floor":23,"turns":5},{"damage":48,"enemies":"Gremlin Leader","floor":25,"turns":4},{"damage":16,"enemies":"Centurion and Healer","floor":29,"turns":5},{"damage":27,"enemies":"Champ","floor":33,"turns":6},{"damage":6,"enemies":"Orb Walker","floor":35,"turns":3},{"damage":12,"enemies":"3 Darklings","floor":37,"turns":5},{"damage":58,"enemies":"Reptomancer","floor":40,"turns":4},{"damage":15,"enemies":"2 Orb Walkers","floor":41,"turns":4},{"damage":22,"enemies":"Writhing Mass","floor":44,"turns":3},{"damage":13,"enemies":"Transient","floor":45,"turns":5},{"damage":23,"enemies":"Jaw Worm Horde","floor":47,"turns":3},{"damage":6,"enemies":"Giant Head","floor":48,"turns":5},{"damage":21,"enemies":"Donu and Deca","floor":50,"turns":7},{"damage":45,"enemies":"Shield and Spear","floor":54,"turns":4},{"damage":37,"enemies":"The Heart","floor":55,"turns":3}],"seed_played":"-8849588201257696808","potions_obtained":[{"floor":1,"key":"FairyPotion"},{"floor":5,"key":"SteroidPotion"},{"floor":13,"key":"Dexterity Potion"},{"floor":18,"key":"Weak Potion"},{"floor":23,"key":"Weak Potion"},{"floor":35,"key":"PowerPotion"},{"floor":45,"key":"Swift Potion"}],"is_trial":false,"path_per_floor":["M","$","M","?","M","E","R","?","T","R","?","M","M","M","R","B",null,"M","?","$","?","M","E","R","E","T","?","R","M","$","$","R","B",null,"M","T","M","?","$","E","?","?","T","M","M","?","M","E","R","B",null,"R","$","E","B"],"character_chosen":"IRONCLAD","items_purchased":["Apotheosis","Flame Barrier","Blind","LiquidBronze","PowerPotion"],"campfire_rested":4,"item_purchase_floors":[20,20,39,53,53],"current_hp_per_floor":[80,80,73,80,69,30,30,30,30,30,19,19,20,22,46,20,80,68,68,68,52,53,49,49,14,14,43,69,59,59,59,85,64,87,87,87,81,81,81,29,20,76,76,60,53,43,26,26,41,26,76,76,76,37,0],"gold":144,"neow_bonus":"TRANSFORM_CARD","is_prod":false,"is_daily":false,"chose_seed":false,"campfire_upgraded":3,"win_rate":0,"timestamp":1553175396,"path_taken":["M","$","M","?","?","E","R","?","T","R","?","?","M","M","R","BOSS","M","?","$","?","M","E","R","E","T","?","R","M","?","$","R","BOSS","M","?","M","?","?","E","?","?","T","M","M","?","?","E","R","BOSS","R","$","E","BOSS"],"build_version":"2019-01-23","purchased_purges":2,"victory":false,"max_hp_per_floor":[80,80,80,80,80,80,80,80,80,80,80,80,80,80,80,80,80,80,80,80,80,80,80,80,87,87,87,87,87,87,87,87,87,87,87,87,87,87,87,87,87,76,76,76,76,76,76,76,76,76,76,76,76,76,76],"card_choices":[{"not_picked":["Reckless Charge","Havoc"],"picked":"Bloodletting","floor":1},{"not_picked":["Blood for Blood","Wild Strike"],"picked":"Shrug It Off","floor":3},{"not_picked":["Thunderclap","Headbutt"],"picked":"Inflame","floor":5},{"not_picked":["Spot Weakness","Berserk"],"picked":"Inflame","floor":6},{"not_picked":["Pommel Strike","Headbutt"],"picked":"Clothesline","floor":12},{"not_picked":["Anger","Wild Strike"],"picked":"Thunderclap","floor":13},{"not_picked":["Pommel Strike","Thunderclap"],"picked":"Inflame","floor":14},{"not_picked":["Berserk","Offering"],"picked":"Barricade","floor":16},{"not_picked":["Headbutt","Anger+1"],"picked":"Heavy Blade+1","floor":18},{"not_picked":["Warcry","Infernal Blade","Thunderclap"],"picked":"SKIP","floor":22},{"not_picked":["Fire Breathing","Body Slam"],"picked":"Heavy Blade","floor":23},{"not_picked":["Warcry","Searing Blow","Combust"],"picked":"SKIP","floor":25},{"not_picked":["Armaments+1","Warcry"],"picked":"Heavy Blade","floor":29},{"not_picked":["Bludgeon","Barricade"],"picked":"Offering","floor":33},{"not_picked":["Perfected Strike","Combust+1"],"picked":"Battle Trance+1","floor":35},{"not_picked":["Rampage+1","Clothesline+1","Iron Wave"],"picked":"SKIP","floor":37},{"not_picked":["Wild Strike+1","Body Slam"],"picked":"True Grit","floor":40},{"not_picked":["Perfected Strike+1","Rupture"],"picked":"Heavy Blade+1","floor":41},{"not_picked":["Iron Wave","Thunderclap","Blood for Blood+1"],"picked":"SKIP","floor":44},{"not_picked":["Inflame+1","Iron Wave+1"],"picked":"Warcry+1","floor":45},{"not_picked":["Blind","Jack Of All Trades"],"picked":"Master of Strategy","floor":46},{"not_picked":["Panache","Bandage Up"],"picked":"PanicButton","floor":46},{"not_picked":["Jack Of All Trades","Finesse"],"picked":"Metamorphosis","floor":46},{"not_picked":["Heavy Blade+1","Havoc","Anger+1"],"picked":"SKIP","floor":47},{"not_picked":["Perfected Strike+1","Anger+1","Havoc"],"picked":"SKIP","floor":48},{"not_picked":["Armaments","Anger+1"],"picked":"Flex+1","floor":54}],"player_experience":351292,"relics_obtained":[{"floor":6,"key":"Shuriken"},{"floor":9,"key":"Oddly Smooth Stone"},{"floor":21,"key":"Enchiridion"},{"floor":23,"key":"Bottled Lightning"},{"floor":25,"key":"Strawberry"},{"floor":26,"key":"Anchor"},{"floor":40,"key":"Ancient Tea Set"},{"floor":41,"key":"Nunchaku"},{"floor":43,"key":"Blue Candle"},{"floor":48,"key":"Red Skull"},{"floor":54,"key":"Mummified Hand"}],"event_choices":[{"damage_healed":7,"gold_gain":0,"player_choice":"Full Heal","damage_taken":0,"max_hp_gain":0,"max_hp_loss":0,"event_name":"Wheel of Change","floor":4,"gold_loss":0},{"cards_removed":["Strike_R"],"damage_healed":0,"gold_gain":0,"player_choice":"Card Removal","damage_taken":0,"max_hp_gain":0,"max_hp_loss":0,"event_name":"The Cleric","floor":8,"gold_loss":50},{"damage_healed":0,"gold_gain":75,"player_choice":"Gather Gold","damage_taken":11,"max_hp_gain":0,"max_hp_loss":0,"event_name":"World of Goop","floor":11,"gold_loss":0},{"damage_healed":0,"gold_gain":0,"cards_transformed":["Thunderclap","Bloodletting"],"player_choice":"Became Test Subject","damage_taken":0,"max_hp_gain":0,"max_hp_loss":0,"event_name":"Drug Dealer","floor":19,"gold_loss":0,"cards_obtained":["Sword Boomerang","Uppercut"]},{"damage_healed":0,"gold_gain":0,"player_choice":"Obtained Book","damage_taken":16,"max_hp_gain":0,"max_hp_loss":0,"event_name":"Cursed Tome","floor":21,"gold_loss":0},{"damage_healed":29,"gold_gain":0,"player_choice":"Heal","damage_taken":0,"max_hp_gain":0,"max_hp_loss":0,"event_name":"The Library","floor":27,"gold_loss":0},{"cards_removed":["Heavy Blade"],"damage_healed":0,"gold_gain":0,"player_choice":"Removed Attack","damage_taken":0,"max_hp_gain":0,"max_hp_loss":0,"event_name":"Falling","floor":38,"gold_loss":0},{"damage_healed":0,"gold_gain":0,"player_choice":"Fight","damage_taken":0,"max_hp_gain":0,"max_hp_loss":0,"event_name":"Mysterious Sphere","floor":41,"gold_loss":0},{"damage_healed":76,"gold_gain":0,"player_choice":"Heal","damage_taken":0,"max_hp_gain":0,"max_hp_loss":11,"event_name":"The Moai Head","floor":42,"gold_loss":0},{"damage_healed":0,"gold_gain":0,"player_choice":"Memory 3","damage_taken":10,"max_hp_gain":0,"max_hp_loss":0,"event_name":"SensoryStone","floor":46,"gold_loss":0}],"is_beta":false,"boss_relics":[{"not_picked":["Snecko Eye","Black Blood"],"picked":"Runic Dome"},{"not_picked":["Runic Cube","Runic Pyramid"],"picked":"Eternal Feather"}],"items_purged_floors":[2,30],"is_endless":false,"potions_floor_spawned":[1,5,13,16,18,23,35,45],"killed_by":"The Heart","ascension_level":0}