{"gold_per_floor":[115,115,129,149,169,199,199,274,274,274,274],"floor_reached":11,"playtime":640,"items_purged":[],"score":110,"play_id":"03a1865c-9e6d-4cf7-a99b-1a94502d1e46","local_time":"20190410152856","is_ascension_mode":true,"campfire_choices":[{"data":"Zap","floor":7,"key":"SMITH"},{"floor":10,"key":"REST"}],"neow_cost":"NONE","seed_source_timestamp":1612129262706217,"circlet_count":0,"master_deck":["AscendersBane","Strike_B","Strike_B","Strike_B","Strike_B","Defend_B","Defend_B","Defend_B","Defend_B","Zap+1","Dualcast","Leap","Gash","Beam Cell","Storm+1"],"relics":["Cracked Core","Frozen Egg 2","Turnip"],"potions_floor_usage":[11],"damage_taken":[{"damage":8,"enemies":"Jaw Worm","floor":1,"turns":4},{"damage":0,"enemies":"Cultist","floor":3,"turns":4},{"damage":0,"enemies":"Small Slimes","floor":4,"turns":3},{"damage":8,"enemies":"Looter","floor":5,"turns":3},{"damage":47,"enemies":"Lagavulin","floor":6,"turns":6},{"damage":50,"enemies":"3 Sentries","floor":11,"turns":8}],"seed_played":"-8340079157579062424","potions_obtained":[{"floor":6,"key":"GamblersBrew"}],"is_trial":false,"path_per_floor":["M","?","M","M","M","E","R","?","T","R","E"],"character_chosen":"DEFECT","items_purchased":[],"campfire_rested":1,"item_purchase_floors":[],"current_hp_per_floor":[60,85,85,85,77,30,30,19,19,44,0],"gold":274,"neow_bonus":"ONE_RANDOM_RARE_CARD","is_prod":false,"is_daily":false,"chose_seed":false,"campfire_upgraded":1,"win_rate":0,"timestamp":1554924536,"path_taken":["M","?","?","M","M","E","R","?","T","R","E"],"build_version":"2019-01-23","purchased_purges":0,"victory":false,"max_hp_per_floor":[75,85,85,85,85,85,85,85,85,85,85],"card_choices":[{"not_picked":["Barrage","Stack"],"picked":"Leap","floor":1},{"not_picked":["BootSequence","Reprogram"],"picked":"Gash","floor":3},{"not_picked":["Static Discharge","Rebound"],"picked":"Beam Cell","floor":4},{"not_picked":["Loop","Aggregate","Redo"],"picked":"SKIP","floor":5},{"not_picked":["Stack","Cold Snap"],"picked":"Storm","floor":6}],"player_experience":306149,"relics_obtained":[{"floor":6,"key":"Frozen Egg 2"},{"floor":9,"key":"Turnip"}],"event_choices":[{"cards_removed":["Meteor Strike"],"damage_healed":15,"gold_gain":0,"player_choice":"Offered Rare","damage_taken":0,"max_hp_gain":10,"max_hp_loss":0,"event_name":"Bonfire Elementals","floor":2,"gold_loss":0},{"damage_healed":0,"gold_gain":75,"player_choice":"Gather Gold","damage_taken":11,"max_hp_gain":0,"max_hp_loss":0,"event_name":"World of Goop","floor":8,"gold_loss":0}],"is_beta":false,"boss_relics":[],"items_purged_floors":[],"is_endless":false,"potions_floor_spawned":[6],"killed_by":"3 Sentries","ascension_level":10}