{"gold_per_floor":[215,226,226,238,151,183,198,128,182,182,207,207,224,170,170,269,269,259,278,353,363,383,416,435,435,435,360,378,378,378,388,388,388],"floor_reached":33,"playtime":2711,"items_purged":[],"score":304,"play_id":"c37981d7-4e61-41c4-b22e-4c832b8c2ab6","local_time":"20190522235601","is_ascension_mode":false,"campfire_choices":[{"data":"Cleave","floor":10,"key":"SMITH"},{"data":"Flame Barrier","floor":12,"key":"SMITH"},{"floor":15,"key":"REST"},{"floor":25,"key":"REST"},{"floor":29,"key":"REST"},{"floor":32,"key":"REST"}],"neow_cost":"NONE","seed_source_timestamp":109833429044400,"circlet_count":0,"master_deck":["Defend_R","Defend_R","Defend_R","Defend_R","Flame Barrier+1","Heavy Blade","Cleave+1","Metallicize","Sword Boomerang","Twin Strike","Inflame","Iron Wave","Shrug It Off","Cleave+1","Iron Wave+1","Rampage","True Grit","Rage","Pummel","Barricade+1","Bite","Bite","Bite","Bite","Bite"],"relics":["Burning Blood","Kunai","Potion Belt","Happy Flower","Lizard Tail","Frozen Egg 2","Pantograph"],"potions_floor_usage":[16,18,23],"damage_taken":[{"damage":6,"enemies":"Small Slimes","floor":1,"turns":5},{"damage":0,"enemies":"Cultist","floor":2,"turns":4},{"damage":4,"enemies":"Jaw Worm","floor":4,"turns":4},{"damage":32,"enemies":"Gremlin Nob","floor":6,"turns":5},{"damage":4,"enemies":"3 Louse","floor":7,"turns":3},{"damage":12,"enemies":"3 Sentries","floor":11,"turns":4},{"damage":8,"enemies":"Red Slaver","floor":13,"turns":3},{"damage":36,"enemies":"Hexaghost","floor":16,"turns":13},{"damage":13,"enemies":"2 Thieves","floor":18,"turns":4},{"damage":6,"enemies":"Shell Parasite","floor":19,"turns":8},{"damage":12,"enemies":"Centurion and Healer","floor":21,"turns":11},{"damage":15,"enemies":"Chosen and Byrds","floor":22,"turns":7},{"damage":48,"enemies":"Gremlin Leader","floor":23,"turns":7},{"damage":7,"enemies":"Shelled Parasite and Fungi","floor":24,"turns":10},{"damage":29,"enemies":"3 Cultists","floor":28,"turns":7},{"damage":24,"enemies":"Centurion and Healer","floor":31,"turns":14},{"damage":155,"enemies":"Champ","floor":33,"turns":35}],"seed_played":"4739605871175709173","potions_obtained":[{"floor":1,"key":"SteroidPotion"},{"floor":2,"key":"SteroidPotion"},{"floor":16,"key":"LiquidBronze"},{"floor":18,"key":"FairyPotion"},{"floor":19,"key":"Ancient Potion"},{"floor":22,"key":"Explosive Potion"},{"floor":31,"key":"Swift Potion"}],"is_trial":false,"path_per_floor":["M","M","?","M","$","E","M","$","T","R","E","R","M","$","R","B",null,"M","M","?","M","M","E","M","R","T","?","M","R","?","M","R","B"],"character_chosen":"IRONCLAD","items_purchased":["Metallicize","Sword Boomerang","Inflame","Shrug It Off"],"campfire_rested":4,"item_purchase_floors":[5,5,8,14],"current_hp_per_floor":[80,80,80,80,80,54,56,56,56,56,50,50,48,48,72,42,80,73,73,65,59,50,8,7,31,31,31,8,32,32,32,48,0],"gold":388,"neow_bonus":"HUNDRED_GOLD","is_prod":false,"is_daily":false,"chose_seed":false,"campfire_upgraded":2,"win_rate":0.0,"timestamp":1558594561,"path_taken":["M","M","?","M","?","E","M","$","T","R","E","R","M","?","R","BOSS","M","M","?","M","?","E","M","R","T","?","M","R","?","M","R","BOSS"],"build_version":"2019-01-23","purchased_purges":0,"victory":false,"max_hp_per_floor":[80,80,80,80,80,80,80,80,80,80,80,80,80,80,80,80,80,80,80,80,80,80,80,80,80,80,80,80,80,56,56,56,56],"card_choices":[{"not_picked":["Shockwave","Clash"],"picked":"Flame Barrier","floor":1},{"not_picked":["Headbutt","Thunderclap"],"picked":"Heavy Blade","floor":2},{"not_picked":["Juggernaut","Anger"],"picked":"Cleave","floor":4},{"not_picked":["Pommel Strike","Rage"],"picked":"Twin Strike","floor":6},{"not_picked":["Perfected Strike","Entrench","Clothesline"],"picked":"SKIP","floor":7},{"not_picked":["Feel No Pain","Juggernaut","Intimidate"],"picked":"SKIP","floor":11},{"not_picked":["Rage","Cleave"],"picked":"Iron Wave","floor":13},{"not_picked":["Fire Breathing","Flex"],"picked":"Cleave+1","floor":18},{"not_picked":["Perfected Strike","True Grit+1"],"picked":"Iron Wave+1","floor":19},{"not_picked":["Rupture","Warcry"],"picked":"Rampage","floor":21},{"not_picked":["Feel No Pain","Second Wind+1"],"picked":"True Grit","floor":22},{"not_picked":["Reckless Charge+1","Entrench"],"picked":"Rage","floor":23},{"not_picked":["Power Through","Clothesline"],"picked":"Pummel","floor":24},{"not_picked":["Cleave","Thunderclap"],"picked":"Barricade+1","floor":28},{"not_picked":["Heavy Blade","Body Slam","Spot Weakness"],"picked":"SKIP","floor":31}],"player_experience":7637,"relics_obtained":[{"floor":6,"key":"Kunai"},{"floor":9,"key":"Potion Belt"},{"floor":11,"key":"Happy Flower"},{"floor":23,"key":"Frozen Egg 2"},{"floor":26,"key":"Pantograph"}],"event_choices":[{"cards_removed":["Bash"],"damage_healed":0,"gold_gain":0,"player_choice":"Offered Basic","damage_taken":0,"max_hp_gain":0,"max_hp_loss":0,"event_name":"Bonfire Elementals","floor":3,"gold_loss":0},{"damage_healed":0,"gold_gain":75,"player_choice":"Touch","damage_taken":8,"max_hp_gain":0,"max_hp_loss":0,"event_name":"FaceTrader","floor":20,"gold_loss":0},{"cards_removed":["Strike_R"],"damage_healed":0,"gold_gain":0,"player_choice":"Gave Gold","damage_taken":0,"max_hp_gain":0,"max_hp_loss":0,"event_name":"Beggar","floor":27,"gold_loss":75},{"damage_healed":0,"gold_gain":0,"player_choice":"Became a vampire","damage_taken":0,"max_hp_gain":0,"max_hp_loss":24,"event_name":"Vampires","floor":30,"gold_loss":0,"cards_obtained":["Bite","Bite","Bite","Bite","Bite"]}],"is_beta":false,"boss_relics":[{"not_picked":["Coffee Dripper","Empty Cage"],"picked":"Lizard Tail"}],"items_purged_floors":[],"is_endless":false,"potions_floor_spawned":[1,2,16,18,19,22,31],"killed_by":"Champ","ascension_level":0}