{"gold_per_floor":[115,115,126,51,51,69,99,99,99,130,144,144,155,186,186,263,263,273,291,391,404,420,420,11,24,24,36,0,0,0,18,18,90,90,110,128,88,88,88,88,88,108,108,8,8,8,8,8,8,8],"floor_reached":51,"playtime":4225,"items_purged":["Strike_B","Gash+1"],"score":1294,"play_id":"938d9ce6-e1cc-4d33-b1a0-9d21ae68a664","local_time":"20190522211714","is_ascension_mode":true,"campfire_choices":[{"floor":8,"key":"REST"},{"floor":12,"key":"REST"},{"floor":15,"key":"REST"},{"floor":23,"key":"REST"},{"data":"Buffer","floor":32,"key":"SMITH"},{"data":"Aggregate","floor":40,"key":"SMITH"},{"data":"Madness","floor":47,"key":"SMITH"},{"data":"Deep Breath","floor":49,"key":"SMITH"}],"neow_cost":"NONE","seed_source_timestamp":94989148772985,"circlet_count":0,"master_deck":["AscendersBane","Zap+1","Dualcast+1","Reinforced Body+1","BootSequence+1","Sweeping Beam+1","Darkness+1","Loop+1","Hologram+1","Coolheaded+1","Biased Cognition+1","Echo Form+1","Compile Driver+1","Echo Form+1","Melter+1","Self Repair+1","Coolheaded+1","Redo+1","Leap+1","Chill+1","Buffer+1","Conserve Battery+1","Seek+1","BootSequence+1","Blizzard+1","Chill+1","Cold Snap+1","Ghostly+1","Ghostly+1","Ghostly+1","Ghostly+1","Ghostly+1","Static Discharge+1","Coolheaded+1","Core Surge+1","Go for the Eyes+1","Melter+1","Leap+1","Aggregate+1","Madness+1","Madness+1","Deep Breath+1","Madness+1"],"relics":["Cracked Core","NeowsBlessing","Kunai","Ornamental Fan","Blue Candle","Prayer Wheel","Pandora\u0027s Box","Torii","Molten Egg 2","Busted Crown","Mark of the Bloom","Question Card"],"potions_floor_usage":[11,16,21,25,31,38,50],"damage_taken":[{"damage":0,"enemies":"Small Slimes","floor":1,"turns":1},{"damage":0,"enemies":"2 Louse","floor":3,"turns":1},{"damage":0,"enemies":"Cultist","floor":6,"turns":1},{"damage":28,"enemies":"Lagavulin","floor":7,"turns":7},{"damage":10,"enemies":"Gremlin Nob","floor":10,"turns":4},{"damage":6,"enemies":"Exordium Thugs","floor":11,"turns":3},{"damage":0,"enemies":"3 Louse","floor":13,"turns":4},{"damage":13,"enemies":"Lagavulin","floor":14,"turns":6},{"damage":25,"enemies":"Hexaghost","floor":16,"turns":8},{"damage":32,"enemies":"Shell Parasite","floor":18,"turns":10},{"damage":20,"enemies":"3 Byrds","floor":19,"turns":6},{"damage":16,"enemies":"Snecko","floor":21,"turns":5},{"damage":23,"enemies":"Snake Plant","floor":22,"turns":6},{"damage":10,"enemies":"Centurion and Healer","floor":25,"turns":12},{"damage":12,"enemies":"Sentry and Sphere","floor":27,"turns":6},{"damage":0,"enemies":"Snake Plant","floor":31,"turns":7},{"damage":0,"enemies":"Automaton","floor":33,"turns":13},{"damage":16,"enemies":"3 Darklings","floor":35,"turns":7},{"damage":0,"enemies":"Orb Walker","floor":36,"turns":7},{"damage":0,"enemies":"Writhing Mass","floor":38,"turns":4},{"damage":0,"enemies":"Transient","floor":42,"turns":5},{"damage":0,"enemies":"Time Eater","floor":50,"turns":11}],"seed_played":"4782304773201021346","potions_obtained":[{"floor":10,"key":"Fire Potion"},{"floor":11,"key":"Strength Potion"},{"floor":13,"key":"FairyPotion"},{"floor":16,"key":"GamblersBrew"},{"floor":19,"key":"Energy Potion"},{"floor":21,"key":"Swift Potion"},{"floor":25,"key":"Poison Potion"},{"floor":37,"key":"SmokeBomb"},{"floor":42,"key":"Weak Potion"}],"is_trial":false,"path_per_floor":["M","?","M","$","?","M","E","R","T","E","M","R","M","E","R","B",null,"M","M","?","M","M","R","$","M","T","M","?","?","?","M","R","B",null,"M","M","?","M","?","R","?","M","T","$","?","$","R","?","R","B",null],"character_chosen":"DEFECT","items_purchased":["Seek","Torii","Block Potion"],"campfire_rested":4,"item_purchase_floors":[24,24,24],"current_hp_per_floor":[64,64,64,64,64,64,36,57,57,47,41,62,62,49,70,45,65,47,41,41,32,9,30,30,27,27,22,22,22,22,22,22,29,34,18,25,25,25,21,21,21,21,21,21,11,11,11,11,11,11],"gold":8,"neow_bonus":"THREE_ENEMY_KILL","is_prod":false,"is_daily":false,"chose_seed":false,"campfire_upgraded":4,"win_rate":0,"timestamp":1558585034,"path_taken":["M","?","M","$","?","M","E","R","T","E","M","R","M","E","R","BOSS","M","M","?","M","M","R","?","M","T","?","?","?","?","M","R","BOSS","M","M","?","?","?","R","?","M","T","$","?","?","R","?","R","BOSS"],"build_version":"2019-01-23","purchased_purges":2,"victory":true,"max_hp_per_floor":[71,71,71,71,71,71,71,71,71,71,71,71,71,71,71,71,71,71,71,71,71,71,71,71,71,71,71,71,71,35,35,35,35,35,35,35,35,35,35,35,35,35,35,35,35,35,35,31,31,31],"card_choices":[{"not_picked":["Compile Driver","Hello World"],"picked":"Reinforced Body","floor":1},{"not_picked":["Barrage","Turbo"],"picked":"Sweeping Beam","floor":3},{"not_picked":["Stack","Gash"],"picked":"Darkness","floor":6},{"not_picked":["Amplify","Go for the Eyes"],"picked":"Loop","floor":7},{"not_picked":["Blizzard","Sunder"],"picked":"Hologram","floor":10},{"not_picked":["Go for the Eyes","Rebound","Redo"],"picked":"SKIP","floor":11},{"not_picked":["Beam Cell","Go for the Eyes"],"picked":"Coolheaded","floor":13},{"not_picked":["Sweeping Beam","Redo"],"picked":"Biased Cognition","floor":14},{"not_picked":["Multi-Cast","Reboot"],"picked":"Echo Form","floor":16},{"not_picked":["Stack","Leap"],"picked":"Redo+1","floor":18},{"not_picked":["Sweeping Beam","Lockon","Steam"],"picked":"SKIP","floor":18},{"not_picked":["Redo","Sweeping Beam+1"],"picked":"Leap+1","floor":19},{"not_picked":["Go for the Eyes","Beam Cell","Redo"],"picked":"SKIP","floor":19},{"not_picked":["White Noise","Aggregate"],"picked":"Chill","floor":21},{"not_picked":["Genetic Algorithm","Turbo+1","Force Field"],"picked":"SKIP","floor":21},{"not_picked":["Rebound","Scrape"],"picked":"Buffer","floor":22},{"not_picked":["Turbo","Compile Driver"],"picked":"Conserve Battery","floor":22},{"not_picked":["Leap","Stack"],"picked":"BootSequence","floor":25},{"not_picked":["FTL","Compile Driver"],"picked":"Blizzard","floor":25},{"not_picked":["Auto Shields","Rebound+1"],"picked":"Chill","floor":27},{"not_picked":["Hello World","Cold Snap+1","Skim"],"picked":"SKIP","floor":27},{"not_picked":["Hello World","Skim"],"picked":"Cold Snap+1","floor":27},{"not_picked":["Steam Power","Beam Cell+1"],"picked":"Static Discharge","floor":31},{"not_picked":["Gash+1","Barrage+1"],"picked":"Coolheaded","floor":31},{"not_picked":["Biased Cognition","Hyperbeam+1"],"picked":"Core Surge+1","floor":33},{"not_picked":[],"picked":"Go for the Eyes+1","floor":35},{"not_picked":[],"picked":"Melter+1","floor":35},{"not_picked":[],"picked":"Leap+1","floor":36},{"not_picked":[],"picked":"Aggregate","floor":36},{"not_picked":["Conserve Battery"],"picked":"SKIP","floor":42},{"not_picked":["Static Discharge+1"],"picked":"SKIP","floor":42},{"not_picked":["Metamorphosis"],"picked":"Deep Breath","floor":45},{"not_picked":["Discovery"],"picked":"Madness","floor":45}],"player_experience":695473,"relics_obtained":[{"floor":7,"key":"Kunai"},{"floor":9,"key":"Ornamental Fan"},{"floor":10,"key":"Blue Candle"},{"floor":14,"key":"Prayer Wheel"},{"floor":26,"key":"Molten Egg 2"},{"floor":43,"key":"Question Card"}],"event_choices":[{"damage_healed":0,"gold_gain":0,"cards_transformed":["Strike_B"],"player_choice":"Change","damage_taken":0,"max_hp_gain":0,"max_hp_loss":0,"event_name":"Living Wall","floor":2,"gold_loss":0,"cards_obtained":["BootSequence"]},{"damage_healed":0,"gold_gain":0,"player_choice":"Ignored","damage_taken":0,"max_hp_gain":0,"max_hp_loss":0,"event_name":"Shining Light","floor":5,"gold_loss":0},{"damage_healed":0,"gold_gain":100,"player_choice":"Pray","damage_taken":0,"max_hp_gain":0,"max_hp_loss":0,"event_name":"Golden Shrine","floor":20,"gold_loss":0},{"damage_healed":0,"gold_gain":0,"player_choice":"Paid Fearfully","damage_taken":0,"max_hp_gain":0,"max_hp_loss":0,"event_name":"Masked Bandits","floor":28,"gold_loss":36},{"damage_healed":0,"gold_gain":0,"player_choice":"Ignored","damage_taken":0,"max_hp_gain":0,"max_hp_loss":0,"event_name":"Cursed Tome","floor":29,"gold_loss":0},{"damage_healed":0,"gold_gain":0,"player_choice":"Became a Ghost","damage_taken":0,"max_hp_gain":0,"max_hp_loss":36,"event_name":"Ghosts","floor":30,"gold_loss":0,"cards_obtained":["Ghostly","Ghostly","Ghostly","Ghostly","Ghostly"]},{"damage_healed":0,"gold_gain":0,"player_choice":"Bought 3 Potions","damage_taken":0,"max_hp_gain":0,"max_hp_loss":0,"event_name":"The Woman in Blue","floor":37,"gold_loss":0},{"damage_healed":0,"gold_gain":0,"player_choice":"Embrace Madness","damage_taken":4,"max_hp_gain":0,"max_hp_loss":0,"event_name":"Winding Halls","floor":39,"gold_loss":0,"cards_obtained":["Madness","Madness"]},{"damage_healed":0,"gold_gain":0,"player_choice":"Upgrade","damage_taken":0,"relics_obtained":["Mark of the Bloom"],"max_hp_gain":0,"max_hp_loss":0,"event_name":"MindBloom","floor":41,"gold_loss":0,"cards_upgraded":["Zap","Dualcast","Reinforced Body","BootSequence","Sweeping Beam","Darkness","Loop","Hologram","Coolheaded","Biased Cognition","Echo Form","Compile Driver","Echo Form","Gash","Melter","Self Repair","Coolheaded","Chill","Conserve Battery","Seek","BootSequence","Blizzard","Chill","Ghostly","Ghostly","Ghostly","Ghostly","Ghostly","Static Discharge","Coolheaded","Madness","Madness"]},{"damage_healed":0,"gold_gain":0,"player_choice":"Memory 3","damage_taken":10,"max_hp_gain":0,"max_hp_loss":0,"event_name":"SensoryStone","floor":45,"gold_loss":0},{"damage_healed":31,"gold_gain":0,"player_choice":"Heal","damage_taken":0,"max_hp_gain":0,"max_hp_loss":4,"event_name":"The Moai Head","floor":48,"gold_loss":0}],"is_beta":false,"boss_relics":[{"not_picked":["Ectoplasm","Velvet Choker"],"picked":"Pandora\u0027s Box"},{"not_picked":["White Beast Statue","Snecko Eye"],"picked":"Busted Crown"}],"items_purged_floors":[4,44],"is_endless":false,"potions_floor_spawned":[10,11,13,16,19,21,25,42],"ascension_level":14}