{"gold_per_floor":[119,133,147,222,232,267,2,2,2,2,27,27,77,95,95,194,194,208,208,208,208],"floor_reached":21,"playtime":547,"items_purged":[],"score":221,"play_id":"beca84d5-b973-49fa-bce5-3a856a64827d","local_time":"20180706204515","is_ascension_mode":true,"campfire_choices":[{"floor":8,"key":"REST"},{"data":"Apotheosis","floor":10,"key":"SMITH"},{"floor":12,"key":"REST"},{"floor":15,"key":"REST"}],"neow_cost":"","seed_source_timestamp":118987431877749,"circlet_count":0,"master_deck":["Defend_B","Defend_B","Defend_B","Zap","Dualcast","Consume","Beam Cell","Go for the Eyes","Go for the Eyes","Go for the Eyes","Apotheosis+1","Echo Form","Loop","Reboot","Machine Learning","Machine Learning+1","Defragment+1","Defragment+1","Hello World","Bite","Bite","Bite","Bite","Bite"],"relics":["Cracked Core","Potion Belt","Darkstone Periapt","Regal Pillow","Astrolabe","Nloth\u0027s Gift"],"potions_floor_usage":[6,11,14],"damage_taken":[{"damage":1,"enemies":"2 Louse","floor":1,"turns":2},{"damage":3,"enemies":"Small Slimes","floor":2,"turns":3},{"damage":8,"enemies":"Jaw Worm","floor":3,"turns":4},{"damage":22,"enemies":"Exordium Wildlife","floor":5,"turns":5},{"damage":5,"enemies":"Gremlin Nob","floor":6,"turns":4},{"damage":17,"enemies":"3 Sentries","floor":11,"turns":6},{"damage":7,"enemies":"Exordium Thugs","floor":14,"turns":4},{"damage":44,"enemies":"Hexaghost","floor":16,"turns":7},{"damage":18,"enemies":"Chosen","floor":18,"turns":5},{"damage":62,"floor":21,"turns":4}],"seed_played":"857623997449795921","potions_obtained":[{"floor":2,"key":"Explosive Potion"},{"floor":5,"key":"PowerPotion"},{"floor":11,"key":"Explosive Potion"}],"is_trial":false,"path_per_floor":["M","M","M","?","M","E","$","R","T","R","E","R","T","M","R","B",null,"M","?","?"],"character_chosen":"DEFECT","items_purchased":["Apotheosis","Echo Form"],"campfire_rested":3,"item_purchase_floors":[7,7],"current_hp_per_floor":[74,71,63,52,30,25,25,47,47,47,30,52,52,45,75,31,75,57,52,52,0],"gold":208,"neow_bonus":"","is_prod":false,"is_daily":false,"chose_seed":false,"campfire_upgraded":1,"win_rate":0,"timestamp":1530902715,"path_taken":["M","M","M","?","M","E","$","R","T","R","E","R","?","?","R","BOSS","M","?","?","?"],"build_version":"2018-07-05","purchased_purges":0,"victory":false,"max_hp_per_floor":[75,75,75,75,75,75,75,75,75,75,75,75,75,75,75,75,75,75,52,52,52],"card_choices":[{"not_picked":["Rebound","Hologram"],"picked":"Consume","floor":1},{"not_picked":["Reprogram","Sweeping Beam"],"picked":"Beam Cell","floor":2},{"not_picked":["Chill","Rebound"],"picked":"Go for the Eyes","floor":3},{"not_picked":["Turbo","Hologram"],"picked":"Go for the Eyes","floor":5},{"not_picked":["Cold Snap","Barrage"],"picked":"Go for the Eyes","floor":6},{"not_picked":["Tempest","Coolheaded"],"picked":"Loop","floor":11},{"not_picked":["Compile Driver","Rebound"],"picked":"Reboot","floor":14},{"not_picked":["Biased Cognition","Echo Form"],"picked":"Machine Learning","floor":16},{"not_picked":["Streamline","Go for the Eyes"],"picked":"Hello World","floor":18}],"player_experience":87410,"relics_obtained":[{"floor":6,"key":"Potion Belt"},{"floor":9,"key":"Art of War"},{"floor":11,"key":"Darkstone Periapt"},{"floor":13,"key":"Regal Pillow"}],"event_choices":[{"event_name":"World of Goop","player_choice":"Gather Gold","floor":4,"damage_taken":0},{"event_name":"Vampires","player_choice":"Became a vampire","floor":19,"damage_taken":0},{"event_name":"N\u0027loth","player_choice":"Traded a Art of War","floor":20,"damage_taken":0},{"event_name":"Masked Bandits","player_choice":"Fought over 208 gold","floor":21,"damage_taken":0}],"boss_relics":[{"not_picked":["Lizard Tail","Busted Crown"],"picked":"Astrolabe"}],"items_purged_floors":[],"is_endless":false,"potions_floor_spawned":[2,5,11],"ascension_level":1}