{"gold_per_floor":[115,127,138,151,170,170,197,207,252,267,278,278,30,55,55,158,158,178,192,205,216,227,227,245,265,265,296,296,296,296],"floor_reached":30,"playtime":1273,"items_purged":[],"score":295,"play_id":"51b2ffde-cf4a-4279-a94b-52decbce49f1","local_time":"20180704223412","is_ascension_mode":false,"campfire_choices":[{"data":"Conserve Battery","floor":6,"key":"SMITH"},{"data":"Defragment","floor":15,"key":"SMITH"},{"floor":23,"key":"REST"}],"neow_cost":"NONE","seed_source_timestamp":213810772765262,"circlet_count":0,"master_deck":["Zap+1","Dualcast","Conserve Battery+1","Melter","Lockon","Ball Lightning","Defragment+1","Leap","Echo Form","Loop","Turbo","Beam Cell+1","Coolheaded","Melter+1","Coolheaded","Loop","Steam","Conserve Battery","Capacitor","Creative AI","Double Energy","Go for the Eyes+1","Decay"],"relics":["Cracked Core","Ornamental Fan","Anchor","Molten Egg 2","Potion Belt","Pandora\u0027s Box","Bag of Preparation","Mercury Hourglass","Bottled Flame"],"potions_floor_usage":[10,14,16,16,20,20,24,24,30],"damage_taken":[{"damage":0,"enemies":"Cultist","floor":1,"turns":3},{"damage":0,"enemies":"2 Louse","floor":2,"turns":3},{"damage":0,"enemies":"Jaw Worm","floor":3,"turns":2},{"damage":3,"enemies":"Looter","floor":4,"turns":3},{"damage":1,"enemies":"Exordium Wildlife","floor":5,"turns":5},{"damage":8,"enemies":"Lagavulin","floor":7,"turns":5},{"damage":1,"enemies":"Exordium Thugs","floor":8,"turns":4},{"damage":0,"enemies":"Gremlin Gang","floor":10,"turns":1},{"damage":3,"enemies":"3 Louse","floor":11,"turns":4},{"damage":0,"enemies":"3 Sentries","floor":14,"turns":5},{"damage":25,"enemies":"Hexaghost","floor":16,"turns":9},{"damage":0,"enemies":"Shell Parasite","floor":18,"turns":3},{"damage":0,"enemies":"Chosen","floor":19,"turns":4},{"damage":14,"enemies":"Centurion and Healer","floor":20,"turns":5},{"damage":0,"enemies":"Sentry and Sphere","floor":21,"turns":4},{"damage":26,"enemies":"3 Cultists","floor":22,"turns":5},{"damage":8,"enemies":"Slaver and Parasite","floor":24,"turns":5},{"damage":8,"enemies":"Snecko","floor":25,"turns":5},{"damage":32,"enemies":"Gremlin Leader","floor":27,"turns":8},{"damage":9,"enemies":"Chosen and Byrds","floor":30,"turns":3}],"seed_played":"-4288113669871188657","potions_obtained":[{"floor":3,"key":"Explosive Potion"},{"floor":5,"key":"GamblersBrew"},{"floor":7,"key":"Block Potion"},{"floor":10,"key":"SpeedPotion"},{"floor":14,"key":"Dexterity Potion"},{"floor":19,"key":"Weak Potion"},{"floor":21,"key":"Weak Potion"},{"floor":22,"key":"AttackPotion"},{"floor":27,"key":"PowerPotion"}],"is_trial":false,"path_per_floor":["M","M","M","M","M","R","E","M","T","M","M","?","$","E","R","B",null,"M","M","M","M","M","R","M","M","T","E","?","T"],"character_chosen":"DEFECT","items_purchased":["Molten Egg 2"],"campfire_rested":1,"item_purchase_floors":[13],"current_hp_per_floor":[75,75,75,72,71,71,63,62,62,62,59,59,59,59,59,34,75,75,75,61,61,35,57,49,41,41,9,9,9,0],"gold":296,"neow_bonus":"UPGRADE_CARD","is_prod":false,"is_daily":false,"chose_seed":false,"campfire_upgraded":2,"win_rate":0,"timestamp":1530736452,"path_taken":["M","?","M","M","M","R","E","M","T","M","M","?","$","E","R","BOSS","M","M","M","M","M","R","M","M","T","E","?","?","?"],"build_version":"2018-06-28","purchased_purges":0,"victory":false,"max_hp_per_floor":[75,75,75,75,75,75,75,75,75,75,75,75,75,75,75,75,75,75,75,75,75,75,75,75,75,75,75,75,75,75],"card_choices":[{"not_picked":["Barrage","Stack"],"picked":"Conserve Battery","floor":1},{"not_picked":["Turbo","Recycle","Doom and Gloom"],"picked":"SKIP","floor":2},{"not_picked":["Rebound","Ball Lightning"],"picked":"Melter","floor":3},{"not_picked":["Cold Snap","Reprogram"],"picked":"Lockon","floor":4},{"not_picked":["Chill","Gash"],"picked":"Ball Lightning","floor":5},{"not_picked":["Redo","Stack"],"picked":"Defragment","floor":7},{"not_picked":["Gash","Hyperbeam","Reinforced Body"],"picked":"SKIP","floor":8},{"not_picked":["Streamline","Blizzard"],"picked":"Leap","floor":10},{"not_picked":["Beam Cell","Reprogram","Gash"],"picked":"SKIP","floor":11},{"not_picked":["Steam Power","Undo","Consume"],"picked":"SKIP","floor":14},{"not_picked":["Buffer","Machine Learning"],"picked":"Echo Form","floor":16},{"not_picked":["Skim","Doom and Gloom+1"],"picked":"Conserve Battery","floor":18},{"not_picked":["Turbo","Hologram+1"],"picked":"Capacitor","floor":19},{"not_picked":["Sweeping Beam+1","Beam Cell+1","Steam"],"picked":"SKIP","floor":20},{"not_picked":["Stack","Aggregate","Streamline+1"],"picked":"SKIP","floor":21},{"not_picked":["Streamline+1","Leap"],"picked":"Creative AI","floor":22},{"not_picked":["Barrage+1","Turbo+1"],"picked":"Double Energy","floor":24},{"not_picked":["Steam","Aggregate","Hologram+1"],"picked":"SKIP","floor":25},{"not_picked":["Compile Driver+1","Barrage+1"],"picked":"Go for the Eyes+1","floor":27}],"player_experience":75346,"relics_obtained":[{"floor":7,"key":"Ornamental Fan"},{"floor":9,"key":"Anchor"},{"floor":14,"key":"Potion Belt"},{"floor":26,"key":"Bag of Preparation"},{"floor":27,"key":"Mercury Hourglass"},{"floor":29,"key":"Bottled Flame"}],"event_choices":[{"event_name":"The Woman in Blue","player_choice":"Bought 0 Potions","floor":12,"damage_taken":0},{"event_name":"Forgotten Altar","player_choice":"Smashed Altar","floor":28,"damage_taken":0}],"boss_relics":[{"not_picked":["Runic Pyramid","Busted Crown"],"picked":"Pandora\u0027s Box"}],"items_purged_floors":[],"is_endless":false,"potions_floor_spawned":[3,5,7,10,14,19,21,22,27],"killed_by":"Chosen and Byrds","ascension_level":0}