{"gold_per_floor":[112,112,187,197,44,76,88,88,114,128,140,140,14,14,14,112,112,132,146,160,174,188,204,204,216,297,222,255,255],"floor_reached":29,"playtime":1492,"items_purged":["Strike_B","Strike_B"],"score":274,"play_id":"251a2329-f507-4455-8e00-5c9181e28dab","local_time":"20180715130950","is_ascension_mode":false,"campfire_choices":[{"data":"Defragment","floor":8,"key":"SMITH"},{"floor":15,"key":"REST"},{"data":"Defragment","floor":24,"key":"SMITH"}],"neow_cost":"NONE","seed_source_timestamp":231520652481113,"circlet_count":0,"master_deck":["Strike_B","Strike_B","Defend_B","Defend_B","Zap+1","Dualcast+1","Hologram","Defragment+1","Defragment+1","White Noise","Redo","Capacitor","Chill","Conserve Battery","Amplify","Redo","BootSequence","Coolheaded","Ball Lightning","Echo Form","Beam Cell+1","Sunder+1","Self Repair","Cold Snap","Steam+1"],"relics":["Cracked Core","NeowsBlessing","War Paint","Strawberry","Letter Opener","Orrery","Bottled Tornado","Kunai"],"potions_floor_usage":[20,28],"damage_taken":[{"damage":0,"enemies":"Cultist","floor":1,"turns":1},{"damage":0,"enemies":"Jaw Worm","floor":4,"turns":1},{"damage":0,"enemies":"Gremlin Nob","floor":6,"turns":1},{"damage":4,"enemies":"Small Slimes","floor":7,"turns":2},{"damage":8,"enemies":"Red Slaver","floor":10,"turns":3},{"damage":18,"enemies":"Large Slime","floor":11,"turns":4},{"damage":3,"enemies":"Slime Boss","floor":16,"turns":5},{"damage":0,"enemies":"Chosen","floor":18,"turns":4},{"damage":7,"enemies":"Shell Parasite","floor":19,"turns":8},{"damage":0,"enemies":"Centurion and Healer","floor":20,"turns":8},{"damage":31,"enemies":"3 Cultists","floor":21,"turns":4},{"damage":17,"enemies":"Snake Plant","floor":22,"turns":4},{"damage":0,"enemies":"Centurion and Healer","floor":23,"turns":10},{"damage":2,"enemies":"Cultist and Chosen","floor":25,"turns":8},{"damage":34,"enemies":"Gremlin Leader","floor":28,"turns":7},{"damage":21,"enemies":"Snake Plant","floor":29,"turns":2}],"seed_played":"-5099361846065809107","potions_obtained":[{"floor":1,"key":"SkillPotion"},{"floor":6,"key":"Energy Potion"},{"floor":7,"key":"Ancient Potion"},{"floor":21,"key":"Explosive Potion"}],"is_trial":false,"path_per_floor":["M","?","?","M","$","E","M","R","T","M","M","?","$","?","R","B",null,"M","M","M","M","M","M","R","M","T","?","E"],"character_chosen":"DEFECT","items_purchased":["Defragment","Conserve Battery"],"campfire_rested":1,"item_purchase_floors":[5,13],"current_hp_per_floor":[75,75,64,64,64,64,60,60,67,59,41,38,38,38,62,59,82,82,75,75,44,34,41,41,46,46,46,19,0],"gold":255,"neow_bonus":"THREE_ENEMY_KILL","is_prod":false,"is_daily":false,"chose_seed":false,"campfire_upgraded":2,"win_rate":0.0,"timestamp":1531627790,"path_taken":["M","?","?","M","$","E","M","R","T","M","M","?","$","?","R","BOSS","M","?","M","?","M","M","R","?","T","?","E","M"],"build_version":"2018-07-12","purchased_purges":2,"victory":false,"max_hp_per_floor":[75,75,75,75,75,75,75,75,82,82,82,82,82,82,82,82,82,82,82,82,82,82,82,82,82,82,82,82,82],"card_choices":[{"not_picked":["Tempest","Sweeping Beam"],"picked":"Hologram","floor":1},{"not_picked":["Rebound","Double Energy"],"picked":"Defragment","floor":4},{"not_picked":["Stack","Rebound"],"picked":"White Noise","floor":6},{"not_picked":["Loop","Barrage"],"picked":"Redo","floor":7},{"not_picked":["Coolheaded","Ball Lightning"],"picked":"Capacitor","floor":10},{"not_picked":["Storm","Hologram"],"picked":"Chill","floor":11},{"not_picked":["All For One","Echo Form"],"picked":"Amplify","floor":16},{"not_picked":["Conserve Battery","Turbo"],"picked":"Redo","floor":17},{"not_picked":["Rebound","Darkness"],"picked":"BootSequence","floor":17},{"not_picked":["Streamline","Leap"],"picked":"Coolheaded","floor":17},{"not_picked":["Leap","Redo"],"picked":"Ball Lightning","floor":17},{"not_picked":["Hologram","Redo"],"picked":"Echo Form","floor":17},{"not_picked":["Scrape","Chill+1"],"picked":"Beam Cell+1","floor":18},{"not_picked":["Barrage+1","Tempest"],"picked":"Sunder+1","floor":19},{"not_picked":["BootSequence","Turbo","Genetic Algorithm"],"picked":"SKIP","floor":20},{"not_picked":["Rebound+1","Force Field"],"picked":"Self Repair","floor":21},{"not_picked":["Double Energy","Hologram"],"picked":"Cold Snap","floor":22},{"not_picked":["Sweeping Beam","Doom and Gloom+1","Fusion"],"picked":"SKIP","floor":23},{"not_picked":["Sweeping Beam","Steam","Streamline"],"picked":"SKIP","floor":25},{"not_picked":["Sunder","Redo"],"picked":"Steam+1","floor":28}],"player_experience":160725,"relics_obtained":[{"floor":6,"key":"War Paint"},{"floor":9,"key":"Strawberry"},{"floor":26,"key":"Bottled Tornado"},{"floor":28,"key":"Kunai"}],"event_choices":[{"event_name":"Bonfire Elementals","player_choice":"BASIC","floor":2,"damage_taken":0},{"event_name":"World of Goop","player_choice":"Gather Gold","floor":3,"damage_taken":0},{"event_name":"Scrap Ooze","player_choice":"success","floor":12,"damage_taken":3},{"event_name":"The Cleric","player_choice":"Leave","floor":14,"damage_taken":0},{"event_name":"Beggar","player_choice":"Gave Gold","floor":27,"damage_taken":0}],"boss_relics":[{"not_picked":["FrozenCore","Tiny House"],"picked":"Orrery"}],"items_purged_floors":[5,13],"is_endless":false,"potions_floor_spawned":[1,6,7,11,19,21,25],"killed_by":"Snake Plant","ascension_level":0}