{"gold_per_floor":[144,144,419,432,445,445,462,472,496,70,87,102,102,120,120,222,272,287,212,127,171,194,206,13,13,37,48,59,59,59,93,93,194,194,205,205,220,220,237,237,459,459,459,459,474,84,84,136,136,136],"floor_reached":51,"playtime":2953,"items_purged":["Regret","Writhe"],"score":889,"play_id":"27c7509b-6fed-4392-911b-5d10ab2697ee","local_time":"20190531221024","is_ascension_mode":true,"campfire_choices":[{"data":"Inflame","floor":6.0,"key":"SMITH"},{"data":"Entrench","floor":13.0,"key":"SMITH"},{"data":"Shrug It Off","floor":15.0,"key":"SMITH"},{"data":"Metallicize","floor":23.0,"key":"SMITH"},{"floor":25.0,"key":"REST"},{"floor":30.0,"key":"REST"},{"data":"Shrug It Off","floor":32.0,"key":"SMITH"},{"data":"Demon Form","floor":40.0,"key":"SMITH"},{"data":"Perfected Strike","floor":42.0,"key":"SMITH"},{"data":"Bludgeon","floor":44.0,"key":"SMITH"},{"floor":47.0,"key":"REST"},{"floor":49.0,"key":"REST"}],"neow_cost":"NONE","seed_source_timestamp":219287009203200,"circlet_count":0,"master_deck":["Strike_R","Strike_R+1","Strike_R+1","Strike_R","Strike_R","Defend_R","Defend_R","Defend_R","Defend_R","Bash","Cleave+1","Inflame+1","Iron Wave","Twin Strike","Metallicize+1","Feed","Entrench+1","Shrug It Off+1","Bludgeon+1","Flame Barrier","Rage","Pommel Strike+1","Perfected Strike+1","Shrug It Off+1","Anger+1","Shrug It Off","Double Tap","Demon Form+1","Shrug It Off+1","Jack Of All Trades","Body Slam+1","Warcry+1","Seeing Red"],"special_seed":0,"relics":["Burning Blood","Tiny Chest","Centennial Puzzle","Happy Flower","Pen Nib","Potion Belt","Tiny House","MawBank","Red Mask","Lantern","Red Skull","Mercury Hourglass","WingedGreaves","Lizard Tail","Letter Opener","Whetstone","PreservedInsect"],"potions_floor_usage":[50,50],"damage_taken":[{"damage":4.0,"enemies":"2 Louse","floor":1.0,"turns":3.0},{"damage":6.0,"enemies":"Small Slimes","floor":4.0,"turns":2.0},{"damage":6.0,"enemies":"Cultist","floor":5.0,"turns":3.0},{"damage":16.0,"enemies":"2 Fungi Beasts","floor":7.0,"turns":3.0},{"damage":24.0,"enemies":"Large Slime","floor":8.0,"turns":6.0},{"damage":12.0,"enemies":"Looter","floor":11.0,"turns":3.0},{"damage":3.0,"enemies":"Exordium Wildlife","floor":12.0,"turns":3.0},{"damage":7.0,"enemies":"2 Fungi Beasts","floor":14.0,"turns":3.0},{"damage":24.0,"enemies":"The Guardian","floor":16.0,"turns":11.0},{"damage":29.0,"enemies":"Chosen","floor":18.0,"turns":6.0},{"damage":24.0,"enemies":"Masked Bandits","floor":21.0,"turns":4.0},{"damage":16.0,"enemies":"Shell Parasite","floor":22.0,"turns":6.0},{"damage":14.0,"enemies":"Snake Plant","floor":27.0,"turns":4.0},{"damage":0.0,"enemies":"Snecko","floor":28.0,"turns":4.0},{"damage":22.0,"enemies":"Slavers","floor":31.0,"turns":6.0},{"damage":60.0,"enemies":"Automaton","floor":33.0,"turns":11.0},{"damage":34.0,"enemies":"3 Darklings","floor":35.0,"turns":6.0},{"damage":11.0,"enemies":"Orb Walker","floor":37.0,"turns":5.0},{"damage":36.0,"enemies":"3 Darklings","floor":39.0,"turns":6.0},{"damage":16.0,"enemies":"Spire Growth","floor":45.0,"turns":5.0},{"damage":143,"enemies":"Awakened One","floor":50,"turns":13}],"seed_played":"3133235587454141603","potions_obtained":[{"floor":5.0,"key":"Dexterity Potion"},{"floor":7.0,"key":"FairyPotion"},{"floor":8.0,"key":"Weak Potion"},{"floor":12.0,"key":"SkillPotion"},{"floor":16.0,"key":"SpeedPotion"},{"floor":17.0,"key":"GamblersBrew"},{"floor":18.0,"key":"Energy Potion"},{"floor":28.0,"key":"GamblersBrew"},{"floor":31.0,"key":"Dexterity Potion"},{"floor":37.0,"key":"Block Potion"},{"floor":39.0,"key":"Fire Potion"},{"floor":45.0,"key":"SteroidPotion"}],"is_trial":false,"path_per_floor":["M","?","?","M","M","R","M","M","T","$","M","M","R","M","R","B",null,"M","?","?","?","M","R","$","R","T","M","M","T","R","E","R","B",null,"M","?","M","?","M","R","?","R","T","R","M","$","R","T","R","B",null],"character_chosen":"IRONCLAD","items_purchased":["Pen Nib","Potion Belt","Energy Potion","Lantern","Shrug It Off","Whetstone","Seeing Red","SkillPotion","SpeedPotion"],"campfire_rested":4,"item_purchase_floors":[10,10,10,24,24,46,46,46,46],"current_hp_per_floor":[74,74,74,74,74,74,64,46,46,46,40,46,46,48,48,30,77,54,54,54,39,29,29,29,57,57,49,55,55,83,70,70,16,77,52,77,72,72,42,42,42,42,42,42,32,32,62,62,92,56],"gold":136,"neow_bonus":"RANDOM_COMMON_RELIC","is_prod":false,"is_daily":false,"chose_seed":false,"campfire_upgraded":8,"win_rate":0,"timestamp":1559365824,"path_taken":["M","?","?","M","M","R","M","M","T","$","M","M","R","?","R","BOSS","M","?","?","?","M","R","$","R","T","M","M","?","R","E","R","BOSS","M","?","M","?","M","R","?","R","T","R","M","$","R","?","R","BOSS"],"build_version":"2019-01-23","purchased_purges":2,"victory":true,"max_hp_per_floor":[80,80,80,80,80,80,80,80,80,80,80,83,83,86,86,86,91,91,91,91,94,94,94,94,94,94,94,94,94,94,97,97,97,97,100,100,100,100,100,100,100,100,100,100,100,100,100,100,100,100],"card_choices":[{"not_picked":["True Grit","Anger"],"picked":"Cleave","floor":1.0},{"not_picked":["Evolve","Body Slam"],"picked":"Inflame","floor":4.0},{"not_picked":["Battle Trance","Body Slam"],"picked":"Iron Wave","floor":5.0},{"not_picked":["Reckless Charge","Flex"],"picked":"Twin Strike","floor":7.0},{"not_picked":["Anger","Clothesline"],"picked":"Metallicize","floor":8.0},{"not_picked":["Rage","Anger"],"picked":"Feed","floor":11.0},{"not_picked":["Fire Breathing","Flame Barrier"],"picked":"Entrench","floor":12.0},{"not_picked":["Hemokinesis","Flex"],"picked":"Shrug It Off","floor":14.0},{"not_picked":["Offering","Dark Embrace"],"picked":"Bludgeon","floor":16.0},{"not_picked":["Dropkick","Clothesline"],"picked":"Flame Barrier","floor":17.0},{"not_picked":["Battle Trance","Corruption"],"picked":"Rage","floor":18.0},{"not_picked":["Heavy Blade+1","True Grit"],"picked":"Pommel Strike+1","floor":21.0},{"not_picked":["Twin Strike+1","Whirlwind"],"picked":"Perfected Strike","floor":22.0},{"not_picked":["Heavy Blade","Whirlwind"],"picked":"Anger+1","floor":27.0},{"not_picked":["Thunderclap","Flex+1"],"picked":"Shrug It Off","floor":28.0},{"not_picked":["Disarm+1","Combust"],"picked":"Double Tap","floor":31.0},{"not_picked":["Double Tap","Juggernaut"],"picked":"Demon Form","floor":33.0},{"not_picked":["Seeing Red","Anger+1"],"picked":"Shrug It Off+1","floor":35.0},{"not_picked":["Pommel Strike+1","Evolve+1","Sentinel"],"picked":"SKIP","floor":37.0},{"not_picked":["Thinking Ahead","Transmutation"],"picked":"Jack Of All Trades","floor":38.0},{"not_picked":["Clash","Wild Strike+1"],"picked":"Body Slam+1","floor":39.0},{"not_picked":["Flex","Metallicize"],"picked":"Warcry+1","floor":45.0}],"player_experience":193364,"relics_obtained":[{"floor":9.0,"key":"Happy Flower"},{"floor":21.0,"key":"Red Mask"},{"floor":26.0,"key":"Red Skull"},{"floor":29.0,"key":"Mercury Hourglass"},{"floor":31.0,"key":"WingedGreaves"},{"floor":43.0,"key":"Letter Opener"},{"floor":48.0,"key":"PreservedInsect"}],"event_choices":[{"damage_healed":0.0,"max_hp_gain":0.0,"max_hp_loss":0.0,"gold_gain":0.0,"event_name":"Big Fish","player_choice":"Box","floor":2.0,"gold_loss":0.0,"damage_taken":0.0,"relics_obtained":["Centennial Puzzle"],"cards_obtained":["Regret"]},{"damage_healed":0.0,"max_hp_gain":0.0,"max_hp_loss":0.0,"gold_gain":275.0,"event_name":"Golden Shrine","player_choice":"Desecrate","floor":3.0,"gold_loss":0.0,"damage_taken":0.0,"cards_obtained":["Regret"]},{"cards_removed":["Regret"],"damage_healed":0.0,"max_hp_gain":0.0,"max_hp_loss":0.0,"gold_gain":0.0,"event_name":"Beggar","player_choice":"Gave Gold","floor":19.0,"gold_loss":75.0,"damage_taken":0.0},{"damage_healed":0.0,"max_hp_gain":0.0,"max_hp_loss":0.0,"gold_gain":0.0,"event_name":"Addict","player_choice":"Obtained Relic","floor":20.0,"gold_loss":85.0,"damage_taken":0.0,"relics_obtained":["MawBank"]},{"damage_healed":0.0,"max_hp_gain":0.0,"max_hp_loss":0.0,"gold_gain":0.0,"event_name":"Masked Bandits","player_choice":"Fought Bandits","floor":21.0,"gold_loss":0.0,"damage_taken":0.0},{"damage_healed":25.0,"max_hp_gain":0.0,"max_hp_loss":0.0,"gold_gain":0.0,"event_name":"Winding Halls","player_choice":"Writhe","floor":36.0,"gold_loss":0.0,"damage_taken":0.0,"cards_obtained":["Writhe"]},{"damage_healed":0.0,"max_hp_gain":0.0,"max_hp_loss":0.0,"gold_gain":0.0,"event_name":"SensoryStone","player_choice":"Memory 1","floor":38.0,"gold_loss":0.0,"damage_taken":0.0},{"damage_healed":0.0,"max_hp_gain":0.0,"max_hp_loss":0.0,"gold_gain":222.0,"event_name":"Tomb of Lord Red Mask","player_choice":"Wore Mask","floor":41.0,"gold_loss":0.0,"damage_taken":0.0}],"is_beta":false,"boss_relics":[{"not_picked":["White Beast Statue","Calling Bell"],"picked":"Tiny House"},{"not_picked":["Fusion Hammer","Black Blood"],"picked":"Lizard Tail"}],"items_purged_floors":[10,46],"is_endless":false,"potions_floor_spawned":[5,7,8,12,16,18,28,31,37,39,45],"ascension_level":6}