{"gold_per_floor":[144,94,269,239,249,280,280,78,101,101,116,16,28,51,51,154,154,165,183,58,58,58,84,84,84,109,109],"floor_reached":27,"playtime":772,"items_purged":["Doubt","Normality","Strike_G"],"score":272,"play_id":"b1e086a2-2374-43d5-9457-c789713f801e","local_time":"20180628222138","is_ascension_mode":false,"campfire_choices":[{"floor":7,"key":"REST"},{"floor":15,"key":"REST"},{"floor":24,"key":"REST"}],"neow_cost":"NONE","seed_source_timestamp":17332096023018,"circlet_count":0,"master_deck":["Defend_G","Defend_G","Defend_G","Defend_G","Strike_G","Strike_G","Strike_G","Strike_G+1","Survivor","Neutralize","Footwork","All Out Attack","Backstab","Footwork","Noxious Fumes","Backflip","Dagger Spray","Distraction","Adrenaline","Dagger Throw","Decay","Riddle With Holes+1"],"special_seed":17710,"relics":["Tiny House","Orichalcum","Potion Belt","Vajra","Dream Catcher","White Beast Statue","Smiling Mask","Pen Nib"],"potions_floor_usage":[16,16,23,25,27],"damage_taken":[{"damage":0,"enemies":"Small Slimes","floor":1,"turns":5},{"damage":0,"enemies":"2 Louse","floor":5,"turns":2},{"damage":62,"enemies":"Lagavulin","floor":6,"turns":10},{"damage":3,"enemies":"Jaw Worm","floor":11,"turns":2},{"damage":0,"enemies":"Looter","floor":13,"turns":4},{"damage":57,"enemies":"Hexaghost","floor":16,"turns":13},{"damage":4,"enemies":"3 Byrds","floor":18,"turns":6},{"damage":24,"enemies":"Chosen","floor":19,"turns":6},{"damage":81,"enemies":"Book of Stabbing","floor":23,"turns":8},{"damage":0,"enemies":"Gremlin Leader","floor":25,"turns":3},{"damage":28,"enemies":"Snake Plant","floor":27,"turns":5}],"seed_played":"-3168903296583698348","potions_obtained":[{"floor":0,"key":"FairyPotion"},{"floor":4,"key":"SmokeBomb"},{"floor":4,"key":"FairyPotion"},{"floor":13,"key":"SteroidPotion"},{"floor":16,"key":"FairyPotion"},{"floor":18,"key":"FairyPotion"},{"floor":19,"key":"SkillPotion"},{"floor":23,"key":"PowerPotion"}],"is_trial":false,"path_per_floor":["M","?","?","?","M","E","R","$","T","?","M","$","M","T","R","B",null,"M","M","$","?","?","E","R","E","T"],"character_chosen":"THE_SILENT","items_purchased":["Noxious Fumes","Backflip"],"campfire_rested":3,"item_purchase_floors":[8,8],"current_hp_per_floor":[75,75,75,75,75,13,35,35,35,35,32,32,32,32,54,7,75,71,47,47,47,47,1,23,23,23,0],"gold":109,"neow_bonus":"BOSS_RELIC","is_prod":false,"is_daily":false,"chose_seed":false,"campfire_upgraded":0,"win_rate":0,"timestamp":1530217298,"path_taken":["M","?","?","?","M","E","R","$","T","?","?","$","M","?","R","BOSS","M","M","$","?","?","E","R","E","T","M"],"build_version":"2018-06-21v2","purchased_purges":3,"victory":false,"max_hp_per_floor":[75,75,75,75,75,75,75,75,75,75,75,75,75,75,75,75,75,75,75,75,75,75,75,75,75,75,75],"card_choices":[{"not_picked":["Cloak And Dagger","Deflect"],"picked":"Footwork","floor":0},{"not_picked":["PiercingWail","Acrobatics"],"picked":"All Out Attack","floor":1},{"not_picked":["Riddle With Holes","Underhanded Strike"],"picked":"Backstab","floor":5},{"not_picked":["Poisoned Stab","Adrenaline"],"picked":"Footwork","floor":6},{"not_picked":["Flechettes","Distraction","Outmaneuver"],"picked":"SKIP","floor":11},{"not_picked":["Bane","Deadly Poison"],"picked":"Dagger Spray","floor":13},{"not_picked":["Dagger Throw","Quick Slash"],"picked":"Distraction","floor":15},{"not_picked":["Burst","Storm of Steel"],"picked":"Adrenaline","floor":16},{"not_picked":["Outmaneuver","Acrobatics+1","Flying Knee"],"picked":"SKIP","floor":18},{"not_picked":["Acrobatics","Accuracy"],"picked":"Dagger Throw","floor":19},{"not_picked":["Deadly Poison+1","Backflip"],"picked":"Riddle With Holes+1","floor":23}],"player_experience":54618,"relics_obtained":[{"floor":6,"key":"Orichalcum"},{"floor":9,"key":"Potion Belt"},{"floor":14,"key":"Dream Catcher"},{"floor":23,"key":"Smiling Mask"},{"floor":26,"key":"Pen Nib"}],"event_choices":[{"event_name":"The Cleric","player_choice":"Card Removal","floor":2,"damage_taken":0},{"event_name":"Liars Game","player_choice":"agreed","floor":3,"damage_taken":0},{"event_name":"The Woman in Blue","player_choice":"Bought 2 Potions","floor":4,"damage_taken":0},{"event_name":"Accursed Blacksmith","player_choice":"Rummage","floor":10,"damage_taken":0},{"event_name":"Drug Dealer","player_choice":"Ignored","floor":21,"damage_taken":0},{"event_name":"Wheel of Change","player_choice":"Curse","floor":22,"damage_taken":0}],"boss_relics":[{"not_picked":["Busted Crown","Sozu"],"picked":"White Beast Statue"}],"items_purged_floors":[8,12,20],"is_endless":false,"potions_floor_spawned":[5,6,13,16,18,19,23,25],"killed_by":"Snake Plant","ascension_level":0}