{"gold_per_floor":[113,113,113,133,133,133,149,21,21,42,42,42,42,56,56,182,182,203,203,203,12,35,74,121,133],"floor_reached":25,"playtime":1056,"items_purged":["Strike_B","Aggregate"],"score":334,"play_id":"51e81a90-b6e7-4a39-8df7-b0f3351c4bb5","local_time":"20190511225012","is_ascension_mode":true,"campfire_choices":[{"floor":6,"key":"REST"},{"data":"Double Energy","floor":11,"key":"SMITH"},{"floor":13,"key":"REST"},{"floor":15,"key":"REST"}],"neow_cost":"NONE","seed_source_timestamp":513230039677543,"circlet_count":0,"master_deck":["AscendersBane","Zap+1","Dualcast","Glacier","Streamline","Conserve Battery","Double Energy+1","Machine Learning","Scrape","Streamline","Redo","Rebound","Double Energy","Scrape","Impatience"],"relics":["Cracked Core","Golden Idol","Dodecahedron","Pandora\u0027s Box","Dream Catcher","MawBank"],"potions_floor_usage":[14,16,23,25],"damage_taken":[{"damage":0,"enemies":"Cultist","floor":1,"turns":3},{"damage":4,"enemies":"2 Louse","floor":4,"turns":3},{"damage":0,"enemies":"Small Slimes","floor":7,"turns":3},{"damage":5,"enemies":"2 Fungi Beasts","floor":10,"turns":3},{"damage":18,"enemies":"Exordium Thugs","floor":14,"turns":5},{"damage":45,"enemies":"The Guardian","floor":16,"turns":16},{"damage":3,"enemies":"Spheric Guardian","floor":18,"turns":5},{"damage":17,"enemies":"Colosseum Slavers","floor":20,"turns":5},{"damage":5,"enemies":"Chosen","floor":22,"turns":4},{"damage":31,"enemies":"Gremlin Leader","floor":23,"turns":5},{"damage":14,"enemies":"Shelled Parasite and Fungi","floor":25,"turns":1}],"seed_played":"-5390319748545757302","potions_obtained":[{"floor":7,"key":"Energy Potion"},{"floor":14,"key":"Strength Potion"},{"floor":16,"key":"FocusPotion"},{"floor":22,"key":"PowerPotion"}],"is_trial":false,"path_per_floor":["M","?","?","M","?","R","M","$","T","M","R","?","R","M","R","B",null,"M","?","?","$","M","E","T","M"],"character_chosen":"DEFECT","items_purchased":["Conserve Battery","Impatience"],"campfire_rested":3,"item_purchase_floors":[8,21],"current_hp_per_floor":[68,68,68,64,46,68,68,68,68,63,63,63,75,57,75,30,64,61,61,44,44,39,8,8,0],"gold":133,"neow_bonus":"UPGRADE_CARD","is_prod":false,"is_daily":false,"chose_seed":false,"campfire_upgraded":1,"win_rate":0,"timestamp":1557640212,"path_taken":["M","?","?","M","?","R","M","$","T","M","R","?","R","M","R","BOSS","M","?","?","$","M","E","?","M"],"build_version":"2019-01-23","purchased_purges":2,"victory":false,"max_hp_per_floor":[75,75,75,75,75,75,75,75,75,75,75,75,75,75,75,75,75,75,75,75,75,75,75,75,75],"card_choices":[{"not_picked":["Hologram","Steam","Go for the Eyes"],"picked":"SKIP","floor":1},{"not_picked":["Undo","Force Field"],"picked":"Glacier","floor":4},{"not_picked":["Aggregate","Gash"],"picked":"Streamline","floor":7},{"not_picked":["Gash","Leap"],"picked":"Double Energy","floor":10},{"not_picked":["Sweeping Beam","Recycle","Coolheaded"],"picked":"SKIP","floor":14},{"not_picked":["Electrodynamics","Thunder Strike"],"picked":"Machine Learning","floor":16},{"not_picked":["Conserve Battery","Skim"],"picked":"Scrape","floor":18},{"not_picked":["Redo","Compile Driver","Cold Snap"],"picked":"SKIP","floor":22},{"not_picked":["Stack","Reinforced Body","Sweeping Beam"],"picked":"SKIP","floor":23}],"player_experience":480553,"relics_obtained":[{"floor":9,"key":"Dodecahedron"},{"floor":23,"key":"Dream Catcher"},{"floor":24,"key":"MawBank"}],"event_choices":[{"damage_healed":0,"gold_gain":0,"player_choice":"Ignored","damage_taken":0,"max_hp_gain":0,"max_hp_loss":0,"event_name":"Shining Light","floor":2,"gold_loss":0},{"damage_healed":0,"gold_gain":0,"player_choice":"Ignored","damage_taken":0,"max_hp_gain":0,"max_hp_loss":0,"event_name":"Liars Game","floor":3,"gold_loss":0},{"damage_healed":0,"gold_gain":0,"player_choice":"Take Damage","damage_taken":18,"relics_obtained":["Golden Idol"],"max_hp_gain":0,"max_hp_loss":0,"event_name":"Golden Idol","floor":5,"gold_loss":0},{"cards_removed":["Strike_B"],"damage_healed":0,"gold_gain":0,"player_choice":"Offered Basic","damage_taken":0,"max_hp_gain":0,"max_hp_loss":0,"event_name":"Bonfire Elementals","floor":12,"gold_loss":0},{"damage_healed":0,"gold_gain":0,"player_choice":"Ignored","damage_taken":0,"max_hp_gain":0,"max_hp_loss":0,"event_name":"Vampires","floor":19,"gold_loss":0},{"damage_healed":0,"gold_gain":0,"player_choice":"Fight","damage_taken":0,"max_hp_gain":0,"max_hp_loss":0,"event_name":"Colosseum","floor":20,"gold_loss":0},{"damage_healed":0,"gold_gain":0,"player_choice":"Fled From Nobs","damage_taken":0,"max_hp_gain":0,"max_hp_loss":0,"event_name":"Colosseum","floor":20,"gold_loss":0}],"is_beta":false,"boss_relics":[{"not_picked":["Ectoplasm","FrozenCore"],"picked":"Pandora\u0027s Box"}],"items_purged_floors":[8,21],"is_endless":false,"potions_floor_spawned":[7,14,16,22],"killed_by":"Shelled Parasite and Fungi","ascension_level":12}