{"gold_per_floor":[110,110,110,110,35,35,35,71,120,120,160,172,207,232,244,384,396,431,443,455,467,498,510,522,572,607,663,675,722,734,760,772,915,927,962,1099,1111,1162,1187,1199,1211,1223,1261,1303,1315,1327,1339,1371,1383,1526,1538,1569,1291,1331,1331,1331,1331,1331,1331,1356,1356,1396,1434,1434,1280,1280,1410,1410,1434,1266,1282,1313,1238,1238,867,867,910,910,627,726,726,750,750,869,869,884,884,92,135,63,63,63,63,107,176,195,235,195,118,118,242,242],"floor_reached":102,"playtime":3198,"items_purged":["Demon Form"],"score":2865,"play_id":"9aa01c8d-9204-4e79-b79e-05dc1e5897e2","local_time":"20190330015820","daily_mods":["Draft","Heirloom","Flight","DeadlyEvents"],"is_ascension_mode":false,"campfire_choices":[{"data":"Defragment","floor":6.0,"key":"SMITH"},{"floor":7.0,"key":"DIG"},{"floor":10.0,"key":"DIG"},{"floor":12.0,"key":"DIG"},{"data":"White Noise","floor":15.0,"key":"SMITH"},{"floor":23.0,"key":"DIG"},{"floor":24.0,"key":"DIG"},{"floor":28.0,"key":"DIG"},{"floor":30.0,"key":"DIG"},{"floor":32.0,"key":"DIG"},{"floor":40.0,"key":"DIG"},{"floor":41.0,"key":"DIG"},{"floor":42.0,"key":"DIG"},{"floor":44.0,"key":"DIG"},{"floor":47,"key":"DIG"},{"floor":49,"key":"DIG"},{"floor":57,"key":"DIG"},{"floor":58,"key":"DIG"},{"floor":59,"key":"DIG"},{"floor":61,"key":"DIG"},{"floor":64,"key":"DIG"},{"data":"White Noise","floor":66,"key":"SMITH"},{"floor":74,"key":"DIG"},{"floor":76,"key":"DIG"},{"floor":78,"key":"DIG"},{"floor":81,"key":"DIG"},{"floor":83,"key":"DIG"},{"floor":91,"key":"DIG"},{"data":"1","floor":92,"key":"LIFT"},{"data":"2","floor":93,"key":"LIFT"},{"data":"3","floor":100,"key":"LIFT"}],"neow_cost":"","seed_source_timestamp":703466869737071,"circlet_count":0,"master_deck":["Wraith Form v2","Echo Form","Glacier","Gash","Cold Snap","Defragment+1","Recycle","Coolheaded","Conserve Battery","Gash","Rebound","FTL","Undo","Consume","Gash+1","Hologram+1","White Noise+1","Electrodynamics","Gash+1","Scrape","Gash","Go for the Eyes","Hologram+1","Capacitor+1","PanicButton","Gash","Go for the Eyes+1","Amplify","Flash of Steel","Go for the Eyes","Beam Cell","Electrodynamics","White Noise+1","Echo Form+1","All For One+1","Beam Cell+1","Beam Cell","Capacitor+1","Aggregate+1","Blizzard+1","White Noise+1","Storm+1","Coolheaded+1","Seek+1","FTL","Scrape+1","Panache+1","Beam Cell+1","Beam Cell+1","Creative AI+1"],"special_seed":0,"relics":["FrozenCore","Shovel","Golden Idol","Bag of Marbles","Letter Opener","Pen Nib","Meat on the Bone","MawBank","Potion Belt","MutagenicStrength","Vajra","Bronze Scales","Whetstone","Lantern","Anchor","Singing Bowl","Orichalcum","Gremlin Horn","Dodecahedron","Runic Dome","Dead Branch","Nunchaku","Bottled Lightning","Bag of Preparation","Happy Flower","Art of War","Tiny Chest","Strawberry","DataDisk","Sozu","Membership Card","Frozen Egg 2","Smiling Mask","Ginger","Ancient Tea Set","Blood Vial","StoneCalendar","Omamori","Centennial Puzzle","Astrolabe","Kunai","Red Mask","Cables","Torii","Question Card","Chemical X","Prayer Wheel","Mercury Hourglass","Mummified Hand","Matryoshka","The Courier","Sundial","Busted Crown","Molten Egg 2","Bottled Tornado","Thread and Needle","Girya","Unceasing Top","Turnip","Ice Cream","FossilizedHelix","Incense Burner","Runic Capacitor","Calling Bell"],"potions_floor_usage":[],"damage_taken":[{"damage":3.0,"enemies":"2 Louse","floor":1.0,"turns":2.0},{"damage":6.0,"enemies":"Lagavulin","floor":8.0,"turns":8.0},{"damage":12.0,"enemies":"3 Sentries","floor":11.0,"turns":5.0},{"damage":3.0,"enemies":"Small Slimes","floor":13.0,"turns":3.0},{"damage":0.0,"enemies":"Jaw Worm","floor":14.0,"turns":3.0},{"damage":6.0,"enemies":"Slime Boss","floor":16.0,"turns":13.0},{"damage":1.0,"enemies":"Shell Parasite","floor":18.0,"turns":5.0},{"damage":27.0,"enemies":"2 Thieves","floor":22.0,"turns":4.0},{"damage":16.0,"enemies":"Gremlin Leader","floor":25.0,"turns":7.0},{"damage":7.0,"enemies":"Slavers","floor":27.0,"turns":4.0},{"damage":0.0,"enemies":"Book of Stabbing","floor":29.0,"turns":4.0},{"damage":6.0,"enemies":"Centurion and Healer","floor":31.0,"turns":4.0},{"damage":0.0,"enemies":"Champ","floor":33.0,"turns":8.0},{"damage":0.0,"enemies":"3 Shapes","floor":35.0,"turns":3.0},{"damage":0.0,"enemies":"Mind Bloom Boss Battle","floor":36.0,"turns":4.0},{"damage":27.0,"enemies":"Nemesis","floor":38.0,"turns":5.0},{"damage":2.0,"enemies":"3 Darklings","floor":39.0,"turns":3.0},{"damage":0,"enemies":"4 Shapes","floor":48,"turns":3},{"damage":0,"enemies":"Donu and Deca","floor":50,"turns":7},{"damage":0,"enemies":"Cultist","floor":52,"turns":1},{"damage":0,"enemies":"3 Sentries","floor":54,"turns":3},{"damage":8,"enemies":"Gremlin Nob","floor":62,"turns":3},{"damage":0,"enemies":"3 Sentries","floor":63,"turns":4},{"damage":50,"enemies":"Hexaghost","floor":67,"turns":4},{"damage":0,"enemies":"3 Byrds","floor":69,"turns":2},{"damage":0,"enemies":"Chosen","floor":71,"turns":3},{"damage":0,"enemies":"Masked Bandits","floor":72,"turns":2},{"damage":0,"enemies":"Book of Stabbing","floor":77,"turns":3},{"damage":0,"enemies":"Snake Plant","floor":82,"turns":2},{"damage":24,"enemies":"Collector","floor":84,"turns":4},{"damage":0,"enemies":"3 Shapes","floor":86,"turns":1},{"damage":0,"enemies":"Reptomancer","floor":89,"turns":1},{"damage":0,"enemies":"Giant Head","floor":94,"turns":1},{"damage":0,"enemies":"2 Orb Walkers","floor":95,"turns":1},{"damage":0,"enemies":"Orb Walker","floor":96,"turns":1},{"damage":0,"enemies":"Nemesis","floor":97,"turns":1},{"damage":0,"enemies":"Donu and Deca","floor":101,"turns":2}],"seed_played":"5870152397380056954","potions_obtained":[{"floor":11.0,"key":"FearPotion"},{"floor":13.0,"key":"Fire Potion"},{"floor":16.0,"key":"EssenceOfSteel"},{"floor":22.0,"key":"Dexterity Potion"},{"floor":31.0,"key":"FairyPotion"},{"floor":33.0,"key":"GamblersBrew"},{"floor":39.0,"key":"FocusPotion"},{"floor":50,"key":"SkillPotion"}],"is_trial":true,"path_per_floor":["M","?","?","?","$","R","R","E","T","R","E","R","M","M","R","B",null,"M","?","$","?","M","R","R","E","T","E","R","E","R","M","R","B",null,"M","?","?","E","M","R","R","R","T","R","$","?","R","M","R","B",null,"M","$","E","?","?","R","R","R","T","R","E","E","R","$","R","B",null,"M","$","M","?","?","R","$","R","E","R","$","?","R","M","R","B",null,"M","?","$","E","$","R","R","R","E","?","M","E","?","$","R","B",null],"character_chosen":"DEFECT","items_purchased":["Membership Card","Flash of Steel","Go for the Eyes","Beam Cell","Omamori","Centennial Puzzle","Kunai","Capacitor+1","Torii","Question Card","Chemical X","Mummified Hand","Matryoshka","Storm+1","Molten Egg 2","Bottled Tornado","Thread and Needle","Girya","Unceasing Top","Turnip","Ice Cream","Panache+1","Runic Capacitor"],"campfire_rested":0,"item_purchase_floors":[53,53,53,53,65,65,70,70,75,75,75,79,79,79,88,88,88,88,88,88,88,90,99],"current_hp_per_floor":[75,80,73,53,53,53,53,61,61,61,56,56,53,60,60,61,80,80,80,80,80,60,60,60,51,51,51,51,60,60,61,61,70,84,86,86,86,68,66,66,66,66,66,66,66,66,73,80,80,80,95,97,97,99,104,104,104,104,104,104,104,98,100,100,100,100,73,108,108,108,108,108,108,108,108,108,108,108,108,108,108,110,110,86,110,112,112,112,112,112,112,112,112,114,116,116,118,118,118,118,118,118],"gold":242,"neow_bonus":"","is_prod":false,"is_daily":false,"chose_seed":false,"campfire_upgraded":3,"win_rate":0,"timestamp":1553878700,"path_taken":["M","?","?","?","?","R","R","?","T","R","E","R","?","M","R","BOSS","M","?","$","?","?","R","R","E","T","E","R","?","R","?","R","BOSS","M","?","?","?","?","R","R","R","T","R","$","?","R","M","R","BOSS","M","$","?","?","?","R","R","R","T","R","?","?","R","$","R","BOSS","M","$","M","?","?","R","$","R","E","R","$","?","R","?","R","BOSS","M","?","$","?","$","R","R","R","E","?","?","?","?","$","R","BOSS"],"build_version":"2019-01-23","purchased_purges":1,"victory":false,"max_hp_per_floor":[75,80,80,80,80,80,80,80,80,80,80,80,80,80,80,80,80,80,80,80,80,80,80,80,80,80,80,80,82,82,82,82,84,84,86,86,86,88,88,88,88,88,88,88,88,88,95,95,95,95,95,97,97,99,104,104,104,104,104,104,104,106,106,106,106,106,108,108,108,108,108,108,108,108,108,108,108,108,108,108,108,110,110,110,110,112,112,112,112,112,112,112,112,114,116,116,118,118,118,118,118,118],"card_choices":[{"not_picked":["Redo","Steam"],"picked":"Conserve Battery","floor":0.0},{"not_picked":["Streamline","Ball Lightning"],"picked":"Heatsinks","floor":0.0},{"not_picked":["Steam","Coolheaded"],"picked":"Glacier","floor":0.0},{"not_picked":["Go for the Eyes","Reinforced Body"],"picked":"Melter","floor":0.0},{"not_picked":["Hello World","Coolheaded"],"picked":"Gash","floor":0.0},{"not_picked":["Sweeping Beam","Stack"],"picked":"Cold Snap","floor":0.0},{"not_picked":["Streamline","Compile Driver"],"picked":"Defragment","floor":0.0},{"not_picked":["Force Field","Redo"],"picked":"Recycle","floor":0.0},{"not_picked":["Heatsinks","Tempest"],"picked":"Self Repair","floor":0.0},{"not_picked":["Barrage","Turbo"],"picked":"Coolheaded","floor":0.0},{"not_picked":["Skim","Steam"],"picked":"Conserve Battery","floor":0.0},{"not_picked":["Beam Cell","Ball Lightning"],"picked":"Gash","floor":0.0},{"not_picked":["Conserve Battery","Stack"],"picked":"Redo","floor":0.0},{"not_picked":["Ball Lightning","Streamline"],"picked":"Rebound","floor":0.0},{"not_picked":["Conserve Battery","Hologram"],"picked":"FTL","floor":0.0},{"not_picked":["Barrage","Redo"],"picked":"Undo","floor":1.0},{"not_picked":["Go for the Eyes","Rebound"],"picked":"Consume","floor":8.0},{"not_picked":["Stack","Leap"],"picked":"Gash","floor":11.0},{"not_picked":["Rebound","Rip and Tear"],"picked":"Hologram","floor":13.0},{"not_picked":["Self Repair","Conserve Battery"],"picked":"White Noise","floor":14.0},{"not_picked":["Thunder Strike","Rainbow"],"picked":"Electrodynamics","floor":16.0},{"not_picked":["Redo","Turbo","Static Discharge"],"picked":"SKIP","floor":18.0},{"not_picked":["Undo","Reinforced Body+1"],"picked":"Gash","floor":22.0},{"not_picked":["Barrage","Rebound+1"],"picked":"Scrape","floor":25.0},{"not_picked":["Self Repair","Capacitor"],"picked":"Gash","floor":27.0},{"not_picked":["Turbo","Conserve Battery+1","Melter"],"picked":"Singing Bowl","floor":29.0},{"not_picked":["Heatsinks","BootSequence+1"],"picked":"Go for the Eyes","floor":31.0},{"not_picked":["Machine Learning","Hyperbeam","Multi-Cast"],"picked":"Singing Bowl","floor":33.0},{"not_picked":["Hello World+1","Static Discharge+1","Rebound+1"],"picked":"Singing Bowl","floor":35.0},{"not_picked":["Cold Snap+1","Rebound"],"picked":"Hologram+1","floor":36.0},{"not_picked":["Streamline","Reprogram","Conserve Battery+1"],"picked":"Singing Bowl","floor":38.0},{"not_picked":["Ball Lightning","Coolheaded+1"],"picked":"Capacitor","floor":39.0},{"not_picked":["Biased Cognition","Recycle"],"picked":"Go for the Eyes+1","floor":48},{"not_picked":["Buffer","Biased Cognition"],"picked":"Amplify","floor":50},{"not_picked":["Recycle","BootSequence","Turbo"],"picked":"Singing Bowl","floor":52},{"not_picked":["Ball Lightning","Static Discharge","Barrage"],"picked":"Singing Bowl","floor":54},{"not_picked":["Rebound","Self Repair+1","Turbo"],"picked":"Singing Bowl","floor":62},{"not_picked":["Buffer+1","Loop+1"],"picked":"White Noise","floor":63},{"not_picked":["Thunder Strike","Machine Learning+1","Buffer+1"],"picked":"Singing Bowl","floor":67},{"not_picked":["Steam","Sweeping Beam"],"picked":"Beam Cell","floor":69},{"not_picked":["Cold Snap","Sweeping Beam+1"],"picked":"Aggregate+1","floor":71},{"not_picked":["Melter","Streamline"],"picked":"Blizzard+1","floor":72},{"not_picked":["Melter","Redo","Reprogram"],"picked":"White Noise+1","floor":77},{"not_picked":["Redo","Turbo+1","Hologram","Steam Power+1"],"picked":"Singing Bowl","floor":82},{"not_picked":["Compile Driver","Barrage","Turbo"],"picked":"Coolheaded+1","floor":82},{"not_picked":["Machine Learning+1","Thunder Strike","Electrodynamics+1"],"picked":"Seek","floor":84},{"not_picked":["Cold Snap+1"],"picked":"FTL","floor":86},{"not_picked":["Undo","BootSequence+1"],"picked":"Singing Bowl","floor":86},{"not_picked":["Darkness+1"],"picked":"Scrape+1","floor":89},{"not_picked":["Rebound+1","All For One+1"],"picked":"Singing Bowl","floor":94},{"not_picked":["Conserve Battery","Barrage+1"],"picked":"Singing Bowl","floor":95},{"not_picked":["Lockon+1"],"picked":"Beam Cell+1","floor":96},{"not_picked":["Reinforced Body+1"],"picked":"Beam Cell+1","floor":96},{"not_picked":["Cold Snap+1","Compile Driver+1"],"picked":"Singing Bowl","floor":97},{"not_picked":["Thunder Strike+1"],"picked":"Creative AI+1","floor":101}],"player_experience":373854,"relics_obtained":[{"floor":7.0,"key":"Bag of Marbles"},{"floor":8.0,"key":"Letter Opener"},{"floor":9.0,"key":"Pen Nib"},{"floor":10.0,"key":"Meat on the Bone"},{"floor":11.0,"key":"MawBank"},{"floor":12.0,"key":"Potion Belt"},{"floor":23.0,"key":"Vajra"},{"floor":24.0,"key":"Bronze Scales"},{"floor":25.0,"key":"Whetstone"},{"floor":26.0,"key":"Lantern"},{"floor":27.0,"key":"Anchor"},{"floor":28.0,"key":"Singing Bowl"},{"floor":29.0,"key":"Orichalcum"},{"floor":30.0,"key":"Gremlin Horn"},{"floor":32.0,"key":"Dodecahedron"},{"floor":36.0,"key":"Dead Branch"},{"floor":38.0,"key":"Nunchaku"},{"floor":40.0,"key":"Bottled Lightning"},{"floor":41.0,"key":"Bag of Preparation"},{"floor":42.0,"key":"Happy Flower"},{"floor":43.0,"key":"Art of War"},{"floor":44.0,"key":"Tiny Chest"},{"floor":47,"key":"Strawberry"},{"floor":49,"key":"DataDisk"},{"floor":57,"key":"Frozen Egg 2"},{"floor":58,"key":"Smiling Mask"},{"floor":59,"key":"Ginger"},{"floor":60,"key":"Ancient Tea Set"},{"floor":61,"key":"Blood Vial"},{"floor":64,"key":"StoneCalendar"},{"floor":72,"key":"Red Mask"},{"floor":74,"key":"Cables"},{"floor":76,"key":"Prayer Wheel"},{"floor":78,"key":"Mercury Hourglass"},{"floor":81,"key":"The Courier"},{"floor":83,"key":"Sundial"},{"floor":91,"key":"FossilizedHelix"},{"floor":95,"key":"Incense Burner"}],"event_choices":[{"damage_healed":0.0,"max_hp_gain":5.0,"max_hp_loss":0.0,"gold_gain":0.0,"event_name":"Big Fish","player_choice":"Donut","floor":2.0,"gold_loss":0.0,"damage_taken":0.0},{"cards_removed":["Heatsinks"],"damage_healed":0.0,"max_hp_gain":0.0,"max_hp_loss":0.0,"gold_gain":0.0,"event_name":"Golden Wing","player_choice":"Card Removal","floor":3.0,"gold_loss":0.0,"damage_taken":7.0},{"damage_healed":0.0,"max_hp_gain":0.0,"max_hp_loss":0.0,"gold_gain":0.0,"event_name":"Golden Idol","player_choice":"Take Damage","floor":4.0,"gold_loss":0.0,"damage_taken":20.0,"relics_obtained":["Golden Idol"]},{"damage_healed":0.0,"max_hp_gain":0.0,"max_hp_loss":0.0,"gold_gain":0.0,"event_name":"Vampires","player_choice":"Ignored","floor":19.0,"gold_loss":0.0,"damage_taken":0.0},{"damage_healed":0.0,"max_hp_gain":0.0,"max_hp_loss":0.0,"gold_gain":0.0,"event_name":"Drug Dealer","player_choice":"Inject Mutagens","floor":21.0,"gold_loss":0.0,"damage_taken":0.0,"relics_obtained":["MutagenicStrength"]},{"damage_healed":0.0,"max_hp_gain":0.0,"max_hp_loss":0.0,"gold_gain":0.0,"event_name":"MindBloom","player_choice":"Fight","floor":36.0,"gold_loss":0.0,"damage_taken":0.0},{"damage_healed":0.0,"max_hp_gain":0.0,"max_hp_loss":0.0,"gold_gain":0.0,"event_name":"Accursed Blacksmith","player_choice":"Forge","floor":37.0,"gold_loss":0.0,"damage_taken":0.0,"cards_upgraded":["Hologram"]},{"damage_healed":0,"gold_gain":0,"player_choice":"3 cards matched","damage_taken":0,"max_hp_gain":0,"max_hp_loss":0,"event_name":"Match and Keep!","floor":46,"gold_loss":0,"cards_obtained":["Zap","PanicButton","Gash"]},{"damage_healed":0,"gold_gain":0,"player_choice":"Donut","damage_taken":0,"max_hp_gain":5,"max_hp_loss":0,"event_name":"Big Fish","floor":55,"gold_loss":0},{"damage_healed":0,"gold_gain":0,"cards_transformed":["Conserve Battery"],"player_choice":"Transformed","damage_taken":0,"max_hp_gain":0,"max_hp_loss":0,"event_name":"Transmorgrifier","floor":56,"gold_loss":0,"cards_obtained":["Electrodynamics"]},{"damage_healed":0,"gold_gain":0,"player_choice":"Fought Bandits","damage_taken":0,"max_hp_gain":0,"max_hp_loss":0,"event_name":"Masked Bandits","floor":72,"gold_loss":0},{"cards_removed":["Self Repair"],"damage_healed":0,"gold_gain":0,"player_choice":"Gave Gold","damage_taken":0,"max_hp_gain":0,"max_hp_loss":0,"event_name":"Beggar","floor":73,"gold_loss":75},{"damage_healed":0,"gold_gain":99,"player_choice":"Stole From Cult","damage_taken":0,"max_hp_gain":0,"max_hp_loss":0,"event_name":"Nest","floor":80,"gold_loss":0},{"damage_healed":0,"gold_gain":0,"player_choice":"Upgraded","damage_taken":0,"max_hp_gain":0,"max_hp_loss":0,"event_name":"Upgrade Shrine","floor":87,"gold_loss":0,"cards_upgraded":["Capacitor"]},{"damage_healed":0,"gold_gain":0,"player_choice":"Fight","damage_taken":0,"max_hp_gain":0,"max_hp_loss":0,"event_name":"Mysterious Sphere","floor":95,"gold_loss":0},{"damage_healed":0,"gold_gain":0,"player_choice":"Upgrade","damage_taken":0,"max_hp_gain":0,"max_hp_loss":0,"event_name":"Designer","floor":98,"gold_loss":40,"cards_upgraded":["Seek"]}],"is_beta":false,"boss_relics":[{"not_picked":["Ectoplasm","Empty Cage"],"picked":"FrozenCore"},{"not_picked":["Cursed Key","White Beast Statue"],"picked":"Runic Dome"},{"not_picked":["Lizard Tail","Snecko Eye"],"picked":"Sozu"},{"not_picked":["Black Star","Nuclear Battery"],"picked":"Astrolabe"},{"not_picked":["Eternal Feather","Philosopher\u0027s Stone"],"picked":"Busted Crown"},{"not_picked":["Empty Cage","Velvet Choker"],"picked":"Calling Bell"}],"items_purged_floors":[5],"is_endless":true,"potions_floor_spawned":[11,13,16,22,31,33,39,48,50,62,63,71,77,84,86,95,97,101],"ascension_level":0}