{"gold_per_floor":[119,90,90,16,16,16,37,51,78,112,112],"floor_reached":11,"playtime":298,"items_purged":[],"score":89,"play_id":"c0fb685e-448d-4a00-8fbb-00200a872a87","local_time":"20190505181005","is_ascension_mode":true,"campfire_choices":[{"data":"Defragment","floor":6,"key":"SMITH"}],"neow_cost":"NONE","seed_source_timestamp":254164462585589,"circlet_count":0,"master_deck":["Strike_B","Strike_B","Strike_B","Strike_B","Defend_B","Defend_B","Defend_B","Defend_B","Zap","Dualcast","Decay","Writhe","Stack","Injury","Defragment+1","Defragment","Go for the Eyes","Cold Snap"],"relics":["Calling Bell","Smiling Mask","Pear","Du-Vu Doll","Golden Idol","Anchor","Kunai"],"potions_floor_usage":[],"damage_taken":[{"damage":0,"enemies":"Small Slimes","floor":1,"turns":3},{"damage":8,"enemies":"2 Louse","floor":7,"turns":2},{"damage":15,"enemies":"Jaw Worm","floor":8,"turns":4},{"damage":48,"enemies":"Gremlin Nob","floor":10,"turns":5},{"damage":9,"enemies":"3 Louse","floor":11,"turns":2}],"seed_played":"6904879195180000698","potions_obtained":[{"floor":1,"key":"FocusPotion"}],"is_trial":false,"path_per_floor":["M","?","?","$","?","R","M","M","T","E","M"],"character_chosen":"DEFECT","items_purchased":["Defragment"],"campfire_rested":0,"item_purchase_floors":[4],"current_hp_per_floor":[85,85,85,85,78,78,70,55,55,7,0],"gold":112,"neow_bonus":"BOSS_RELIC","is_prod":false,"is_daily":false,"chose_seed":false,"campfire_upgraded":1,"win_rate":0,"timestamp":1557105005,"path_taken":["M","?","?","?","?","R","?","M","T","E","M"],"build_version":"2019-01-23","purchased_purges":0,"victory":false,"max_hp_per_floor":[85,85,85,85,85,85,85,85,85,85,85],"card_choices":[{"not_picked":["Go for the Eyes","Rebound"],"picked":"Stack","floor":1},{"not_picked":["Static Discharge","Darkness"],"picked":"Defragment","floor":7},{"not_picked":["Consume","Fission"],"picked":"Go for the Eyes","floor":8},{"not_picked":["Amplify","Glacier"],"picked":"Cold Snap","floor":10}],"player_experience":278555,"relics_obtained":[{"floor":0,"key":"Smiling Mask"},{"floor":0,"key":"Pear"},{"floor":0,"key":"Du-Vu Doll"},{"floor":9,"key":"Anchor"},{"floor":10,"key":"Kunai"}],"event_choices":[{"damage_healed":0,"gold_gain":0,"player_choice":"Left Gold","damage_taken":0,"max_hp_gain":0,"max_hp_loss":0,"event_name":"World of Goop","floor":2,"gold_loss":29},{"damage_healed":0,"gold_gain":0,"player_choice":"Take Wound","damage_taken":0,"relics_obtained":["Golden Idol"],"max_hp_gain":0,"max_hp_loss":0,"event_name":"Golden Idol","floor":3,"gold_loss":0,"cards_obtained":["Injury"]},{"cards_removed":["Decay"],"damage_healed":0,"gold_gain":0,"player_choice":"Card Removal","damage_taken":7,"max_hp_gain":0,"max_hp_loss":0,"event_name":"Golden Wing","floor":5,"gold_loss":0}],"is_beta":false,"boss_relics":[],"items_purged_floors":[],"is_endless":false,"potions_floor_spawned":[1],"killed_by":"3 Louse","ascension_level":5}