{"gold_per_floor":[116,130,144,132,142,142,170,189,189,208,221,221,221,146,146,245,245,257,269,280,280,294,294,305,323,350,362,362,375,375,386,386,489,489,507,507,507],"floor_reached":37,"playtime":2991,"items_purged":["Defend_B"],"score":463,"play_id":"bf22f2f6-7106-41a9-852f-e24b852ac425","local_time":"20190427133201","is_ascension_mode":true,"campfire_choices":[{"floor":6,"key":"REST"},{"floor":15,"key":"REST"},{"floor":23,"key":"REST"},{"floor":28,"key":"REST"},{"data":"Electrodynamics","floor":30,"key":"SMITH"},{"data":"Sweeping Beam","floor":32,"key":"SMITH"}],"neow_cost":"NONE","seed_source_timestamp":1063310691805156,"circlet_count":0,"master_deck":["Strike_B","Strike_B","Strike_B","Strike_B","Defend_B+1","Defend_B","Zap","Dualcast+1","Tempest+1","Sweeping Beam+1","Cold Snap","Blizzard","Leap","Leap","Glacier","Ball Lightning","Electrodynamics+1","Ball Lightning+1","Coolheaded","Leap+1","Conserve Battery+1","Core Surge","Ball Lightning","Leap","Redo+1","Multi-Cast","Hologram+1"],"relics":["Cracked Core","Pen Nib","War Paint","FossilizedHelix","Sozu","Pocketwatch","Potion Belt","Runic Pyramid"],"potions_floor_usage":[7,7,7,24],"damage_taken":[{"damage":1,"enemies":"Cultist","floor":1,"turns":3},{"damage":7,"enemies":"Jaw Worm","floor":2,"turns":3},{"damage":2,"enemies":"Small Slimes","floor":3,"turns":2},{"damage":4,"enemies":"Exordium Thugs","floor":4,"turns":4},{"damage":14,"enemies":"Red Slaver","floor":5,"turns":3},{"damage":2,"enemies":"Lagavulin","floor":7,"turns":5},{"damage":3,"enemies":"Blue Slaver","floor":8,"turns":3},{"damage":5,"enemies":"Exordium Thugs","floor":10,"turns":4},{"damage":0,"enemies":"Looter","floor":11,"turns":3},{"damage":22,"enemies":"Slime Boss","floor":16,"turns":10},{"damage":16,"enemies":"3 Byrds","floor":18,"turns":4},{"damage":11,"enemies":"Shell Parasite","floor":19,"turns":5},{"damage":0,"enemies":"Centurion and Healer","floor":20,"turns":2},{"damage":0,"enemies":"Snecko","floor":22,"turns":4},{"damage":0,"enemies":"Cultist and Chosen","floor":24,"turns":8},{"damage":13,"enemies":"Centurion and Healer","floor":25,"turns":5},{"damage":6,"enemies":"Chosen and Byrds","floor":27,"turns":4},{"damage":0,"enemies":"Sentry and Sphere","floor":29,"turns":4},{"damage":8,"enemies":"Snake Plant","floor":31,"turns":3},{"damage":20,"enemies":"Automaton","floor":33,"turns":12},{"damage":2,"enemies":"Orb Walker","floor":35,"turns":3},{"damage":83,"enemies":"Donu and Deca","floor":37,"turns":7}],"seed_played":"-2682870190321421588","potions_obtained":[{"floor":1,"key":"FocusPotion"},{"floor":4,"key":"LiquidBronze"},{"floor":5,"key":"PowerPotion"},{"floor":10,"key":"Dexterity Potion"},{"floor":16,"key":"Regen Potion"}],"is_trial":false,"path_per_floor":["M","M","M","M","M","R","E","M","T","M","M","?","?","$","R","B",null,"M","M","M","?","M","R","M","M","T","M","R","M","R","M","R","B",null,"M","?","B"],"character_chosen":"DEFECT","items_purchased":[],"campfire_rested":4,"item_purchase_floors":[],"current_hp_per_floor":[74,67,65,61,47,69,67,64,64,59,59,52,52,52,74,52,75,59,48,48,48,48,70,70,57,57,51,73,73,73,65,65,45,75,73,73,0],"gold":507,"neow_bonus":"RANDOM_COMMON_RELIC","is_prod":false,"is_daily":false,"chose_seed":false,"campfire_upgraded":2,"win_rate":0,"timestamp":1556397121,"path_taken":["M","M","M","M","M","R","E","M","T","M","M","?","?","?","R","BOSS","M","M","M","?","M","R","M","M","T","M","R","M","R","M","R","BOSS","M","?","BOSS"],"build_version":"2019-01-23","purchased_purges":1,"victory":false,"max_hp_per_floor":[75,75,75,75,75,75,75,75,75,75,75,75,75,75,75,75,75,75,75,75,75,75,75,75,75,75,75,75,75,75,75,75,75,75,75,75,75],"card_choices":[{"not_picked":["Redo","Compile Driver"],"picked":"Tempest","floor":1},{"not_picked":["Lockon","Rip and Tear"],"picked":"Sweeping Beam","floor":2},{"not_picked":["Machine Learning","Hello World"],"picked":"Cold Snap","floor":3},{"not_picked":["Gash","Streamline"],"picked":"Blizzard","floor":4},{"not_picked":["Turbo","Streamline"],"picked":"Leap","floor":5},{"not_picked":["Sunder","Darkness","Sweeping Beam"],"picked":"SKIP","floor":7},{"not_picked":["Rebound","Stack"],"picked":"Leap","floor":8},{"not_picked":["Steam","Lockon"],"picked":"Glacier","floor":10},{"not_picked":["Sweeping Beam","Gash"],"picked":"Ball Lightning","floor":11},{"not_picked":["Biased Cognition","Rainbow"],"picked":"Electrodynamics","floor":16},{"not_picked":["Barrage+1","Force Field"],"picked":"Ball Lightning+1","floor":18},{"not_picked":["Loop","Lockon"],"picked":"Coolheaded","floor":19},{"not_picked":["Steam","Loop+1"],"picked":"Leap+1","floor":20},{"not_picked":["Gash+1","Aggregate"],"picked":"Conserve Battery+1","floor":22},{"not_picked":["Hologram+1","Compile Driver"],"picked":"Core Surge","floor":24},{"not_picked":["Streamline","Gash"],"picked":"Ball Lightning","floor":25},{"not_picked":["Steam","Reboot","Skim"],"picked":"SKIP","floor":27},{"not_picked":["Stack","Beam Cell"],"picked":"Leap","floor":29},{"not_picked":["Sweeping Beam","Rip and Tear"],"picked":"Redo+1","floor":31},{"not_picked":["All For One","Machine Learning"],"picked":"Multi-Cast","floor":33},{"not_picked":["Cold Snap","Steam"],"picked":"Hologram+1","floor":35}],"player_experience":132460,"relics_obtained":[{"floor":7,"key":"War Paint"},{"floor":9,"key":"FossilizedHelix"},{"floor":26,"key":"Potion Belt"}],"event_choices":[{"cards_removed":["Defend_B"],"damage_healed":0,"gold_gain":0,"player_choice":"Card Removal","damage_taken":7,"max_hp_gain":0,"max_hp_loss":0,"event_name":"Golden Wing","floor":12,"gold_loss":0},{"damage_healed":0,"gold_gain":0,"player_choice":"Grow","damage_taken":0,"max_hp_gain":0,"max_hp_loss":0,"event_name":"Living Wall","floor":13,"gold_loss":0,"cards_upgraded":["Tempest"]},{"damage_healed":0,"gold_gain":0,"player_choice":"Gave Potion","damage_taken":0,"relics_obtained":["Pocketwatch"],"max_hp_gain":0,"max_hp_loss":0,"event_name":"WeMeetAgain","floor":21,"gold_loss":0},{"damage_healed":0,"gold_gain":0,"player_choice":"Took Portal","damage_taken":0,"max_hp_gain":0,"max_hp_loss":0,"event_name":"SecretPortal","floor":36,"gold_loss":0}],"is_beta":false,"boss_relics":[{"not_picked":["Lizard Tail","Cursed Key"],"picked":"Sozu"},{"not_picked":["Runic Dome","Snecko Eye"],"picked":"Runic Pyramid"}],"items_purged_floors":[14],"is_endless":false,"potions_floor_spawned":[1,4,5,10,16,19,22,27,29,31],"killed_by":"Donu and Deca","ascension_level":3}