{"gold_per_floor":[113,113,39,52,52,52,66,100,126,137,148,148,177,192,192,271,271,291,291,308,65,80,80,80,80,135,167,179,179,214,11,11,88,88,102,113,113],"floor_reached":37,"playtime":1648,"items_purged":["Strike_R"],"score":733,"play_id":"4993153d-8c95-4143-ab54-3c06d3127139","local_time":"20190321161716","is_ascension_mode":true,"campfire_choices":[{"data":"Bash","floor":6.0,"key":"SMITH"},{"data":"Metallicize","floor":12.0,"key":"SMITH"},{"data":"True Grit","floor":15.0,"key":"SMITH"},{"data":"Shockwave","floor":25.0,"key":"SMITH"},{"data":"Spot Weakness","floor":29.0,"key":"SMITH"},{"data":"Clothesline","floor":32.0,"key":"SMITH"}],"neow_cost":"NONE","seed_source_timestamp":0,"circlet_count":0,"master_deck":["AscendersBane","Strike_R","Defend_R","Defend_R","Defend_R","Defend_R","Bash+1","Forethought","Twin Strike","Reckless Charge","Feel No Pain","Metallicize+1","Pommel Strike","Ghostly Armor","Rampage","Power Through","Reaper","True Grit+1","Immolate","Flame Barrier+1","Spot Weakness+1","Clothesline+1","Battle Trance","Headbutt","Shockwave+1","Battle Trance","Offering","Shrug It Off","Double Tap"],"special_seed":0,"relics":["Burning Blood","Anchor","PreservedInsect","Art of War","Mark of Pain","Centennial Puzzle","Ancient Tea Set","Pen Nib","Sozu"],"potions_floor_usage":[],"damage_taken":[{"damage":11.0,"enemies":"Jaw Worm","floor":1.0,"turns":5.0},{"damage":6.0,"enemies":"Cultist","floor":4.0,"turns":3.0},{"damage":0.0,"enemies":"2 Louse","floor":7.0,"turns":2.0},{"damage":17.0,"enemies":"3 Sentries","floor":8.0,"turns":9.0},{"damage":6.0,"enemies":"Lots of Slimes","floor":10.0,"turns":5.0},{"damage":8.0,"enemies":"Blue Slaver","floor":11.0,"turns":4.0},{"damage":13.0,"enemies":"Gremlin Nob","floor":13.0,"turns":3.0},{"damage":0.0,"enemies":"Red Slaver","floor":14.0,"turns":4.0},{"damage":42.0,"enemies":"Slime Boss","floor":16.0,"turns":16.0},{"damage":3.0,"enemies":"3 Byrds","floor":18.0,"turns":6.0},{"damage":12.0,"enemies":"Chosen","floor":20.0,"turns":6.0},{"damage":9.0,"enemies":"Snecko","floor":22.0,"turns":5.0},{"damage":16.0,"enemies":"Slavers","floor":27.0,"turns":3.0},{"damage":0.0,"enemies":"Centurion and Healer","floor":28.0,"turns":5.0},{"damage":16.0,"enemies":"Gremlin Leader","floor":30.0,"turns":5.0},{"damage":67.0,"enemies":"Automaton","floor":33.0,"turns":12.0},{"damage":6,"enemies":"Orb Walker","floor":35,"turns":3},{"damage":6,"enemies":"3 Shapes","floor":36,"turns":2},{"damage":42,"enemies":"Spire Growth","floor":37,"turns":4}],"seed_played":"-3002307845021597851","potions_obtained":[{"floor":4.0,"key":"Swift Potion"},{"floor":8.0,"key":"Weak Potion"},{"floor":11.0,"key":"FearPotion"},{"floor":13.0,"key":"Block Potion"},{"floor":20.0,"key":"Regen Potion"},{"floor":27.0,"key":"Poison Potion"},{"floor":28.0,"key":"SteroidPotion"}],"is_trial":false,"path_per_floor":["M","?","$","M","?","R","M","E","T","M","M","R","E","M","R","B",null,"M","?","M","$","M","?","?","R","T","E","M","R","E","$","R","B",null,"M","M","M"],"character_chosen":"IRONCLAD","items_purchased":["Feel No Pain","Battle Trance","Headbutt","Shockwave","Offering","Shrug It Off"],"campfire_rested":0,"item_purchase_floors":[3,21,21,21,31,31],"current_hp_per_floor":[63,63,63,63,63,63,69,58,58,58,56,56,49,61,61,37,66,72,72,69,69,70,70,70,70,70,60,74,74,64,64,64,15,60,60,60,18],"gold":113,"neow_bonus":"RANDOM_COLORLESS","is_prod":false,"is_daily":false,"chose_seed":false,"campfire_upgraded":6,"win_rate":0,"timestamp":1553159836,"path_taken":["M","?","$","?","?","R","M","E","T","?","M","R","E","M","R","BOSS","M","?","?","$","M","?","?","R","T","E","M","R","E","?","R","BOSS","M","M","M"],"build_version":"2019-01-23","purchased_purges":1,"victory":false,"max_hp_per_floor":[75,75,75,75,75,75,75,75,75,75,75,75,75,75,75,75,75,75,75,75,75,75,75,75,75,75,75,75,75,75,75,75,75,75,75,75,75],"card_choices":[{"not_picked":["Power Through","Flex"],"picked":"Twin Strike","floor":1.0},{"not_picked":["Shrug It Off","Feel No Pain"],"picked":"Metallicize","floor":4.0},{"not_picked":["Thunderclap","Clash"],"picked":"Pommel Strike","floor":7.0},{"not_picked":["Feel No Pain","Dropkick"],"picked":"Ghostly Armor","floor":8.0},{"not_picked":["Havoc","Feel No Pain"],"picked":"Rampage","floor":10.0},{"not_picked":["Rampage","Exhume"],"picked":"Power Through","floor":11.0},{"not_picked":["Shrug It Off","Body Slam"],"picked":"Reaper","floor":13.0},{"not_picked":["Thunderclap","Ghostly Armor"],"picked":"True Grit","floor":14.0},{"not_picked":["Brutality","Berserk"],"picked":"Immolate","floor":16.0},{"not_picked":["Headbutt","Cleave"],"picked":"Flame Barrier+1","floor":18.0},{"not_picked":["Body Slam","Perfected Strike"],"picked":"Clothesline","floor":20.0},{"not_picked":["True Grit","Ghostly Armor"],"picked":"Battle Trance","floor":22.0},{"not_picked":["Thunderclap","Sword Boomerang","Exhume"],"picked":"SKIP","floor":27.0},{"not_picked":["Reckless Charge","Pommel Strike","Feel No Pain"],"picked":"SKIP","floor":28.0},{"not_picked":["Berserk","Perfected Strike","Demon Form"],"picked":"SKIP","floor":30.0},{"not_picked":["Bludgeon","Brutality"],"picked":"Double Tap","floor":33.0},{"not_picked":["Fire Breathing","Twin Strike","Flex"],"picked":"SKIP","floor":35},{"not_picked":["Second Wind","Heavy Blade","Cleave"],"picked":"SKIP","floor":36}],"player_experience":404921,"relics_obtained":[{"floor":8.0,"key":"Anchor"},{"floor":9.0,"key":"PreservedInsect"},{"floor":13.0,"key":"Art of War"},{"floor":26.0,"key":"Centennial Puzzle"},{"floor":27.0,"key":"Ancient Tea Set"},{"floor":30.0,"key":"Pen Nib"}],"event_choices":[{"damage_healed":0.0,"max_hp_gain":0.0,"max_hp_loss":0.0,"gold_gain":0.0,"cards_transformed":["Strike_R"],"event_name":"Transmorgrifier","player_choice":"Transformed","floor":2.0,"gold_loss":0.0,"damage_taken":0.0,"cards_obtained":["Reckless Charge"]},{"cards_removed":["Strike_R"],"damage_healed":0.0,"max_hp_gain":0.0,"max_hp_loss":0.0,"gold_gain":0.0,"event_name":"Wheel of Change","player_choice":"Card Removal","floor":5.0,"gold_loss":0.0,"damage_taken":0.0},{"damage_healed":0.0,"max_hp_gain":0.0,"max_hp_loss":0.0,"gold_gain":0.0,"cards_transformed":["Strike_R"],"event_name":"Transmorgrifier","player_choice":"Transformed","floor":19.0,"gold_loss":0.0,"damage_taken":0.0,"cards_obtained":["Spot Weakness"]},{"damage_healed":0.0,"max_hp_gain":0.0,"max_hp_loss":0.0,"gold_gain":0.0,"event_name":"Ghosts","player_choice":"Ignored","floor":23.0,"gold_loss":0.0,"damage_taken":0.0}],"is_beta":false,"boss_relics":[{"not_picked":["Orrery","Velvet Choker"],"picked":"Mark of Pain"},{"not_picked":["White Beast Statue","Fusion Hammer"],"picked":"Sozu"}],"items_purged_floors":[21],"is_endless":false,"potions_floor_spawned":[4,8,11,13,14,20,27,28,30,36],"killed_by":"Spire Growth","ascension_level":15}