{"gold_per_floor":[113,113,113,113,129,129,159,7,7,26,26,40,40,71,71,174,174,193,212,226,56,69,69,101,101,101,101,133,151,3,16,16,16],"floor_reached":33,"playtime":3064,"items_purged":["Defend_G"],"score":432,"play_id":"8c172b77-7144-415d-a040-5886c1d0ce71","local_time":"20190321032012","is_ascension_mode":true,"campfire_choices":[{"floor":6,"key":"REST"},{"data":"Bouncing Flask","floor":11,"key":"SMITH"},{"floor":13,"key":"REST"},{"data":"Leg Sweep","floor":15,"key":"SMITH"},{"data":"Noxious Fumes","floor":23,"key":"SMITH"},{"floor":27,"key":"REST"},{"floor":32,"key":"REST"}],"neow_cost":"PERCENT_DAMAGE","seed_source_timestamp":2020058128876169,"circlet_count":0,"master_deck":["Defend_G+1","Defend_G","Strike_G+1","Survivor","Neutralize","Leg Sweep+1","Poisoned Stab","Quick Slash","Bouncing Flask+1","Poisoned Stab","Adrenaline","Storm of Steel+1","Reflex+1","Cloak And Dagger+1","Deadly Poison+1","Bane+1","Noxious Fumes+1","Cloak And Dagger","Footwork+1","Leg Sweep","Concentrate","Infinite Blades+1","Backflip","Crippling Poison"],"relics":["Ring of the Snake","Gambling Chip","Letter Opener","Oddly Smooth Stone","Gremlin Horn","Bronze Scales","Astrolabe","Ornamental Fan","Matryoshka","Question Card","Happy Flower"],"potions_floor_usage":[16,20,22,28],"damage_taken":[{"damage":6,"enemies":"Jaw Worm","floor":1,"turns":4},{"damage":0,"enemies":"2 Louse","floor":5,"turns":3},{"damage":8,"enemies":"3 Sentries","floor":7,"turns":14},{"damage":0,"enemies":"Cultist","floor":10,"turns":3},{"damage":0,"enemies":"Red Slaver","floor":12,"turns":3},{"damage":14,"enemies":"Lagavulin","floor":14,"turns":5},{"damage":6,"enemies":"The Guardian","floor":16,"turns":9},{"damage":14,"enemies":"2 Thieves","floor":18,"turns":4},{"damage":4,"enemies":"Shell Parasite","floor":19,"turns":5},{"damage":20,"enemies":"Shelled Parasite and Fungi","floor":20,"turns":5},{"damage":3,"enemies":"3 Cultists","floor":22,"turns":5},{"damage":16,"enemies":"Slavers","floor":24,"turns":5},{"damage":0,"enemies":"Book of Stabbing","floor":28,"turns":5},{"damage":6,"enemies":"Snake Plant","floor":29,"turns":4},{"damage":14,"enemies":"Cultist and Chosen","floor":31,"turns":7},{"damage":49,"enemies":"Champ","floor":33,"turns":9}],"seed_played":"6006832407946453886","potions_obtained":[{"floor":1,"key":"SkillPotion"},{"floor":10,"key":"LiquidBronze"},{"floor":14,"key":"SmokeBomb"},{"floor":16,"key":"Regen Potion"},{"floor":18,"key":"Dexterity Potion"},{"floor":20,"key":"Poison Potion"},{"floor":22,"key":"FearPotion"},{"floor":24,"key":"Energy Potion"},{"floor":29,"key":"Weak Potion"}],"is_trial":false,"path_per_floor":["M","?","?","?","M","R","E","$","T","M","R","M","R","E","R","B",null,"M","M","M","$","M","R","E","?","T","R","E","M","$","M","R","B"],"character_chosen":"THE_SILENT","items_purchased":["Oddly Smooth Stone","Noxious Fumes","Cloak And Dagger","Happy Flower"],"campfire_rested":4,"item_purchase_floors":[8,21,21,30],"current_hp_per_floor":[39,25,18,18,18,39,31,31,31,31,31,31,52,38,38,32,61,47,43,38,38,35,35,19,19,19,40,40,34,34,20,41,0],"gold":16,"neow_bonus":"ONE_RARE_RELIC","is_prod":false,"is_daily":false,"chose_seed":false,"campfire_upgraded":3,"win_rate":0,"timestamp":1553152812,"path_taken":["M","?","?","?","M","R","E","?","T","M","R","M","R","E","R","BOSS","M","M","M","$","M","R","E","?","T","R","E","?","?","M","R","BOSS"],"build_version":"2019-01-23","purchased_purges":1,"victory":false,"max_hp_per_floor":[70,70,70,70,70,70,70,70,70,70,70,70,70,70,70,70,70,70,70,70,70,70,70,70,70,70,70,70,70,70,70,70,70],"card_choices":[{"not_picked":["Heel Hook","Dodge and Roll"],"picked":"Leg Sweep","floor":1},{"not_picked":["Underhanded Strike","Deflect"],"picked":"Poisoned Stab","floor":5},{"not_picked":["Poisoned Stab","Deflect"],"picked":"Quick Slash","floor":7},{"not_picked":["Dagger Spray","Eviscerate"],"picked":"Bouncing Flask","floor":10},{"not_picked":["Sucker Punch","Flechettes"],"picked":"Poisoned Stab","floor":12},{"not_picked":["Outmaneuver","Flechettes","Unload"],"picked":"SKIP","floor":14},{"not_picked":["Night Terror","Doppelganger"],"picked":"Adrenaline","floor":16},{"not_picked":["Quick Slash","Underhanded Strike","Slice"],"picked":"SKIP","floor":18},{"not_picked":["Quick Slash+1","Sucker Punch"],"picked":"Deadly Poison+1","floor":19},{"not_picked":["Deflect","Flying Knee+1"],"picked":"Bane+1","floor":20},{"not_picked":["Quick Slash","Malaise"],"picked":"Footwork+1","floor":22},{"not_picked":["Slice","Calculated Gamble+1"],"picked":"Leg Sweep","floor":24},{"not_picked":["Blur","Escape Plan"],"picked":"Infinite Blades+1","floor":28},{"not_picked":["Prepared","Flechettes","Outmaneuver"],"picked":"Backflip","floor":29},{"not_picked":["Outmaneuver","Dash","Escape Plan"],"picked":"Crippling Poison","floor":31}],"player_experience":231640,"relics_obtained":[{"floor":7,"key":"Letter Opener"},{"floor":9,"key":"Gremlin Horn"},{"floor":14,"key":"Bronze Scales"},{"floor":24,"key":"Ornamental Fan"},{"floor":26,"key":"Matryoshka"},{"floor":28,"key":"Question Card"}],"event_choices":[{"damage_healed":0,"gold_gain":0,"player_choice":"Entered Light","damage_taken":14,"max_hp_gain":0,"max_hp_loss":0,"event_name":"Shining Light","floor":2,"gold_loss":0,"cards_upgraded":["Strike_G","Defend_G"]},{"cards_removed":["Strike_G"],"damage_healed":0,"gold_gain":0,"player_choice":"Card Removal","damage_taken":7,"max_hp_gain":0,"max_hp_loss":0,"event_name":"Golden Wing","floor":3,"gold_loss":0},{"cards_removed":["Strike_G"],"damage_healed":0,"gold_gain":0,"player_choice":"Forget","damage_taken":0,"max_hp_gain":0,"max_hp_loss":0,"event_name":"Living Wall","floor":4,"gold_loss":0},{"damage_healed":0,"gold_gain":0,"cards_transformed":["Defend_G"],"player_choice":"Transformed","damage_taken":0,"max_hp_gain":0,"max_hp_loss":0,"event_name":"Transmorgrifier","floor":25,"gold_loss":0,"cards_obtained":["Concentrate"]}],"is_beta":false,"boss_relics":[{"not_picked":["Calling Bell","WristBlade"],"picked":"Astrolabe"}],"items_purged_floors":[21],"is_endless":false,"potions_floor_spawned":[1,10,14,16,18,20,22,24,29],"killed_by":"Champ","ascension_level":7}