{"gold_per_floor":[118,118,72,92,92,108,108,108,108,123,123,136,167,186,186,186],"floor_reached":16,"playtime":561,"items_purged":[],"score":112,"play_id":"50c5ff5a-a208-42c5-a8aa-282dd2c16b96","local_time":"20180803160831","is_ascension_mode":true,"campfire_choices":[{"data":"Flame Barrier","floor":11,"key":"SMITH"},{"floor":15,"key":"REST"}],"neow_cost":"","seed_source_timestamp":14907044461587,"circlet_count":0,"master_deck":["Strike_R","Strike_R","Strike_R","Strike_R","Strike_R","Defend_R","Defend_R","Defend_R","Defend_R","Bash","Perfected Strike","Flame Barrier+1","Exhume","Flame Barrier","Shrug It Off","Disarm"],"relics":["Burning Blood","Bronze Scales","Self Forming Clay","Molten Egg 2"],"potions_floor_usage":[14],"damage_taken":[{"damage":7,"enemies":"Jaw Worm","floor":1,"turns":3},{"damage":1,"enemies":"Cultist","floor":4,"turns":3},{"damage":6,"enemies":"Small Slimes","floor":6,"turns":3},{"damage":13,"enemies":"3 Louse","floor":10,"turns":3},{"damage":14,"enemies":"Looter","floor":12,"turns":3},{"damage":36,"enemies":"Lagavulin","floor":13,"turns":7},{"damage":19,"enemies":"Exordium Thugs","floor":14,"turns":4},{"damage":17,"enemies":"The Guardian","floor":16,"turns":3}],"seed_played":"7857279505161065155","potions_obtained":[{"floor":1,"key":"PowerPotion"},{"floor":6,"key":"Dexterity Potion"},{"floor":10,"key":"LiquidBronze"},{"floor":14,"key":"Energy Potion"}],"is_trial":false,"path_per_floor":["M","?","$","M","?","M","?","?","T","M","R","M","E","M","R"],"character_chosen":"IRONCLAD","items_purchased":["Perfected Strike"],"campfire_rested":1,"item_purchase_floors":[3],"current_hp_per_floor":[79,80,80,80,80,80,80,80,80,73,73,65,35,22,46,29],"gold":186,"neow_bonus":"","is_prod":false,"is_daily":false,"chose_seed":false,"campfire_upgraded":1,"win_rate":0,"timestamp":1533305311,"path_taken":["M","?","$","M","?","?","?","?","T","M","R","M","E","M","R","BOSS"],"build_version":"2018-08-02","purchased_purges":0,"victory":false,"max_hp_per_floor":[80,80,80,80,80,80,80,80,80,80,80,80,80,80,80,80],"card_choices":[{"not_picked":["Hemokinesis","Uppercut","Warcry"],"picked":"SKIP","floor":1},{"not_picked":["Warcry","Carnage"],"picked":"Flame Barrier","floor":4},{"not_picked":["Sword Boomerang","Seeing Red","Battle Trance"],"picked":"SKIP","floor":6},{"not_picked":["Hemokinesis","Headbutt","Body Slam"],"picked":"SKIP","floor":10},{"not_picked":["Cleave","Sever Soul"],"picked":"Flame Barrier","floor":12},{"not_picked":["Headbutt","Sentinel"],"picked":"Shrug It Off","floor":13},{"not_picked":["Sever Soul+1","Shrug It Off"],"picked":"Disarm","floor":14}],"player_experience":103203,"relics_obtained":[{"floor":9,"key":"Self Forming Clay"},{"floor":13,"key":"Molten Egg 2"}],"event_choices":[{"event_name":"Wheel of Change","player_choice":"Full Heal","floor":2,"damage_taken":0},{"event_name":"Big Fish","player_choice":"Box","floor":5,"damage_taken":0},{"event_name":"Match and Keep!","player_choice":"1 cards matched","floor":7,"damage_taken":0},{"event_name":"Living Wall","player_choice":"Forget","floor":8,"damage_taken":0}],"is_beta":false,"boss_relics":[],"items_purged_floors":[],"is_endless":false,"potions_floor_spawned":[1,6,10,14],"killed_by":"The Guardian","ascension_level":2}