{"gold_per_floor":[113,143,160,177,177,177,196,196,196,209,226,245,14,27,27,124,124,137,37,53,66,81,81,107,107,107,153,183,210,237,249,261,373,385,408,440,452,31,46,63,63,94,171,171,190,190,190,224,224,224],"floor_reached":51,"playtime":4363,"items_purged":["Strike_B","Strike_B","Strike_B"],"score":988,"play_id":"b69e17f5-de6f-4684-bdbc-f08516c96d08","local_time":"20190212174454","is_ascension_mode":true,"campfire_choices":[{"data":"Zap","floor":6,"key":"SMITH"},{"data":"Skim","floor":8,"key":"SMITH"},{"data":"Machine Learning","floor":15,"key":"SMITH"},{"data":"Electrodynamics","floor":23,"key":"SMITH"},{"data":"Lockon","floor":25,"key":"SMITH"},{"data":"Go for the Eyes","floor":32,"key":"SMITH"},{"data":"Echo Form","floor":41,"key":"SMITH"},{"data":"Hologram","floor":44,"key":"SMITH"},{"data":"Redo","floor":46,"key":"SMITH"},{"data":"Storm","floor":49,"key":"SMITH"}],"neow_cost":"NONE","seed_source_timestamp":2863528544825355,"circlet_count":0,"master_deck":["Strike_B","Defend_B","Defend_B","Defend_B","Defend_B","Zap+1","Dualcast","Leap","Skim+1","Steam","Doom and Gloom","Cold Snap","Redo+1","Go for the Eyes+1","Machine Learning+1","Hologram+1","Electrodynamics+1","Loop+1","Genetic Algorithm","Lockon+1","Echo Form+1","Self Repair","Storm+1","Go for the Eyes+1","Redo+1","Storm+1"],"relics":["Coffee Dripper","Tiny Chest","FaceOfCleric","Meat on the Bone","Nuclear Battery","Centennial Puzzle","MawBank","Anchor","Lizard Tail","Bird Faced Urn","Gambling Chip","Dodecahedron","Ice Cream"],"potions_floor_usage":[16,22,24,27,33,40,50,50,50],"damage_taken":[{"damage":6,"enemies":"2 Louse","floor":1,"turns":2},{"damage":0,"enemies":"Jaw Worm","floor":3,"turns":3},{"damage":0,"enemies":"Cultist","floor":4,"turns":3},{"damage":0,"enemies":"Red Slaver","floor":7,"turns":5},{"damage":0,"enemies":"Large Slime","floor":10,"turns":5},{"damage":0,"enemies":"Looter","floor":11,"turns":4},{"damage":1,"enemies":"Red Slaver","floor":12,"turns":5},{"damage":4,"enemies":"Large Slime","floor":14,"turns":3},{"damage":0,"enemies":"Slime Boss","floor":16,"turns":9},{"damage":11,"enemies":"Chosen","floor":18,"turns":5},{"damage":11,"enemies":"2 Thieves","floor":20,"turns":3},{"damage":1,"enemies":"Sentry and Sphere","floor":21,"turns":3},{"damage":1,"enemies":"Cultist and Chosen","floor":22,"turns":4},{"damage":8,"enemies":"Gremlin Leader","floor":24,"turns":5},{"damage":6,"enemies":"Book of Stabbing","floor":27,"turns":4},{"damage":11,"enemies":"Shelled Parasite and Fungi","floor":28,"turns":4},{"damage":25,"enemies":"Snecko","floor":29,"turns":4},{"damage":0,"enemies":"Chosen and Byrds","floor":30,"turns":4},{"damage":1,"enemies":"Automaton","floor":33,"turns":6},{"damage":0,"enemies":"3 Darklings","floor":35,"turns":3},{"damage":0,"enemies":"Orb Walker","floor":36,"turns":3},{"damage":10,"enemies":"4 Shapes","floor":39,"turns":4},{"damage":2,"enemies":"3 Darklings","floor":40,"turns":3},{"damage":76,"enemies":"Nemesis","floor":42,"turns":10},{"damage":9,"enemies":"Maw","floor":45,"turns":5},{"damage":20,"enemies":"Reptomancer","floor":48,"turns":4},{"damage":73,"enemies":"Time Eater","floor":50,"turns":10}],"seed_played":"550584435407123872","potions_obtained":[{"floor":4,"key":"PowerPotion"},{"floor":7,"key":"Swift Potion"},{"floor":12,"key":"EssenceOfSteel"},{"floor":16,"key":"Weak Potion"},{"floor":18,"key":"FocusPotion"},{"floor":29,"key":"Ancient Potion"},{"floor":30,"key":"SkillPotion"},{"floor":33,"key":"GamblersBrew"},{"floor":35,"key":"Strength Potion"},{"floor":45,"key":"Regen Potion"}],"is_trial":false,"path_per_floor":["M","?","M","M","?","R","M","R","T","M","M","M","$","M","R","B",null,"M","$","M","M","M","R","E","R","T","E","M","M","M","?","R","B",null,"M","M","?","$","M","M","R","E","T","R","M","R","?","E","R","B",null],"character_chosen":"DEFECT","items_purchased":["Machine Learning","Bird Faced Urn"],"campfire_rested":0,"item_purchase_floors":[13,38],"current_hp_per_floor":[69,51,51,51,51,51,52,52,52,53,54,54,54,51,51,52,74,64,64,54,54,54,54,47,47,47,54,56,58,59,59,59,66,85,92,93,93,93,88,95,95,52,52,52,74,74,74,74,74,43],"gold":224,"neow_bonus":"BOSS_RELIC","is_prod":false,"is_daily":false,"chose_seed":false,"campfire_upgraded":10,"win_rate":0,"timestamp":1550011494,"path_taken":["M","?","M","M","?","R","M","R","T","M","M","M","$","M","R","BOSS","M","?","?","M","M","R","E","R","T","E","M","M","M","?","R","BOSS","M","M","?","$","M","?","R","E","T","R","M","R","?","E","R","BOSS"],"build_version":"2019-01-23","purchased_purges":3,"victory":true,"max_hp_per_floor":[75,75,75,75,75,75,76,76,76,77,78,79,79,80,80,81,81,82,82,83,84,85,85,86,86,86,87,88,89,90,90,90,91,91,92,93,93,93,94,95,95,96,96,96,97,97,92,93,93,94],"card_choices":[{"not_picked":["Go for the Eyes","White Noise"],"picked":"Leap","floor":1},{"not_picked":["Rebound","Hologram"],"picked":"Skim","floor":3},{"not_picked":["Rebound","Steam Power"],"picked":"Steam","floor":4},{"not_picked":["Compile Driver","Barrage"],"picked":"Doom and Gloom","floor":7},{"not_picked":["Capacitor","Aggregate"],"picked":"Cold Snap","floor":10},{"not_picked":["Streamline","Storm"],"picked":"Redo","floor":11},{"not_picked":["Sunder","Barrage"],"picked":"Go for the Eyes","floor":12},{"not_picked":["Aggregate","Blizzard"],"picked":"Hologram","floor":14},{"not_picked":["Rainbow","All For One"],"picked":"Electrodynamics","floor":16},{"not_picked":["Darkness","Reinforced Body"],"picked":"Loop+1","floor":18},{"not_picked":["Cold Snap","Undo+1","Sweeping Beam"],"picked":"SKIP","floor":20},{"not_picked":["Steam Power","Sweeping Beam+1","Cold Snap"],"picked":"SKIP","floor":21},{"not_picked":["Coolheaded","Streamline+1"],"picked":"Genetic Algorithm","floor":22},{"not_picked":["Steam","Barrage"],"picked":"Lockon","floor":24},{"not_picked":["Skim","Loop"],"picked":"Echo Form","floor":27},{"not_picked":["Hello World","Double Energy"],"picked":"Self Repair","floor":28},{"not_picked":["Redo","Coolheaded","Streamline"],"picked":"SKIP","floor":29},{"not_picked":["Chaos","Ball Lightning"],"picked":"Storm+1","floor":30},{"not_picked":["Coolheaded","Glacier","Leap"],"picked":"SKIP","floor":35},{"not_picked":["Undo+1","Ball Lightning+1"],"picked":"Go for the Eyes+1","floor":36},{"not_picked":["Cold Snap+1","Ball Lightning+1","Fission"],"picked":"SKIP","floor":39},{"not_picked":["Gash+1","Double Energy+1","Coolheaded"],"picked":"SKIP","floor":40},{"not_picked":["Ball Lightning+1","Gash","Turbo"],"picked":"SKIP","floor":42},{"not_picked":["Sweeping Beam+1","All For One"],"picked":"Redo+1","floor":45},{"not_picked":["Double Energy+1","Coolheaded"],"picked":"Storm","floor":48}],"player_experience":192829,"relics_obtained":[{"floor":9,"key":"Meat on the Bone"},{"floor":24,"key":"Centennial Puzzle"},{"floor":26,"key":"MawBank"},{"floor":27,"key":"Anchor"},{"floor":42,"key":"Gambling Chip"},{"floor":43,"key":"Dodecahedron"},{"floor":48,"key":"Ice Cream"}],"event_choices":[{"damage_healed":0,"gold_gain":0,"player_choice":"Success","damage_taken":18,"relics_obtained":["Tiny Chest"],"max_hp_gain":0,"max_hp_loss":0,"event_name":"Scrap Ooze","floor":2,"gold_loss":0},{"damage_healed":0,"gold_gain":0,"player_choice":"Trade","damage_taken":0,"relics_obtained":["FaceOfCleric"],"max_hp_gain":0,"max_hp_loss":0,"event_name":"FaceTrader","floor":5,"gold_loss":0},{"damage_healed":0,"gold_gain":0,"player_choice":"Smashed Altar","damage_taken":0,"max_hp_gain":0,"max_hp_loss":0,"event_name":"Forgotten Altar","floor":31,"gold_loss":0,"cards_obtained":["Decay"]},{"cards_removed":["Decay"],"damage_healed":0,"gold_gain":0,"player_choice":"Removed Curses","damage_taken":0,"max_hp_gain":0,"max_hp_loss":0,"event_name":"Fountain of Cleansing","floor":37,"gold_loss":0},{"damage_healed":0,"gold_gain":0,"player_choice":"Max HP","damage_taken":0,"max_hp_gain":0,"max_hp_loss":5,"event_name":"Winding Halls","floor":47,"gold_loss":0}],"is_beta":false,"boss_relics":[{"not_picked":["Busted Crown","White Beast Statue"],"picked":"Nuclear Battery"},{"not_picked":["Calling Bell","Fusion Hammer"],"picked":"Lizard Tail"}],"items_purged_floors":[13,19,38],"is_endless":false,"potions_floor_spawned":[4,7,12,16,18,21,29,30,33,35,45],"ascension_level":5}