{"gold_per_floor":[119,119,130,145,160,160,179,179,202,202,86,106,124,139,139,240,240,254,239,239,149,167,167,202,213,238,238,250,12,25,53,53,53],"floor_reached":33,"playtime":2345,"items_purged":["Strike_B"],"score":416,"play_id":"ed91c4b8-f2c6-4a01-b021-12a955db0b2f","local_time":"20190503214551","is_ascension_mode":true,"campfire_choices":[{"data":"Zap","floor":6,"key":"SMITH"},{"data":"Double Energy","floor":15,"key":"SMITH"},{"floor":23,"key":"REST"},{"floor":27,"key":"REST"},{"floor":32,"key":"REST"}],"neow_cost":"NONE","seed_source_timestamp":226943431572954,"circlet_count":0,"master_deck":["Strike_B+1","Strike_B+1","Defend_B","Defend_B","Defend_B","Defend_B+1","Zap+1","Dualcast","Leap","Cold Snap","Glacier","Leap","Genetic Algorithm","BootSequence","Double Energy+1","Machine Learning","Tempest+1","Cold Snap+1","Hologram+1","Conserve Battery","Cold Snap","Ball Lightning+1","Double Energy","Tempest+1","Stack"],"relics":["Cracked Core","NeowsBlessing","Omamori","Happy Flower","WarpedTongs","Inserter","Boot","Oddly Smooth Stone","Membership Card","Calipers"],"potions_floor_usage":[16,16,24,28,28,30],"damage_taken":[{"damage":0,"enemies":"Cultist","floor":1,"turns":1},{"damage":0,"enemies":"2 Louse","floor":3,"turns":1},{"damage":0,"enemies":"Small Slimes","floor":4,"turns":1},{"damage":1,"enemies":"Looter","floor":5,"turns":3},{"damage":0,"enemies":"Exordium Thugs","floor":7,"turns":6},{"damage":0,"enemies":"Red Slaver","floor":12,"turns":4},{"damage":0,"enemies":"3 Louse","floor":13,"turns":5},{"damage":0,"enemies":"2 Fungi Beasts","floor":14,"turns":4},{"damage":0,"enemies":"The Guardian","floor":16,"turns":13},{"damage":4,"enemies":"Chosen","floor":18,"turns":6},{"damage":8,"enemies":"2 Thieves","floor":19,"turns":4},{"damage":23,"enemies":"Centurion and Healer","floor":22,"turns":11},{"damage":25,"enemies":"Slavers","floor":24,"turns":8},{"damage":8,"enemies":"Cultist and Chosen","floor":25,"turns":9},{"damage":0,"enemies":"Snake Plant","floor":28,"turns":4},{"damage":21,"enemies":"Chosen and Byrds","floor":30,"turns":6},{"damage":23,"enemies":"Book of Stabbing","floor":31,"turns":6},{"damage":34,"enemies":"Champ","floor":33,"turns":14}],"seed_played":"6552237701325011480","potions_obtained":[{"floor":1,"key":"Ancient Potion"},{"floor":3,"key":"Strength Potion"},{"floor":7,"key":"Dexterity Potion"},{"floor":13,"key":"PowerPotion"},{"floor":19,"key":"Fire Potion"},{"floor":25,"key":"Block Potion"},{"floor":28,"key":"Regen Potion"},{"floor":30,"key":"Explosive Potion"}],"is_trial":false,"path_per_floor":["M","?","M","M","M","R","M","?","T","?","$","M","M","M","R","B",null,"M","M","?","?","M","R","E","M","T","R","M","$","M","E","R","B"],"character_chosen":"DEFECT","items_purchased":["Genetic Algorithm","Membership Card","Double Energy"],"campfire_rested":3,"item_purchase_floors":[11,29,29],"current_hp_per_floor":[75,60,60,60,59,59,59,56,56,56,56,56,56,56,56,56,70,66,58,58,58,35,57,32,24,24,46,46,46,34,11,33,0],"gold":53,"neow_bonus":"THREE_ENEMY_KILL","is_prod":false,"is_daily":false,"chose_seed":false,"campfire_upgraded":2,"win_rate":0,"timestamp":1556945151,"path_taken":["M","?","M","M","M","R","M","?","T","?","$","?","M","M","R","BOSS","M","M","?","?","?","R","E","M","T","R","M","?","M","E","R","BOSS"],"build_version":"2019-01-23","purchased_purges":1,"victory":false,"max_hp_per_floor":[75,75,75,75,75,75,75,75,75,75,75,75,75,75,75,75,75,75,75,75,75,75,75,75,75,75,75,75,75,75,75,75,75],"card_choices":[{"not_picked":["Static Discharge","Scrape","Turbo"],"picked":"SKIP","floor":1},{"not_picked":["Force Field","Rebound"],"picked":"Leap","floor":3},{"not_picked":["Coolheaded","Undo"],"picked":"Cold Snap","floor":4},{"not_picked":["Ball Lightning","Conserve Battery"],"picked":"Glacier","floor":5},{"not_picked":["Redo","Force Field"],"picked":"Leap","floor":7},{"not_picked":["Fusion","Rebound","Streamline"],"picked":"SKIP","floor":12},{"not_picked":["Core Surge","Tempest"],"picked":"BootSequence","floor":13},{"not_picked":["Genetic Algorithm","Cold Snap"],"picked":"Double Energy","floor":14},{"not_picked":["Multi-Cast","Creative AI"],"picked":"Machine Learning","floor":16},{"not_picked":["Hello World","Hologram"],"picked":"Tempest+1","floor":18},{"not_picked":["Coolheaded","Heatsinks"],"picked":"Cold Snap+1","floor":19},{"not_picked":["Leap","Sweeping Beam"],"picked":"Hologram+1","floor":22},{"not_picked":["Compile Driver","Turbo"],"picked":"Conserve Battery","floor":24},{"not_picked":["Reprogram+1","Gash"],"picked":"Cold Snap","floor":25},{"not_picked":["Sweeping Beam+1","FTL+1"],"picked":"Ball Lightning+1","floor":28},{"not_picked":["Streamline","Biased Cognition"],"picked":"Tempest+1","floor":30},{"not_picked":["Storm+1","Streamline"],"picked":"Stack","floor":31}],"player_experience":253779,"relics_obtained":[{"floor":9,"key":"Happy Flower"},{"floor":24,"key":"Boot"},{"floor":26,"key":"Oddly Smooth Stone"},{"floor":31,"key":"Calipers"}],"event_choices":[{"damage_healed":0,"gold_gain":0,"player_choice":"Entered Light","damage_taken":15,"max_hp_gain":0,"max_hp_loss":0,"event_name":"Shining Light","floor":2,"gold_loss":0,"cards_upgraded":["Strike_B","Strike_B"]},{"damage_healed":0,"gold_gain":0,"player_choice":"Success","damage_taken":3,"relics_obtained":["Omamori"],"max_hp_gain":0,"max_hp_loss":0,"event_name":"Scrap Ooze","floor":8,"gold_loss":0},{"damage_healed":0,"gold_gain":0,"player_choice":"Rummage","damage_taken":0,"relics_obtained":["WarpedTongs"],"max_hp_gain":0,"max_hp_loss":0,"event_name":"Accursed Blacksmith","floor":10,"gold_loss":0,"cards_obtained":["Pain"]},{"damage_healed":0,"gold_gain":0,"player_choice":"Ignored","damage_taken":0,"max_hp_gain":0,"max_hp_loss":0,"event_name":"Ghosts","floor":20,"gold_loss":0},{"cards_removed":["Strike_B"],"damage_healed":0,"gold_gain":0,"player_choice":"Upgrade and Remove","damage_taken":0,"max_hp_gain":0,"max_hp_loss":0,"event_name":"Designer","floor":21,"gold_loss":90,"cards_upgraded":["Defend_B"]}],"is_beta":false,"boss_relics":[{"not_picked":["Empty Cage","Tiny House"],"picked":"Inserter"}],"items_purged_floors":[11],"is_endless":false,"potions_floor_spawned":[1,3,7,13,19,25,28,30],"killed_by":"Champ","ascension_level":5}