{"gold_per_floor":[117,117,131,206,280,280,294,23,23,41,41,41,71,71,71,142,142,154,154],"floor_reached":19,"playtime":652,"items_purged":["Strike_B"],"score":284,"play_id":"a6336f3f-042c-4255-8c1c-48bbfa17f5e7","local_time":"20190520231141","is_ascension_mode":true,"campfire_choices":[{"data":"Melter","floor":6,"key":"SMITH"},{"data":"Strike_B","floor":11,"key":"PURGE"},{"floor":15,"key":"REST"}],"neow_cost":"NONE","seed_source_timestamp":51881423964757,"circlet_count":0,"master_deck":["AscendersBane","Strike_B","Strike_B","Defend_B","Defend_B","Defend_B","Defend_B","Zap","Dualcast","Melter+1","Apotheosis","Echo Form","Buffer"],"relics":["Cracked Core","NeowsBlessing","Peace Pipe","Turnip","Inserter"],"potions_floor_usage":[14,19],"damage_taken":[{"damage":0,"enemies":"2 Louse","floor":1,"turns":1},{"damage":0,"enemies":"Small Slimes","floor":3,"turns":1},{"damage":0,"enemies":"Cultist","floor":7,"turns":1},{"damage":0,"enemies":"2 Fungi Beasts","floor":10,"turns":3},{"damage":8,"enemies":"Lagavulin","floor":13,"turns":7},{"damage":0,"enemies":"Red Slaver","floor":14,"turns":1},{"damage":38,"enemies":"Slime Boss","floor":16,"turns":9},{"damage":12,"enemies":"Chosen","floor":18,"turns":6},{"damage":51,"enemies":"Colosseum Slavers","floor":19,"turns":3}],"seed_played":"-6347883918623474809","potions_obtained":[{"floor":1,"key":"SmokeBomb"},{"floor":18,"key":"FocusPotion"}],"is_trial":false,"path_per_floor":["M","?","M","?","?","R","M","$","T","M","R","$","E","M","R","B",null,"M","?"],"character_chosen":"DEFECT","items_purchased":["Apotheosis"],"campfire_rested":1,"item_purchase_floors":[8],"current_hp_per_floor":[64,64,64,53,53,53,53,53,53,53,53,53,45,45,66,28,60,48,0],"gold":154,"neow_bonus":"THREE_ENEMY_KILL","is_prod":false,"is_daily":false,"chose_seed":false,"campfire_upgraded":1,"win_rate":0,"timestamp":1558419101,"path_taken":["M","?","M","?","?","R","M","$","T","M","R","$","E","M","R","BOSS","M","?"],"build_version":"2019-01-23","purchased_purges":1,"victory":false,"max_hp_per_floor":[71,71,71,71,71,71,71,71,71,71,71,71,71,71,71,71,71,71,71],"card_choices":[{"not_picked":["Self Repair","Steam"],"picked":"Melter","floor":1},{"not_picked":["Gash","Redo","Fusion"],"picked":"SKIP","floor":3},{"not_picked":["Cold Snap","Darkness","Steam"],"picked":"SKIP","floor":7},{"not_picked":["Cold Snap","Blizzard"],"picked":"Echo Form","floor":10},{"not_picked":["Recycle","Rebound","Streamline"],"picked":"SKIP","floor":13},{"not_picked":["Creative AI","Machine Learning"],"picked":"Buffer","floor":16},{"not_picked":["Steam","Rebound","Reprogram"],"picked":"SKIP","floor":18}],"player_experience":654070,"relics_obtained":[{"floor":9,"key":"Peace Pipe"},{"floor":13,"key":"Turnip"}],"event_choices":[{"damage_healed":0,"gold_gain":0,"player_choice":"Ignored","damage_taken":0,"max_hp_gain":0,"max_hp_loss":0,"event_name":"Liars Game","floor":2,"gold_loss":0},{"damage_healed":0,"gold_gain":75,"player_choice":"Gather Gold","damage_taken":11,"max_hp_gain":0,"max_hp_loss":0,"event_name":"World of Goop","floor":4,"gold_loss":0},{"damage_healed":0,"gold_gain":74,"player_choice":"Gained Gold","damage_taken":0,"max_hp_gain":0,"max_hp_loss":0,"event_name":"Golden Wing","floor":5,"gold_loss":0},{"damage_healed":0,"gold_gain":0,"player_choice":"Fight","damage_taken":0,"max_hp_gain":0,"max_hp_loss":0,"event_name":"Colosseum","floor":19,"gold_loss":0}],"is_beta":false,"boss_relics":[{"not_picked":["Black Star","Busted Crown"],"picked":"Inserter"}],"items_purged_floors":[8],"is_endless":false,"potions_floor_spawned":[1,18],"killed_by":"Colosseum Slavers","ascension_level":14}