{"gold_per_floor":[12,24,39,39,56,56,82,2,26,44,58,58,150,150,150,250,250,270,270,296,315,38,38,58,58,83,101,101,12,12,25,25,124,124,140,159,159,0,14,14,14,14,14,32,32,42,42,54,54,54],"floor_reached":51,"playtime":5510,"items_purged":["Decay","Strike_G"],"score":709,"play_id":"cd0a59d8-5437-4bb1-b2a5-09609e588cc6","local_time":"20190124011151","is_ascension_mode":true,"campfire_choices":[{"data":"After Image","floor":6,"key":"SMITH"},{"floor":12,"key":"REST"},{"floor":15,"key":"REST"},{"floor":23,"key":"REST"},{"floor":25,"key":"REST"},{"floor":28,"key":"REST"},{"data":"After Image","floor":30,"key":"SMITH"},{"floor":32,"key":"REST"},{"data":"Accuracy","floor":40,"key":"SMITH"},{"floor":47,"key":"REST"},{"floor":49,"key":"REST"}],"neow_cost":"NO_GOLD","seed_source_timestamp":1161196807460772,"circlet_count":0,"master_deck":["Defend_G","Defend_G","Defend_G","Defend_G","Defend_G","Strike_G","Strike_G","Strike_G","Strike_G","Survivor","Neutralize","After Image+1","Blade Dance","Backstab+1","Dodge and Roll+1","Adrenaline","Infinite Blades","Quick Slash","Accuracy+1","Terror","Phantasmal Killer","Cloak And Dagger","Expertise","Cloak And Dagger","Infinite Blades","Acrobatics","All Out Attack","After Image+1","Infinite Blades","Bandage Up","Blade Dance","Blade Dance+1","Slice+1","Footwork","Terror+1","Storm of Steel","Backflip","Sucker Punch+1","Blade Dance+1","A Thousand Cuts+1","Prepared+1","Blur+1","Acrobatics+1"],"relics":["Ring of the Snake","Orichalcum","Smiling Mask","Tiny Chest","Orrery","Oddly Smooth Stone","Snake Skull","Sozu","Darkstone Periapt","Red Mask","Toxic Egg 2","Dream Catcher"],"potions_floor_usage":[7,18,18,24,33,50],"damage_taken":[{"damage":2,"enemies":"Cultist","floor":1,"turns":7},{"damage":0,"enemies":"Small Slimes","floor":2,"turns":6},{"damage":1,"enemies":"Jaw Worm","floor":3,"turns":4},{"damage":7,"enemies":"Red Slaver","floor":5,"turns":6},{"damage":18,"enemies":"Lagavulin","floor":7,"turns":11},{"damage":5,"enemies":"2 Fungi Beasts","floor":10,"turns":4},{"damage":5,"enemies":"Large Slime","floor":11,"turns":7},{"damage":22,"enemies":"Lagavulin Event","floor":13,"turns":7},{"damage":13,"enemies":"Hexaghost","floor":16,"turns":9},{"damage":25,"enemies":"3 Byrds","floor":18,"turns":7},{"damage":20,"enemies":"Chosen","floor":21,"turns":7},{"damage":34,"enemies":"Snake Plant","floor":24,"turns":6},{"damage":8,"enemies":"Shelled Parasite and Fungi","floor":27,"turns":4},{"damage":24,"enemies":"Centurion and Healer","floor":31,"turns":8},{"damage":23,"enemies":"Automaton","floor":33,"turns":11},{"damage":9,"enemies":"3 Darklings","floor":35,"turns":6},{"damage":10,"enemies":"3 Shapes","floor":36,"turns":7},{"damage":14,"enemies":"Spire Growth","floor":39,"turns":5},{"damage":7,"enemies":"Maw","floor":44,"turns":9},{"damage":3,"enemies":"Transient","floor":46,"turns":5},{"damage":22,"enemies":"3 Darklings","floor":48,"turns":7},{"damage":33,"enemies":"Time Eater","floor":50,"turns":10}],"seed_played":"6241436486681696024","potions_obtained":[{"floor":2,"key":"Strength Potion"},{"floor":7,"key":"LiquidBronze"},{"floor":11,"key":"Swift Potion"},{"floor":13,"key":"Block Potion"},{"floor":16,"key":"Block Potion"},{"floor":21,"key":"Dexterity Potion"},{"floor":24,"key":"Ancient Potion"},{"floor":27,"key":"Dexterity Potion"},{"floor":33,"key":"Energy Potion"}],"is_trial":false,"path_per_floor":["M","M","M","?","M","R","E","$","T","M","M","R","?","?","R","B",null,"M","?","T","M","$","R","M","R","T","M","R","$","R","M","R","B",null,"M","M","T","?","M","R","$","T","T","M","?","M","R","M","R","B",null],"character_chosen":"THE_SILENT","items_purchased":["Infinite Blades","Infinite Blades","Bandage Up","Blade Dance","Footwork"],"campfire_rested":8,"item_purchase_floors":[8,22,22,22,29],"current_hp_per_floor":[68,68,67,67,60,60,42,42,42,37,32,53,31,17,38,25,70,45,45,45,25,25,46,16,37,37,33,54,54,54,34,55,36,70,65,59,59,59,49,49,49,49,49,46,46,47,68,46,67,38],"gold":54,"neow_bonus":"THREE_RARE_CARDS","is_prod":false,"is_daily":false,"chose_seed":false,"campfire_upgraded":3,"win_rate":0,"timestamp":1548310311,"path_taken":["M","M","?","?","M","R","E","?","T","?","M","R","?","?","R","BOSS","M","?","?","M","$","R","M","R","T","M","R","$","R","M","R","BOSS","M","M","?","?","M","R","?","?","T","?","?","M","R","M","R","BOSS"],"build_version":"2019-01-23","purchased_purges":2,"victory":true,"max_hp_per_floor":[70,70,70,70,70,70,70,70,70,70,70,70,70,70,70,70,70,70,70,70,70,70,70,70,70,70,70,70,70,70,70,70,70,70,70,70,70,70,70,70,70,70,70,70,70,70,70,70,70,70],"card_choices":[{"not_picked":["Venomology","Envenom"],"picked":"After Image","floor":0},{"not_picked":["All Out Attack","Flying Knee"],"picked":"Blade Dance","floor":1},{"not_picked":["Deflect","Flechettes"],"picked":"Backstab","floor":2},{"not_picked":["Dagger Throw","Endless Agony","Deadly Poison"],"picked":"SKIP","floor":3},{"not_picked":["Deadly Poison","Endless Agony"],"picked":"Dodge and Roll","floor":5},{"not_picked":["Backstab","Caltrops"],"picked":"Adrenaline","floor":7},{"not_picked":["Dagger Spray","Riddle With Holes"],"picked":"Quick Slash","floor":10},{"not_picked":["Reflex","Sucker Punch"],"picked":"Accuracy","floor":11},{"not_picked":["Sucker Punch","Choke"],"picked":"Terror","floor":13},{"not_picked":["Doppelganger","Corpse Explosion"],"picked":"Phantasmal Killer","floor":16},{"not_picked":["Distraction","Blade Dance"],"picked":"Cloak And Dagger","floor":17},{"not_picked":["Bane","Escape Plan"],"picked":"Expertise","floor":17},{"not_picked":["Prepared","Dodge and Roll"],"picked":"Cloak And Dagger","floor":17},{"not_picked":["Terror","Slice"],"picked":"Infinite Blades","floor":17},{"not_picked":["Endless Agony","Terror"],"picked":"Acrobatics","floor":17},{"not_picked":["Quick Slash","Outmaneuver"],"picked":"All Out Attack","floor":18},{"not_picked":["Quick Slash","Distraction"],"picked":"After Image","floor":21},{"not_picked":["Sucker Punch","Terror"],"picked":"Blade Dance+1","floor":24},{"not_picked":["Dagger Throw","Poisoned Stab"],"picked":"Slice+1","floor":27},{"not_picked":["Bouncing Flask","Well Laid Plans+1"],"picked":"Terror+1","floor":31},{"not_picked":["Burst","Malaise"],"picked":"Storm of Steel","floor":33},{"not_picked":["Dagger Spray","Reflex+1"],"picked":"Backflip","floor":35},{"not_picked":["Poisoned Stab+1","Dodge and Roll"],"picked":"Sucker Punch+1","floor":36},{"not_picked":["Quick Slash","Prepared"],"picked":"Blade Dance+1","floor":39},{"not_picked":["Prepared+1","Flying Knee"],"picked":"A Thousand Cuts","floor":44},{"not_picked":["Dagger Throw","PiercingWail+1"],"picked":"Prepared+1","floor":46},{"not_picked":["Calculated Gamble+1","Dagger Spray+1"],"picked":"Blur+1","floor":47},{"not_picked":["Bouncing Flask+1","Quick Slash","Deadly Poison+1"],"picked":"SKIP","floor":48},{"not_picked":["Dash+1","Dagger Spray"],"picked":"Acrobatics+1","floor":49}],"player_experience":95064,"relics_obtained":[{"floor":7,"key":"Orichalcum"},{"floor":9,"key":"Smiling Mask"},{"floor":13,"key":"Tiny Chest"},{"floor":20,"key":"Oddly Smooth Stone"},{"floor":26,"key":"Snake Skull"},{"floor":37,"key":"Darkstone Periapt"},{"floor":42,"key":"Toxic Egg 2"},{"floor":43,"key":"Dream Catcher"}],"event_choices":[{"damage_healed":0,"gold_gain":0,"player_choice":"Ignored","damage_taken":0,"max_hp_gain":0,"max_hp_loss":0,"event_name":"Liars Game","floor":4,"gold_loss":0},{"damage_healed":0,"gold_gain":0,"player_choice":"Searched \u00272\u0027 times","damage_taken":0,"max_hp_gain":0,"max_hp_loss":0,"event_name":"Dead Adventurer","floor":13,"gold_loss":0},{"damage_healed":0,"gold_gain":0,"player_choice":"Entered Light","damage_taken":14,"max_hp_gain":0,"max_hp_loss":0,"event_name":"Shining Light","floor":14,"gold_loss":0,"cards_upgraded":["Dodge and Roll","Backstab"]},{"damage_healed":0,"gold_gain":0,"player_choice":"Smashed Altar","damage_taken":0,"max_hp_gain":0,"max_hp_loss":0,"event_name":"Forgotten Altar","floor":19,"gold_loss":0,"cards_obtained":["Decay"]},{"damage_healed":0,"gold_gain":0,"player_choice":"Paid","damage_taken":0,"relics_obtained":["Red Mask"],"max_hp_gain":0,"max_hp_loss":0,"event_name":"Tomb of Lord Red Mask","floor":38,"gold_loss":159},{"damage_healed":0,"gold_gain":0,"player_choice":"Upgraded","damage_taken":0,"max_hp_gain":0,"max_hp_loss":0,"event_name":"Upgrade Shrine","floor":45,"gold_loss":0,"cards_upgraded":["A Thousand Cuts"]}],"is_beta":false,"boss_relics":[{"not_picked":["White Beast Statue","Busted Crown"],"picked":"Orrery"},{"not_picked":["Philosopher\u0027s Stone","Tiny House"],"picked":"Sozu"}],"items_purged_floors":[22,29],"is_endless":false,"potions_floor_spawned":[2,7,11,13,16,21,24,27,33,39,44,48],"ascension_level":2}