{"gold_per_floor":[112,112,123,139,10,10,39,50,50,50,69,34,34,53,53,53],"floor_reached":16,"playtime":673,"items_purged":["Strike_B"],"score":199,"play_id":"751a8057-8a4a-4d61-ad4f-6b0d9af351ba","local_time":"20190528154203","is_ascension_mode":true,"campfire_choices":[{"data":"1","floor":6,"key":"LIFT"},{"floor":10,"key":"REST"},{"data":"2","floor":15,"key":"LIFT"}],"neow_cost":"TEN_PERCENT_HP_LOSS","seed_source_timestamp":258778728338334,"circlet_count":0,"master_deck":["AscendersBane","Strike_B","Strike_B","Strike_B","Defend_B","Defend_B","Defend_B","Defend_B","Zap+1","Dualcast","Rip and Tear","Compile Driver","Steam","Glacier","Cold Snap","Melter","Rip and Tear","Reinforced Body","Compile Driver"],"relics":["Cracked Core","Girya","Prayer Wheel","Mummified Hand"],"potions_floor_usage":[7,16],"damage_taken":[{"damage":9,"enemies":"Jaw Worm","floor":1,"turns":5},{"damage":7,"enemies":"Cultist","floor":3,"turns":4},{"damage":7,"enemies":"Small Slimes","floor":4,"turns":3},{"damage":40,"enemies":"3 Sentries","floor":7,"turns":7},{"damage":0,"enemies":"Blue Slaver","floor":8,"turns":3},{"damage":0,"enemies":"Looter","floor":11,"turns":3},{"damage":8,"enemies":"Large Slime","floor":14,"turns":4},{"damage":54,"enemies":"Hexaghost","floor":16,"turns":9}],"seed_played":"-8155829975371587352","potions_obtained":[{"floor":3,"key":"SteroidPotion"},{"floor":8,"key":"LiquidBronze"}],"is_trial":false,"path_per_floor":["M","?","M","M","$","R","E","M","T","R","M","?","?","M","R","B"],"character_chosen":"DEFECT","items_purchased":["Steam"],"campfire_rested":1,"item_purchase_floors":[5],"current_hp_per_floor":[55,55,48,41,41,41,1,1,1,20,20,36,57,49,49,0],"gold":53,"neow_bonus":"ONE_RARE_RELIC","is_prod":false,"is_daily":false,"chose_seed":false,"campfire_upgraded":0,"win_rate":0,"timestamp":1559083323,"path_taken":["M","?","M","M","$","R","E","M","T","R","?","?","?","M","R","BOSS"],"build_version":"2019-01-23","purchased_purges":1,"victory":false,"max_hp_per_floor":[64,64,64,64,64,64,64,64,64,64,64,64,64,64,64,64],"card_choices":[{"not_picked":["Turbo","Loop","Stack"],"picked":"SKIP","floor":1},{"not_picked":["Stack","Gash"],"picked":"Rip and Tear","floor":3},{"not_picked":["Capacitor","Consume"],"picked":"Compile Driver","floor":4},{"not_picked":["Sweeping Beam","Coolheaded"],"picked":"Glacier","floor":7},{"not_picked":["Coolheaded","Streamline"],"picked":"Cold Snap","floor":8},{"not_picked":["Hologram","Redo","Streamline"],"picked":"SKIP","floor":8},{"not_picked":["Storm","Chaos"],"picked":"Melter","floor":11},{"not_picked":["Stack","Cold Snap"],"picked":"Rip and Tear","floor":11},{"not_picked":["Buffer","Leap"],"picked":"Reinforced Body","floor":14},{"not_picked":["Go for the Eyes","Barrage"],"picked":"Compile Driver","floor":14}],"player_experience":797270,"relics_obtained":[{"floor":7,"key":"Prayer Wheel"},{"floor":9,"key":"Mummified Hand"}],"event_choices":[{"damage_healed":0,"gold_gain":0,"player_choice":"Upgraded","damage_taken":0,"max_hp_gain":0,"max_hp_loss":0,"event_name":"Upgrade Shrine","floor":2,"gold_loss":0,"cards_upgraded":["Zap"]},{"damage_healed":16,"gold_gain":0,"player_choice":"Healed","damage_taken":0,"max_hp_gain":0,"max_hp_loss":0,"event_name":"The Cleric","floor":12,"gold_loss":35},{"damage_healed":21,"gold_gain":0,"player_choice":"Banana","damage_taken":0,"max_hp_gain":0,"max_hp_loss":0,"event_name":"Big Fish","floor":13,"gold_loss":0}],"is_beta":false,"boss_relics":[],"items_purged_floors":[5],"is_endless":false,"potions_floor_spawned":[3,8],"killed_by":"Hexaghost","ascension_level":19}