{"gold_per_floor":[118,138,138,155,3,34,34,48,72,88,88,88,88,106,106,231,231,246,199,212,236,236,236,251,267,267,267],"floor_reached":27,"playtime":1661,"items_purged":[],"score":242,"play_id":"5efaa74f-cb65-43d8-869f-a5c14537c5c8","local_time":"20180624103149","is_ascension_mode":false,"campfire_choices":[{"data":"Cloak And Dagger","floor":13,"key":"SMITH"},{"data":"Caltrops","floor":15,"key":"SMITH"},{"data":"A Thousand Cuts","floor":23,"key":"SMITH"}],"neow_cost":"NONE","seed_source_timestamp":163573665757258,"circlet_count":0,"master_deck":["Defend_G","Defend_G","Defend_G","Strike_G","Strike_G","Strike_G","Strike_G","Strike_G","Survivor","Neutralize","Cloak And Dagger+1","All Out Attack","Cloak And Dagger+1","Distraction","Cloak And Dagger","Caltrops+1","A Thousand Cuts+1","Caltrops","Backflip","Dagger Spray","Cloak And Dagger","Infinite Blades"],"relics":["Empty Cage","Dream Catcher","Orichalcum","Omamori","Bloody Idol","Cursed Key","Anchor"],"potions_floor_usage":[16,16,20,21,24,27],"damage_taken":[{"damage":0,"enemies":"Cultist","floor":1,"turns":4},{"damage":2,"enemies":"Jaw Worm","floor":2,"turns":5},{"damage":0,"enemies":"2 Louse","floor":4,"turns":2},{"damage":37,"enemies":"Lagavulin","floor":6,"turns":8},{"damage":0,"enemies":"Exordium Wildlife","floor":8,"turns":3},{"damage":18,"enemies":"Large Slime","floor":10,"turns":6},{"damage":10,"enemies":"Red Slaver","floor":14,"turns":4},{"damage":62,"enemies":"Slime Boss","floor":16,"turns":15},{"damage":21,"enemies":"Chosen","floor":18,"turns":5},{"damage":0,"enemies":"3 Byrds","floor":20,"turns":2},{"damage":12,"enemies":"Centurion and Healer","floor":21,"turns":6},{"damage":0,"enemies":"Snecko","floor":24,"turns":5},{"damage":46,"enemies":"Cultist and Chosen","floor":25,"turns":7},{"damage":12,"enemies":"Snake Plant","floor":27,"turns":3}],"seed_played":"7461559374814012952","potions_obtained":[{"floor":8,"key":"GamblersBrew"},{"floor":14,"key":"SkillPotion"},{"floor":16,"key":"Explosive Potion"},{"floor":20,"key":"Block Potion"},{"floor":21,"key":"Weak Potion"}],"is_trial":false,"path_per_floor":["M","M","?","M","$","E","$","M","T","M","?","?","R","M","R","B",null,"M","$","M","M","?","R","M","M","T"],"character_chosen":"THE_SILENT","items_purchased":["Dream Catcher","Backflip"],"campfire_rested":0,"item_purchase_floors":[5,19],"current_hp_per_floor":[70,68,68,68,68,31,31,31,31,13,13,80,80,70,70,8,80,59,59,59,47,47,47,52,11,11,0],"gold":267,"neow_bonus":"BOSS_RELIC","is_prod":false,"is_daily":false,"chose_seed":false,"campfire_upgraded":3,"win_rate":0,"timestamp":1529829109,"path_taken":["M","?","?","M","?","E","$","M","T","M","?","?","R","M","R","BOSS","M","$","M","M","?","R","M","M","T","?"],"build_version":"2018-06-21v2","purchased_purges":0,"victory":false,"max_hp_per_floor":[70,70,70,70,70,70,70,70,70,70,70,80,80,80,80,80,80,80,80,80,80,80,80,80,80,80,80],"card_choices":[{"not_picked":["Dodge and Roll","Outmaneuver"],"picked":"Cloak And Dagger","floor":1},{"not_picked":["Calculated Gamble","Outmaneuver"],"picked":"All Out Attack","floor":2},{"not_picked":["Expertise","Backflip"],"picked":"Cloak And Dagger","floor":4},{"not_picked":["Dagger Throw","Masterful Stab"],"picked":"Distraction","floor":6},{"not_picked":["Backflip","Sucker Punch"],"picked":"Cloak And Dagger","floor":8},{"not_picked":["Dagger Throw","Cloak And Dagger"],"picked":"Storm of Steel","floor":10},{"not_picked":["Deflect","Backflip"],"picked":"Caltrops","floor":14},{"not_picked":["Bullet Time","Wraith Form v2"],"picked":"A Thousand Cuts","floor":16},{"not_picked":["Cloak And Dagger","Malaise"],"picked":"Caltrops","floor":18},{"not_picked":["Heel Hook+1","Outmaneuver"],"picked":"Dagger Spray","floor":20},{"not_picked":["Prepared+1","Finisher","Endless Agony+1"],"picked":"SKIP","floor":21},{"not_picked":["Deflect","Prepared+1"],"picked":"Cloak And Dagger","floor":24},{"not_picked":["Endless Agony+1","Malaise"],"picked":"Infinite Blades","floor":25}],"player_experience":36340,"relics_obtained":[{"floor":6,"key":"Orichalcum"},{"floor":9,"key":"Omamori"},{"floor":26,"key":"Anchor"}],"event_choices":[{"event_name":"Upgrade Shrine","player_choice":"Upgraded","floor":3,"damage_taken":0},{"event_name":"Golden Idol","player_choice":"Take Wound","floor":11,"damage_taken":0},{"event_name":"Bonfire Elementals","player_choice":"RARE","floor":12,"damage_taken":0},{"event_name":"Forgotten Altar","player_choice":"Gave Idol","floor":22,"damage_taken":0}],"boss_relics":[{"not_picked":["Tiny House","Fusion Hammer"],"picked":"Cursed Key"}],"items_purged_floors":[],"is_endless":false,"potions_floor_spawned":[8,14,16,20,21],"killed_by":"Snake Plant","ascension_level":0}