{"gold_per_floor":[364,382,87,106,124,134,160,173,198,210,243,243,317,334,334,334],"floor_reached":16,"playtime":693,"items_purged":["Defend_R"],"score":116,"play_id":"9488f0b6-31d8-4a97-b406-c1b3df009b14","local_time":"20190319191105","is_ascension_mode":false,"campfire_choices":[{"floor":12,"key":"RECALL"},{"data":"1","floor":15,"key":"LIFT"}],"neow_cost":"PERCENT_DAMAGE","seed_source_timestamp":510543867038776,"circlet_count":0,"master_deck":["Strike_R","Strike_R","Strike_R","Strike_R","Strike_R","Defend_R","Defend_R","Defend_R","Bash","Metallicize","Hemokinesis","Metallicize","Warcry","Impervious","Body Slam","Evolve","Shrug It Off","Flex+1"],"special_seed":0,"relics":["Burning Blood","Pen Nib","Girya","Blue Candle","Toxic Egg 2"],"potions_floor_usage":[7,14,16],"damage_taken":[{"damage":6.0,"enemies":"Cultist","floor":1.0,"turns":3.0},{"damage":2.0,"enemies":"2 Louse","floor":2.0,"turns":4.0},{"damage":6.0,"enemies":"Jaw Worm","floor":4.0,"turns":3.0},{"damage":16.0,"enemies":"Lots of Slimes","floor":5.0,"turns":5.0},{"damage":7.0,"enemies":"Large Slime","floor":6.0,"turns":7.0},{"damage":12,"enemies":"Lagavulin","floor":7,"turns":7},{"damage":7,"enemies":"3 Louse","floor":8,"turns":5},{"damage":5,"enemies":"Blue Slaver","floor":10,"turns":5},{"damage":22,"enemies":"3 Sentries","floor":11,"turns":10},{"damage":7,"enemies":"Exordium Wildlife","floor":14,"turns":6},{"damage":31,"enemies":"Slime Boss","floor":16,"turns":5}],"seed_played":"-3813975477903560432","potions_obtained":[{"floor":4.0,"key":"Fire Potion"},{"floor":7,"key":"SkillPotion"},{"floor":8,"key":"Weak Potion"}],"is_trial":false,"path_per_floor":["M","M","$","M","M","M","E","M","T","M","E","R","T","M","R","B"],"character_chosen":"IRONCLAD","items_purchased":["Pen Nib","Metallicize"],"campfire_rested":0,"item_purchase_floors":[3,3],"current_hp_per_floor":[56,60,60,60,50,49,43,42,42,43,27,27,27,26,26,0],"gold":334,"neow_bonus":"TWO_FIFTY_GOLD","is_prod":false,"is_daily":false,"chose_seed":false,"campfire_upgraded":0,"win_rate":0,"timestamp":1552990265,"path_taken":["M","?","$","M","M","M","E","M","T","M","E","R","?","M","R","BOSS"],"build_version":"2019-01-23","purchased_purges":1,"victory":false,"max_hp_per_floor":[80,80,80,80,80,80,80,80,80,80,80,80,80,80,80,80],"card_choices":[{"not_picked":["Iron Wave","Sword Boomerang"],"picked":"Metallicize","floor":1.0},{"not_picked":["Shockwave","Evolve"],"picked":"Hemokinesis","floor":2.0},{"not_picked":["Combust","Wild Strike"],"picked":"Warcry","floor":4.0},{"not_picked":["Heavy Blade","Sword Boomerang"],"picked":"Impervious","floor":5.0},{"not_picked":["Clothesline","Pummel"],"picked":"Body Slam","floor":6.0},{"not_picked":["Reckless Charge","Sentinel","Clothesline"],"picked":"SKIP","floor":7},{"not_picked":["Flex","Wild Strike"],"picked":"Evolve","floor":8},{"not_picked":["Sword Boomerang","Body Slam","Disarm"],"picked":"SKIP","floor":10},{"not_picked":["Second Wind","Burning Pact"],"picked":"Shrug It Off","floor":11},{"not_picked":["Pummel","Bludgeon"],"picked":"Flex+1","floor":14}],"player_experience":328559,"relics_obtained":[{"floor":7,"key":"Girya"},{"floor":11,"key":"Blue Candle"},{"floor":13,"key":"Toxic Egg 2"}],"event_choices":[],"is_beta":false,"boss_relics":[],"items_purged_floors":[3],"is_endless":false,"potions_floor_spawned":[4,7,8],"killed_by":"Slime Boss","ascension_level":0}