{"gold_per_floor":[113,123,137,137,151,177,177,212,236,236,247,212,212,56,56,157,157,157,127,127,127,127,127,127,127,127,127,127,127,127,127,127,127,127,127,37,37,0,0,0,0,0,0,0,0,0,0,0,0,0],"floor_reached":50,"playtime":3782,"items_purged":[],"score":818,"play_id":"d868fe69-cd60-4bc2-b0b9-a2d7e3d2a767","local_time":"20190408010003","is_ascension_mode":true,"campfire_choices":[{"floor":7,"key":"REST"},{"data":"A Thousand Cuts","floor":10,"key":"SMITH"},{"data":"Cloak And Dagger","floor":15,"key":"SMITH"},{"data":"Footwork","floor":23,"key":"SMITH"},{"floor":25,"key":"REST"},{"floor":29,"key":"REST"},{"data":"Storm of Steel","floor":32,"key":"SMITH"},{"floor":40,"key":"REST"},{"floor":47,"key":"REST"},{"data":"Choke","floor":49,"key":"SMITH"}],"neow_cost":"NONE","seed_source_timestamp":1384053279588804,"circlet_count":0,"master_deck":["Survivor","Neutralize","Skewer+1","Cloak And Dagger+1","Dagger Throw","Dodge and Roll","Finisher","A Thousand Cuts+1","Storm of Steel+1","Choke+1","Footwork+1","Dash","Backflip","Well Laid Plans","Footwork","Choke+1","Bite","Bite","Bite","Bite","Bite","Malaise","Crippling Poison","Underhanded Strike","Poisoned Stab","Backstab","Trip","Dodge and Roll","Acrobatics"],"relics":["Snecko Eye","Juzu Bracelet","Pen Nib","Bronze Scales","Bag of Preparation","Vajra","Ectoplasm","Regal Pillow","Letter Opener","Snake Skull","Pandora\u0027s Box","Red Mask","Boot","Pantograph","MawBank"],"potions_floor_usage":[6,6,16,19,24,33,41,42,50,50,50],"damage_taken":[{"damage":13,"enemies":"Cultist","floor":1,"turns":6},{"damage":12,"enemies":"Small Slimes","floor":2,"turns":3},{"damage":8,"enemies":"Jaw Worm","floor":3,"turns":4},{"damage":5,"enemies":"Large Slime","floor":5,"turns":4},{"damage":0,"enemies":"Gremlin Nob","floor":6,"turns":2},{"damage":26,"enemies":"Lagavulin","floor":8,"turns":7},{"damage":0,"enemies":"Lots of Slimes","floor":11,"turns":1},{"damage":23,"enemies":"The Guardian","floor":16,"turns":8},{"damage":12,"enemies":"3 Byrds","floor":18,"turns":3},{"damage":12,"enemies":"2 Thieves","floor":19,"turns":3},{"damage":0,"enemies":"Snecko","floor":20,"turns":3},{"damage":0,"enemies":"Shelled Parasite and Fungi","floor":21,"turns":2},{"damage":19,"enemies":"Slavers","floor":24,"turns":3},{"damage":24,"enemies":"Book of Stabbing","floor":27,"turns":4},{"damage":2,"enemies":"3 Cultists","floor":28,"turns":3},{"damage":53,"enemies":"Collector","floor":33,"turns":8},{"damage":19,"enemies":"3 Darklings","floor":35,"turns":4},{"damage":0,"enemies":"3 Shapes","floor":37,"turns":3},{"damage":27,"enemies":"Jaw Worm Horde","floor":39,"turns":4},{"damage":0,"enemies":"Transient","floor":41,"turns":3},{"damage":36,"enemies":"Reptomancer","floor":42,"turns":4},{"damage":16,"enemies":"Writhing Mass","floor":46,"turns":4},{"damage":2,"enemies":"4 Shapes","floor":48,"turns":3},{"damage":68,"enemies":"Donu and Deca","floor":50,"turns":7}],"seed_played":"-5799286852971351672","potions_obtained":[{"floor":1,"key":"Strength Potion"},{"floor":3,"key":"AttackPotion"},{"floor":5,"key":"SkillPotion"},{"floor":11,"key":"Ancient Potion"},{"floor":16,"key":"EssenceOfSteel"},{"floor":18,"key":"SkillPotion"},{"floor":21,"key":"Fire Potion"},{"floor":27,"key":"SmokeBomb"},{"floor":28,"key":"Block Potion"},{"floor":35,"key":"SpeedPotion"},{"floor":42,"key":"Fire Potion"},{"floor":46,"key":"FearPotion"}],"is_trial":false,"path_per_floor":["M","M","M","?","M","E","R","E","T","R","M","?","T","$","R","B",null,"M","M","M","M","?","R","E","R","T","E","M","R","?","?","R","B",null,"M","$","M","?","M","R","M","E","T","?","$","M","R","M","R","B"],"character_chosen":"THE_SILENT","items_purchased":["Vajra","Trip"],"campfire_rested":5,"item_purchase_floors":[14,36],"current_hp_per_floor":[50,38,30,30,25,25,46,20,20,20,20,37,37,37,37,14,56,44,32,32,32,32,32,13,49,49,25,23,59,49,43,43,6,38,29,29,29,29,8,37,43,15,15,15,15,7,36,42,42,0],"gold":0,"neow_bonus":"BOSS_RELIC","is_prod":false,"is_daily":false,"chose_seed":false,"campfire_upgraded":5,"win_rate":0,"timestamp":1554699603,"path_taken":["M","M","M","?","M","E","R","E","T","R","M","?","?","$","R","BOSS","M","M","M","M","?","R","E","R","T","E","M","R","?","?","R","BOSS","M","$","M","?","M","R","M","E","T","?","?","M","R","M","R","BOSS"],"build_version":"2019-01-23","purchased_purges":0,"victory":false,"max_hp_per_floor":[70,70,70,70,70,70,70,70,70,70,70,70,70,70,70,70,70,70,70,70,70,70,70,70,70,70,70,70,70,49,49,49,49,49,49,49,49,49,49,49,49,49,49,49,49,49,49,49,49,49],"card_choices":[{"not_picked":["Well Laid Plans","Riddle With Holes"],"picked":"Skewer","floor":1},{"not_picked":["Dagger Spray","Deadly Poison"],"picked":"Cloak And Dagger","floor":2},{"not_picked":["Dodge and Roll","Prepared"],"picked":"Dagger Throw","floor":3},{"not_picked":["Blur","Eviscerate"],"picked":"Dodge and Roll","floor":5},{"not_picked":["Endless Agony","Quick Slash"],"picked":"Finisher","floor":6},{"not_picked":["Footwork","Reflex"],"picked":"A Thousand Cuts","floor":8},{"not_picked":["Dagger Spray","Blur","Calculated Gamble"],"picked":"SKIP","floor":11},{"not_picked":["Wraith Form v2","Tools of the Trade"],"picked":"Storm of Steel","floor":16},{"not_picked":["Dagger Throw","Deadly Poison"],"picked":"Choke","floor":18},{"not_picked":["Caltrops+1","Dagger Spray"],"picked":"Footwork","floor":19},{"not_picked":["Distraction","Outmaneuver"],"picked":"Dash","floor":20},{"not_picked":["Prepared","Blur"],"picked":"Backflip","floor":21},{"not_picked":["Tactician","Quick Slash"],"picked":"Well Laid Plans","floor":24},{"not_picked":["Dodge and Roll","Slice"],"picked":"Footwork","floor":27},{"not_picked":["Poisoned Stab","Crippling Poison"],"picked":"Choke+1","floor":28},{"not_picked":["Glass Knife","Night Terror"],"picked":"Malaise","floor":33},{"not_picked":["Underhanded Strike+1","Deadly Poison+1","Calculated Gamble"],"picked":"SKIP","floor":35},{"not_picked":["Masterful Stab+1","Finisher","Dagger Throw"],"picked":"SKIP","floor":37},{"not_picked":["All Out Attack","Deflect","Caltrops+1"],"picked":"SKIP","floor":39},{"not_picked":["Quick Slash","Glass Knife","Catalyst"],"picked":"SKIP","floor":42},{"not_picked":["Setup","Dagger Throw+1"],"picked":"Dodge and Roll","floor":46},{"not_picked":["Flying Knee","Slice"],"picked":"Acrobatics","floor":48}],"player_experience":293184,"relics_obtained":[{"floor":6,"key":"Juzu Bracelet"},{"floor":8,"key":"Pen Nib"},{"floor":9,"key":"Bronze Scales"},{"floor":13,"key":"Bag of Preparation"},{"floor":24,"key":"Regal Pillow"},{"floor":26,"key":"Letter Opener"},{"floor":27,"key":"Snake Skull"},{"floor":42,"key":"Boot"},{"floor":43,"key":"Pantograph"}],"event_choices":[{"damage_healed":0,"gold_gain":0,"player_choice":"Grow","damage_taken":0,"max_hp_gain":0,"max_hp_loss":0,"event_name":"Living Wall","floor":4,"gold_loss":0,"cards_upgraded":["Skewer"]},{"damage_healed":17,"gold_gain":0,"player_choice":"Healed","damage_taken":0,"max_hp_gain":0,"max_hp_loss":0,"event_name":"The Cleric","floor":12,"gold_loss":35},{"damage_healed":0,"gold_gain":0,"player_choice":"Leave","damage_taken":0,"max_hp_gain":0,"max_hp_loss":0,"event_name":"FaceTrader","floor":22,"gold_loss":0},{"damage_healed":0,"gold_gain":0,"player_choice":"Became a vampire","damage_taken":0,"max_hp_gain":0,"max_hp_loss":21,"event_name":"Vampires","floor":30,"gold_loss":0,"cards_obtained":["Bite","Bite","Bite","Bite","Bite"]},{"damage_healed":0,"gold_gain":0,"player_choice":"","damage_taken":6,"max_hp_gain":0,"max_hp_loss":0,"event_name":"Knowing Skull","floor":31,"potions_obtained":[],"gold_loss":0,"cards_obtained":[]},{"damage_healed":0,"gold_gain":0,"player_choice":"Paid","damage_taken":0,"relics_obtained":["Red Mask"],"max_hp_gain":0,"max_hp_loss":0,"event_name":"Tomb of Lord Red Mask","floor":38,"gold_loss":37},{"cards_removed":["Glass Knife"],"damage_healed":0,"gold_gain":0,"player_choice":"Gave Card","damage_taken":0,"relics_obtained":["MawBank"],"max_hp_gain":0,"max_hp_loss":0,"event_name":"WeMeetAgain","floor":44,"gold_loss":0}],"is_beta":false,"boss_relics":[{"not_picked":["Fusion Hammer","Lizard Tail"],"picked":"Ectoplasm"},{"not_picked":["HoveringKite","Runic Pyramid"],"picked":"Pandora\u0027s Box"}],"items_purged_floors":[],"is_endless":false,"potions_floor_spawned":[1,3,5,11,16,18,21,27,28,35,42,46],"killed_by":"Donu and Deca","ascension_level":9}