{"gold_per_floor":[115,132,143,158,169,169,197,197,253,253,285,303,50,68,68,167,167,180,196,6,21,48,48,83,101,150,168,43,43,43,60,60,162,162,178,178,198,210,210,210,235,253,253,267,281,37,54,74,74,74],"floor_reached":51,"playtime":2561,"items_purged":["Strike_R","Strike_R","Defend_R"],"score":992,"play_id":"0bfd6e0d-e344-44b9-8467-50790e4df0cf","local_time":"20180626025556","is_ascension_mode":false,"campfire_choices":[{"data":"Armaments","floor":6,"key":"SMITH"},{"floor":8,"key":"REST"},{"data":"Inflame","floor":10,"key":"SMITH"},{"floor":15,"key":"REST"},{"data":"Heavy Blade","floor":23,"key":"SMITH"},{"data":"Demon Form","floor":29,"key":"SMITH"},{"floor":32,"key":"REST"},{"data":"Juggernaut","floor":40,"key":"SMITH"},{"floor":49,"key":"REST"}],"neow_cost":"NONE","seed_source_timestamp":39267894834506,"circlet_count":0,"master_deck":["Strike_R","Strike_R+1","Defend_R","Defend_R","Defend_R","Bash","Inflame+1","Infernal Blade","Armaments+1","Pommel Strike","Thunderclap","Rage","Spot Weakness","Demon Form+1","Iron Wave","Headbutt","Immolate","Thunderclap+1","Heavy Blade+1","Disarm","Sword Boomerang","Shrug It Off","Parasite","Headbutt","Shrug It Off","Parasite","Ghostly Armor","Writhe","Metallicize","Juggernaut+1","Cleave+1","Heavy Blade","Pummel+1","Decay","Sword Boomerang+1","Apotheosis","Shrug It Off+1","Rampage"],"relics":["Burning Blood","Ancient Tea Set","Bird Faced Urn","Tiny Chest","Whetstone","Bag of Marbles","Cursed Key","Oddly Smooth Stone","Boot","Strawberry","Toolbox","Velvet Choker","Champion Belt","Potion Belt","Mango"],"potions_floor_usage":[5,7,16,16,21,27,33,36,41,44,50],"damage_taken":[{"damage":6,"enemies":"Cultist","floor":1,"turns":3},{"damage":5,"enemies":"Small Slimes","floor":2,"turns":4},{"damage":5,"enemies":"2 Louse","floor":3,"turns":2},{"damage":15,"enemies":"Looter","floor":4,"turns":3},{"damage":20,"enemies":"3 Louse","floor":5,"turns":4},{"damage":12,"enemies":"Gremlin Nob","floor":7,"turns":3},{"damage":25,"enemies":"Lagavulin","floor":11,"turns":4},{"damage":4,"enemies":"2 Fungi Beasts","floor":12,"turns":2},{"damage":7,"enemies":"Large Slime","floor":14,"turns":7},{"damage":42,"enemies":"Hexaghost","floor":16,"turns":6},{"damage":31,"enemies":"Shell Parasite","floor":18,"turns":4},{"damage":5,"enemies":"3 Byrds","floor":19,"turns":4},{"damage":11,"enemies":"Centurion and Healer","floor":21,"turns":5},{"damage":6,"enemies":"Book of Stabbing","floor":24,"turns":3},{"damage":18,"enemies":"3 Cultists","floor":25,"turns":5},{"damage":20,"enemies":"Snake Plant","floor":27,"turns":4},{"damage":1,"enemies":"Cultist and Chosen","floor":31,"turns":5},{"damage":55,"enemies":"Automaton","floor":33,"turns":9},{"damage":4,"enemies":"3 Darklings","floor":35,"turns":3},{"damage":16,"floor":36,"turns":7},{"damage":6,"enemies":"3 Shapes","floor":37,"turns":4},{"damage":0,"enemies":"3 Darklings","floor":38,"turns":1},{"damage":18,"enemies":"Nemesis","floor":41,"turns":5},{"damage":13,"enemies":"Sphere and 2 Shapes","floor":42,"turns":5},{"damage":5,"enemies":"Maw","floor":44,"turns":6},{"damage":13,"enemies":"4 Shapes","floor":45,"turns":5},{"damage":37,"enemies":"Sphere and 2 Shapes","floor":47,"turns":4},{"damage":13,"enemies":"3 Darklings","floor":48,"turns":3},{"damage":51,"enemies":"Time Eater","floor":50,"turns":6}],"seed_played":"-418414528935374617","potions_obtained":[{"floor":1,"key":"Dexterity Potion"},{"floor":2,"key":"FearPotion"},{"floor":4,"key":"Regen Potion"},{"floor":11,"key":"Poison Potion"},{"floor":19,"key":"Weak Potion"},{"floor":25,"key":"Regen Potion"},{"floor":27,"key":"GamblersBrew"},{"floor":35,"key":"Weak Potion"},{"floor":37,"key":"AttackPotion"},{"floor":42,"key":"SkillPotion"},{"floor":48,"key":"Fire Potion"}],"is_trial":false,"path_per_floor":["M","M","M","M","M","R","E","R","T","R","E","M","$","M","R","B",null,"M","M","$","M","T","R","E","M","T","M","$","R","?","M","R","B",null,"M","?","M","M","?","R","E","M","T","M","M","$","M","M","R","B"],"character_chosen":"IRONCLAD","items_purchased":["Bag of Marbles","Iron Wave","Disarm","Sword Boomerang","Apotheosis","Fire Potion"],"campfire_rested":4,"item_purchase_floors":[13,13,20,20,46,46],"current_hp_per_floor":[80,80,80,71,69,69,63,80,80,80,61,65,65,69,83,49,83,60,63,63,60,60,60,62,52,59,67,67,67,67,74,90,43,90,90,86,90,90,90,90,81,78,92,101,102,102,77,76,104,61],"gold":74,"neow_bonus":"RANDOM_COMMON_RELIC","is_prod":false,"is_daily":false,"chose_seed":false,"campfire_upgraded":5,"win_rate":0,"timestamp":1529974556,"path_taken":["M","?","?","?","M","R","E","R","T","R","E","M","?","?","R","BOSS","M","M","$","M","?","R","E","M","T","?","?","R","?","M","R","BOSS","M","?","M","M","?","R","E","M","T","M","M","$","M","M","R","BOSS"],"build_version":"2018-06-21v2","purchased_purges":3,"victory":true,"max_hp_per_floor":[80,80,80,80,80,80,80,80,80,80,80,80,80,83,83,83,83,83,83,83,83,83,83,83,83,90,90,90,90,90,90,90,90,90,90,90,90,90,90,90,90,90,104,104,104,104,104,104,104,104],"card_choices":[{"not_picked":["Corruption","Headbutt"],"picked":"Inflame","floor":1},{"not_picked":["Searing Blow","Rage"],"picked":"Infernal Blade","floor":2},{"not_picked":["Twin Strike","Warcry"],"picked":"Armaments","floor":3},{"not_picked":["Perfected Strike","Body Slam"],"picked":"Pommel Strike","floor":4},{"not_picked":["Flex","Pommel Strike"],"picked":"Thunderclap","floor":5},{"not_picked":["Thunderclap","Evolve"],"picked":"Rage","floor":7},{"not_picked":["Body Slam","Dual Wield"],"picked":"Spot Weakness","floor":11},{"not_picked":["Twin Strike","Anger"],"picked":"Demon Form","floor":12},{"not_picked":["Pommel Strike","Hemokinesis"],"picked":"Headbutt","floor":14},{"not_picked":["Feed","Juggernaut"],"picked":"Immolate","floor":16},{"not_picked":["Sever Soul","Body Slam+1"],"picked":"Thunderclap+1","floor":18},{"not_picked":["Dropkick+1","Blood for Blood"],"picked":"Heavy Blade","floor":19},{"not_picked":["Dropkick+1","Second Wind+1"],"picked":"Shrug It Off","floor":21},{"not_picked":["Fiend Fire","Combust"],"picked":"Headbutt","floor":24},{"not_picked":["Shockwave","Pommel Strike"],"picked":"Shrug It Off","floor":25},{"not_picked":["Reckless Charge","Thunderclap"],"picked":"Ghostly Armor","floor":27},{"not_picked":["Clothesline","Brutality"],"picked":"Metallicize","floor":31},{"not_picked":["Reaper","Demon Form"],"picked":"Juggernaut","floor":33},{"not_picked":["Headbutt+1","Warcry","Pommel Strike"],"picked":"SKIP","floor":35},{"not_picked":["Entrench","Thunderclap"],"picked":"Cleave+1","floor":36},{"not_picked":["Flex+1","Sever Soul"],"picked":"Heavy Blade","floor":37},{"not_picked":["Warcry","Searing Blow","Thunderclap+1"],"picked":"SKIP","floor":38},{"not_picked":["Whirlwind","Iron Wave"],"picked":"Pummel+1","floor":41},{"not_picked":["True Grit","Iron Wave","Anger+1"],"picked":"SKIP","floor":42},{"not_picked":["Perfected Strike+1","Wild Strike+1","Clothesline"],"picked":"SKIP","floor":44},{"not_picked":["Warcry","Armaments"],"picked":"Sword Boomerang+1","floor":45},{"not_picked":["Feel No Pain+1","Anger"],"picked":"Shrug It Off+1","floor":47},{"not_picked":["Reaper","Wild Strike"],"picked":"Rampage","floor":48}],"player_experience":45052,"relics_obtained":[{"floor":7,"key":"Bird Faced Urn"},{"floor":9,"key":"Tiny Chest"},{"floor":11,"key":"Whetstone"},{"floor":22,"key":"Oddly Smooth Stone"},{"floor":24,"key":"Boot"},{"floor":26,"key":"Strawberry"},{"floor":36,"key":"Champion Belt"},{"floor":41,"key":"Potion Belt"},{"floor":43,"key":"Mango"}],"event_choices":[{"event_name":"The Mausoleum","player_choice":"Yes","floor":30,"damage_taken":0},{"event_name":"MindBloom","player_choice":"Fight","floor":36,"damage_taken":0},{"event_name":"Falling","player_choice":"Removed Attack","floor":39,"damage_taken":0}],"boss_relics":[{"not_picked":["Eternal Feather","Calling Bell"],"picked":"Cursed Key"},{"not_picked":["Coffee Dripper","Mark of Pain"],"picked":"Velvet Choker"}],"items_purged_floors":[13,20,28],"is_endless":false,"potions_floor_spawned":[1,2,4,11,19,25,27,35,37,42,48],"ascension_level":0}