{"gold_per_floor":[113,113,38,113,129,129,155,155,155,167,178,203,220,240,240,345,345,358,59,59,69,69,69,98,111,111,128,143,161,174,174],"floor_reached":31,"playtime":4179,"items_purged":["Defend_B","Shame"],"score":296,"play_id":"6388d510-5fb0-4122-8af1-b54b1038115b","local_time":"20190421090656","is_ascension_mode":false,"campfire_choices":[{"data":"Tempest","floor":6,"key":"SMITH"},{"floor":15,"key":"REST"},{"floor":23,"key":"REST"}],"neow_cost":"CURSE","seed_source_timestamp":885977130336265,"circlet_count":0,"master_deck":["Strike_B","Strike_B","Strike_B","Strike_B","Defend_B","Zap","Dualcast","Lockon","Tempest+1","Compile Driver","Compile Driver","Static Discharge","Hello World","BootSequence","Multi-Cast","White Noise","Ball Lightning","Aggregate+1","FTL","Melter","Leap+1","Streamline+1","Biased Cognition","Rip and Tear"],"relics":["Cracked Core","Bird Faced Urn","Dodecahedron","Lantern","Bottled Lightning","Gremlin Horn","Empty Cage","Strawberry","MutagenicStrength","Mercury Hourglass","Question Card"],"potions_floor_usage":[27,28,29,29,30],"damage_taken":[{"damage":0,"enemies":"Cultist","floor":1,"turns":4},{"damage":0,"enemies":"Small Slimes","floor":5,"turns":3},{"damage":15,"enemies":"Lagavulin","floor":7,"turns":5},{"damage":0,"enemies":"2 Louse","floor":10,"turns":1},{"damage":13,"enemies":"Lots of Slimes","floor":11,"turns":2},{"damage":0,"enemies":"Gremlin Nob","floor":12,"turns":3},{"damage":10,"enemies":"Large Slime","floor":13,"turns":3},{"damage":0,"enemies":"Exordium Wildlife","floor":14,"turns":2},{"damage":53,"enemies":"The Guardian","floor":16,"turns":7},{"damage":10,"enemies":"Spheric Guardian","floor":18,"turns":3},{"damage":30,"enemies":"2 Thieves","floor":21,"turns":3},{"damage":41,"enemies":"Book of Stabbing","floor":24,"turns":4},{"damage":30,"enemies":"Sentry and Sphere","floor":25,"turns":4},{"damage":2,"enemies":"Centurion and Healer","floor":27,"turns":4},{"damage":6,"enemies":"Cultist and Chosen","floor":28,"turns":4},{"damage":11,"enemies":"3 Cultists","floor":29,"turns":3},{"damage":0,"enemies":"Snake Plant","floor":30,"turns":2},{"damage":12,"enemies":"Centurion and Healer","floor":31,"turns":2}],"seed_played":"3101596720937795330","potions_obtained":[{"floor":1,"key":"Regen Potion"},{"floor":5,"key":"SteroidPotion"},{"floor":10,"key":"Fire Potion"},{"floor":27,"key":"SkillPotion"},{"floor":29,"key":"Block Potion"}],"is_trial":false,"path_per_floor":["M","T","$","?","M","R","E","?","T","M","M","E","M","M","R","B",null,"M","$","?","M","$","R","E","M","T","M","M","M","M","M"],"character_chosen":"DEFECT","items_purchased":["Ball Lightning","Strawberry"],"campfire_rested":2,"item_purchase_floors":[19,19],"current_hp_per_floor":[75,75,75,64,64,64,49,49,49,49,36,36,28,28,50,1,75,65,72,72,48,48,72,35,7,7,19,15,6,6,0],"gold":174,"neow_bonus":"ONE_RARE_RELIC","is_prod":false,"is_daily":false,"chose_seed":false,"campfire_upgraded":1,"win_rate":0.0,"timestamp":1555862816,"path_taken":["M","?","?","?","M","R","E","?","T","?","M","E","M","M","R","BOSS","M","?","?","M","?","R","E","M","T","?","M","M","M","M"],"build_version":"2019-01-23","purchased_purges":2,"victory":false,"max_hp_per_floor":[75,75,75,75,75,75,75,75,75,75,75,75,75,75,75,75,75,75,82,82,82,82,82,82,82,82,82,82,82,82,82],"card_choices":[{"not_picked":["Cold Snap","Beam Cell"],"picked":"Lockon","floor":1},{"not_picked":["Sweeping Beam","Scrape"],"picked":"Tempest","floor":5},{"not_picked":["Force Field","Fission"],"picked":"Compile Driver","floor":7},{"not_picked":["Redo","Capacitor"],"picked":"Compile Driver","floor":10},{"not_picked":["Go for the Eyes","Reinforced Body"],"picked":"Static Discharge","floor":11},{"not_picked":["Creative AI","Heatsinks"],"picked":"Hello World","floor":12},{"not_picked":["Melter","Streamline"],"picked":"BootSequence","floor":13},{"not_picked":["Fusion","Sweeping Beam","Streamline"],"picked":"SKIP","floor":14},{"not_picked":["Creative AI","All For One"],"picked":"Multi-Cast","floor":16},{"not_picked":["Fusion","Coolheaded"],"picked":"White Noise","floor":18},{"not_picked":["Compile Driver","Go for the Eyes+1"],"picked":"Aggregate+1","floor":21},{"not_picked":["Force Field","White Noise"],"picked":"FTL","floor":24},{"not_picked":["Gash","Darkness"],"picked":"Melter","floor":25},{"not_picked":["Multi-Cast","Capacitor","Consume+1"],"picked":"Leap+1","floor":27},{"not_picked":["Leap+1","Compile Driver","Go for the Eyes"],"picked":"Streamline+1","floor":28},{"not_picked":["Barrage","Reprogram","Beam Cell"],"picked":"Biased Cognition","floor":29},{"not_picked":["Hologram+1","Sweeping Beam","Redo"],"picked":"Rip and Tear","floor":30}],"player_experience":26822,"relics_obtained":[{"floor":2,"key":"Dodecahedron"},{"floor":7,"key":"Lantern"},{"floor":9,"key":"Bottled Lightning"},{"floor":12,"key":"Gremlin Horn"},{"floor":24,"key":"Mercury Hourglass"},{"floor":26,"key":"Question Card"}],"event_choices":[{"damage_healed":0,"gold_gain":75,"player_choice":"Gather Gold","damage_taken":11,"max_hp_gain":0,"max_hp_loss":0,"event_name":"World of Goop","floor":4,"gold_loss":0},{"damage_healed":0,"gold_gain":0,"player_choice":"Bought 0 Potions","damage_taken":0,"max_hp_gain":0,"max_hp_loss":0,"event_name":"The Woman in Blue","floor":8,"gold_loss":0},{"damage_healed":0,"gold_gain":0,"player_choice":"Inject Mutagens","damage_taken":0,"relics_obtained":["MutagenicStrength"],"max_hp_gain":0,"max_hp_loss":0,"event_name":"Drug Dealer","floor":20,"gold_loss":0}],"is_beta":false,"boss_relics":[{"not_picked":["Busted Crown","Tiny House"],"picked":"Empty Cage"}],"items_purged_floors":[3,19],"is_endless":false,"potions_floor_spawned":[1,5,10,12,16,21,24,27,29],"killed_by":"Centurion and Healer","ascension_level":0}