{"gold_per_floor":[113,113,123,123,298,323,323,351,376,403,403,403,438,456,456,456],"floor_reached":16,"playtime":397,"items_purged":[],"score":204,"play_id":"3240510d-7273-4693-9606-d1e3c40e342b","local_time":"20190604140106","is_ascension_mode":true,"campfire_choices":[{"data":"Shrug It Off","floor":7.0,"key":"SMITH"},{"floor":12.0,"key":"REST"},{"data":"Clothesline","floor":15.0,"key":"SMITH"}],"neow_cost":"NONE","seed_source_timestamp":33087127113800,"circlet_count":0,"master_deck":["Strike_R","Strike_R","Strike_R","Strike_R","Strike_R","Defend_R","Defend_R","Defend_R","Defend_R","Bash+1","Clothesline+1","Doubt","Shrug It Off+1","Perfected Strike","Ghostly Armor+1"],"special_seed":0,"relics":["Burning Blood","NeowsBlessing","Bag of Marbles","Turnip","Letter Opener","Omamori","Unceasing Top","Toxic Egg 2","Dodecahedron"],"potions_floor_usage":[],"damage_taken":[{"damage":0.0,"enemies":"Jaw Worm","floor":1.0,"turns":1.0},{"damage":0.0,"enemies":"2 Louse","floor":3.0,"turns":1.0},{"damage":0.0,"enemies":"Lagavulin","floor":6.0,"turns":1.0},{"damage":36.0,"enemies":"Gremlin Nob","floor":8.0,"turns":5.0},{"damage":17.0,"enemies":"3 Sentries","floor":10.0,"turns":8.0},{"damage":18.0,"enemies":"Gremlin Nob","floor":13.0,"turns":4.0},{"damage":0.0,"enemies":"Cultist","floor":14.0,"turns":3.0},{"damage":48,"enemies":"Slime Boss","floor":16,"turns":13}],"seed_played":"4644264121208110512","potions_obtained":[{"floor":8.0,"key":"Fire Potion"}],"is_trial":false,"path_per_floor":["M","?","M","?","?","E","R","E","T","E","T","R","E","M","R","B"],"character_chosen":"IRONCLAD","items_purchased":[],"campfire_rested":1,"item_purchase_floors":[],"current_hp_per_floor":[78,78,80,62,62,68,68,38,38,27,27,51,39,45,45,0],"gold":456,"neow_bonus":"THREE_ENEMY_KILL","is_prod":false,"is_daily":false,"chose_seed":false,"campfire_upgraded":2,"win_rate":0,"timestamp":1559682066,"path_taken":["M","?","M","?","?","E","R","E","T","E","?","R","E","M","R","BOSS"],"build_version":"2019-01-23","purchased_purges":0,"victory":false,"max_hp_per_floor":[80,80,80,80,80,80,80,80,80,80,80,80,80,80,80,80],"card_choices":[{"not_picked":["Clash","Warcry","Second Wind"],"picked":"SKIP","floor":1.0},{"not_picked":["Warcry","Reckless Charge"],"picked":"Clothesline","floor":3.0},{"not_picked":["Sentinel","Limit Break"],"picked":"Shrug It Off","floor":6.0},{"not_picked":["True Grit","Blood for Blood"],"picked":"Perfected Strike","floor":8.0},{"not_picked":["Havoc","Whirlwind","Sword Boomerang"],"picked":"SKIP","floor":10.0},{"not_picked":["Body Slam","Fiend Fire","Wild Strike"],"picked":"SKIP","floor":13.0},{"not_picked":["Clothesline","Body Slam"],"picked":"Ghostly Armor+1","floor":14.0}],"player_experience":254312,"relics_obtained":[{"floor":6.0,"key":"Turnip"},{"floor":8.0,"key":"Letter Opener"},{"floor":9.0,"key":"Omamori"},{"floor":10.0,"key":"Unceasing Top"},{"floor":11.0,"key":"Toxic Egg 2"},{"floor":13.0,"key":"Dodecahedron"}],"event_choices":[{"damage_healed":0.0,"max_hp_gain":0.0,"max_hp_loss":0.0,"gold_gain":0.0,"event_name":"Living Wall","player_choice":"Grow","floor":2.0,"gold_loss":0.0,"damage_taken":0.0,"cards_upgraded":["Bash"]},{"damage_healed":0.0,"max_hp_gain":0.0,"max_hp_loss":0.0,"gold_gain":0.0,"event_name":"Scrap Ooze","player_choice":"Success","floor":4.0,"gold_loss":0.0,"damage_taken":18.0,"relics_obtained":["Bag of Marbles"]},{"damage_healed":0.0,"max_hp_gain":0.0,"max_hp_loss":0.0,"gold_gain":175.0,"event_name":"Liars Game","player_choice":"AGREE","floor":5.0,"gold_loss":0.0,"damage_taken":0.0,"cards_obtained":["Doubt"]}],"is_beta":false,"boss_relics":[],"items_purged_floors":[],"is_endless":false,"potions_floor_spawned":[8],"killed_by":"Slime Boss","ascension_level":7}