{"gold_per_floor":[116,133,1,1,21,51,51,51,75,92,108,20,37,47,47,47],"floor_reached":16,"playtime":1224,"items_purged":["Strike_B"],"score":201,"play_id":"95f049e0-f0b7-4d29-aac2-f558a3a57eb3","local_time":"20190527220355","is_ascension_mode":true,"campfire_choices":[{"data":"Zap","floor":7,"key":"SMITH"},{"data":"Darkness","floor":15,"key":"SMITH"}],"neow_cost":"NONE","seed_source_timestamp":239466496023115,"circlet_count":0,"master_deck":["AscendersBane","Strike_B","Strike_B","Strike_B","Defend_B","Defend_B","Defend_B","Defend_B","Zap+1","Dualcast+1","Cold Snap","Steam","Ball Lightning","Darkness+1","Ball Lightning","Buffer","Ball Lightning","Glacier"],"relics":["Cracked Core","NeowsBlessing","Blood Vial","Ancient Tea Set"],"potions_floor_usage":[6,13,14],"damage_taken":[{"damage":0,"enemies":"Cultist","floor":1,"turns":1},{"damage":0,"enemies":"2 Louse","floor":2,"turns":1},{"damage":0,"enemies":"Small Slimes","floor":4,"turns":1},{"damage":4,"enemies":"Looter","floor":5,"turns":4},{"damage":26,"enemies":"Lagavulin","floor":6,"turns":7},{"damage":11,"enemies":"Large Slime","floor":10,"turns":4},{"damage":7,"enemies":"2 Fungi Beasts","floor":11,"turns":2},{"damage":6,"enemies":"3 Louse","floor":13,"turns":2},{"damage":20,"enemies":"Exordium Thugs","floor":14,"turns":4},{"damage":16,"enemies":"Hexaghost","floor":16,"turns":9}],"seed_played":"2016734300082196759","potions_obtained":[{"floor":1,"key":"Strength Potion"},{"floor":2,"key":"Fire Potion"},{"floor":5,"key":"EssenceOfSteel"},{"floor":6,"key":"Regen Potion"}],"is_trial":false,"path_per_floor":["M","M","$","M","M","E","R","?","T","M","M","$","M","M","R","B"],"character_chosen":"DEFECT","items_purchased":["Ball Lightning","Buffer"],"campfire_rested":0,"item_purchase_floors":[3,12],"current_hp_per_floor":[64,64,64,64,60,34,34,34,34,25,20,20,16,10,10,0],"gold":47,"neow_bonus":"THREE_ENEMY_KILL","is_prod":false,"is_daily":false,"chose_seed":false,"campfire_upgraded":2,"win_rate":0,"timestamp":1559019835,"path_taken":["M","M","$","?","M","E","R","?","T","?","M","$","M","M","R","BOSS"],"build_version":"2019-01-23","purchased_purges":1,"victory":false,"max_hp_per_floor":[71,71,71,71,71,71,71,71,71,71,71,71,71,71,71,71],"card_choices":[{"not_picked":["Steam Power","Scrape"],"picked":"Cold Snap","floor":1},{"not_picked":["Rebound","Coolheaded"],"picked":"Steam","floor":2},{"not_picked":["Gash","Turbo"],"picked":"Darkness","floor":4},{"not_picked":["Barrage","Cold Snap","Force Field"],"picked":"SKIP","floor":5},{"not_picked":["Doom and Gloom","BootSequence"],"picked":"Ball Lightning","floor":6},{"not_picked":["Rebound","Heatsinks","Turbo"],"picked":"SKIP","floor":10},{"not_picked":["Barrage","Rebound","Skim"],"picked":"SKIP","floor":11},{"not_picked":["Leap","Redo"],"picked":"Ball Lightning","floor":13},{"not_picked":["Compile Driver","Ball Lightning"],"picked":"Glacier","floor":14}],"player_experience":778889,"relics_obtained":[{"floor":6,"key":"Blood Vial"},{"floor":9,"key":"Ancient Tea Set"}],"event_choices":[{"damage_healed":0,"gold_gain":0,"player_choice":"Upgraded","damage_taken":0,"max_hp_gain":0,"max_hp_loss":0,"event_name":"Upgrade Shrine","floor":8,"gold_loss":0,"cards_upgraded":["Dualcast"]}],"is_beta":false,"boss_relics":[],"items_purged_floors":[3],"is_endless":false,"potions_floor_spawned":[1,2,5,6],"killed_by":"Hexaghost","ascension_level":18}