{"gold_per_floor":[109,127,127,144,17,17,51,67,67,67,135,135,135,150,150,224,224,238,250,250,55,72,72,87,98,98,98,98,117,129,139,139,139],"floor_reached":33,"playtime":1919,"items_purged":["Strike_B"],"score":477,"play_id":"225568b6-fecb-4913-9818-03fea898dd6e","local_time":"20190527140222","is_ascension_mode":true,"campfire_choices":[{"data":"Zap","floor":6,"key":"SMITH"},{"data":"Dualcast","floor":10,"key":"SMITH"},{"floor":13,"key":"REST"},{"data":"Steam","floor":15,"key":"SMITH"},{"data":"Reinforced Body","floor":23,"key":"SMITH"},{"floor":27,"key":"REST"},{"floor":32,"key":"REST"}],"neow_cost":"PERCENT_DAMAGE","seed_source_timestamp":218148207792131,"circlet_count":0,"master_deck":["AscendersBane","Defend_B+1","Zap+1","Dualcast+1","Cold Snap","Steam+1","Ball Lightning","Compile Driver+1","Echo Form","All For One","Reinforced Body+1","Gash","Hologram","Go for the Eyes","Reboot","Undo","Go for the Eyes","Beam Cell","Reboot","Reprogram","Beam Cell+1"],"relics":["Cracked Core","Singing Bowl","Mercury Hourglass","Ornamental Fan","Empty Cage","Dream Catcher"],"potions_floor_usage":[7,29,31],"damage_taken":[{"damage":4,"enemies":"Jaw Worm","floor":1,"turns":4},{"damage":0,"enemies":"Cultist","floor":2,"turns":3},{"damage":0,"enemies":"2 Louse","floor":4,"turns":3},{"damage":16,"enemies":"3 Sentries","floor":7,"turns":7},{"damage":0,"enemies":"2 Fungi Beasts","floor":8,"turns":4},{"damage":0,"enemies":"Lots of Slimes","floor":14,"turns":2},{"damage":2,"enemies":"The Guardian","floor":16,"turns":9},{"damage":7,"enemies":"Chosen","floor":18,"turns":4},{"damage":8,"enemies":"2 Thieves","floor":19,"turns":3},{"damage":3,"enemies":"Snake Plant","floor":22,"turns":5},{"damage":20,"enemies":"Centurion and Healer","floor":24,"turns":5},{"damage":9,"enemies":"Shelled Parasite and Fungi","floor":25,"turns":3},{"damage":27,"enemies":"Snecko","floor":29,"turns":6},{"damage":10,"enemies":"Sentry and Sphere","floor":30,"turns":5},{"damage":1,"enemies":"Centurion and Healer","floor":31,"turns":4},{"damage":72,"enemies":"Automaton","floor":33,"turns":6}],"seed_played":"-1670787472977235219","potions_obtained":[{"floor":1,"key":"Energy Potion"},{"floor":4,"key":"Regen Potion"},{"floor":24,"key":"Explosive Potion"},{"floor":25,"key":"Block Potion"},{"floor":29,"key":"PowerPotion"}],"is_trial":false,"path_per_floor":["M","M","?","M","$","R","E","M","T","R","T","?","R","M","R","B",null,"M","M","?","$","M","R","M","M","T","R","?","M","M","M","R","B"],"character_chosen":"DEFECT","items_purchased":["Compile Driver","Hologram","Go for the Eyes","Reboot"],"campfire_rested":3,"item_purchase_floors":[5,21,21,21],"current_hp_per_floor":[42,42,42,42,42,42,43,45,45,45,45,22,44,44,44,42,67,62,54,54,54,51,51,31,24,24,47,47,20,10,11,37,0],"gold":139,"neow_bonus":"REMOVE_TWO","is_prod":false,"is_daily":false,"chose_seed":false,"campfire_upgraded":4,"win_rate":0,"timestamp":1558990942,"path_taken":["M","M","?","M","?","R","E","M","T","R","?","?","R","M","R","BOSS","M","M","?","$","?","R","M","M","T","R","?","M","?","M","R","BOSS"],"build_version":"2019-01-23","purchased_purges":1,"victory":false,"max_hp_per_floor":[71,71,71,71,71,71,73,75,75,75,75,75,75,75,75,75,75,77,77,77,77,77,77,77,79,79,79,79,79,79,81,83,83],"card_choices":[{"not_picked":["Lockon","Blizzard"],"picked":"Cold Snap","floor":1},{"not_picked":["Cold Snap","Streamline"],"picked":"Steam","floor":2},{"not_picked":["Barrage","Stack"],"picked":"Ball Lightning","floor":4},{"not_picked":["Cold Snap","Turbo","Rebound"],"picked":"Singing Bowl","floor":7},{"not_picked":["Compile Driver","Coolheaded","Capacitor"],"picked":"Singing Bowl","floor":8},{"not_picked":["Hologram","Ball Lightning"],"picked":"Echo Form","floor":14},{"not_picked":["Multi-Cast","Echo Form"],"picked":"All For One","floor":16},{"not_picked":["Cold Snap","Consume","Stack"],"picked":"Singing Bowl","floor":18},{"not_picked":["Steam","Cold Snap"],"picked":"Reinforced Body","floor":19},{"not_picked":["Chaos","Force Field"],"picked":"Undo","floor":22},{"not_picked":["Steam Power","Stack"],"picked":"Go for the Eyes","floor":24},{"not_picked":["Skim","Loop","Lockon"],"picked":"Singing Bowl","floor":25},{"not_picked":["Fusion","Chill"],"picked":"Beam Cell","floor":27},{"not_picked":["Turbo","Static Discharge"],"picked":"Reprogram","floor":29},{"not_picked":["Steam Power","Cold Snap"],"picked":"Beam Cell+1","floor":30},{"not_picked":["Ball Lightning","Undo","Streamline+1"],"picked":"Singing Bowl","floor":31},{"not_picked":["Loop","Go for the Eyes","Undo"],"picked":"Singing Bowl","floor":32}],"player_experience":758462,"relics_obtained":[{"floor":7,"key":"Singing Bowl"},{"floor":9,"key":"Mercury Hourglass"},{"floor":11,"key":"Ornamental Fan"},{"floor":26,"key":"Dream Catcher"}],"event_choices":[{"cards_removed":["Strike_B"],"damage_healed":0,"gold_gain":0,"player_choice":"Purged","damage_taken":0,"max_hp_gain":0,"max_hp_loss":0,"event_name":"Purifier","floor":3,"gold_loss":0},{"damage_healed":0,"gold_gain":0,"player_choice":"Entered Light","damage_taken":23,"max_hp_gain":0,"max_hp_loss":0,"event_name":"Shining Light","floor":12,"gold_loss":0,"cards_upgraded":["Compile Driver","Defend_B"]},{"damage_healed":0,"gold_gain":0,"cards_transformed":["Defend_B"],"player_choice":"Transformed","damage_taken":0,"max_hp_gain":0,"max_hp_loss":0,"event_name":"Transmorgrifier","floor":20,"gold_loss":0,"cards_obtained":["Gash"]},{"damage_healed":0,"gold_gain":0,"player_choice":"Copied","damage_taken":0,"max_hp_gain":0,"max_hp_loss":0,"event_name":"Duplicator","floor":28,"gold_loss":0,"cards_obtained":["Reboot"]}],"is_beta":false,"boss_relics":[{"not_picked":["Snecko Eye","Philosopher\u0027s Stone"],"picked":"Empty Cage"}],"items_purged_floors":[5],"is_endless":false,"potions_floor_spawned":[1,4,24,25,29],"killed_by":"Automaton","ascension_level":18}