{"gold_per_floor":[118,118,138,138,148,148,159,159,159,191,191,219,219,234,234,331,381,401,436,436,454,454,486,503,503,587,587,195,225,225,236,236,236],"floor_reached":33,"playtime":1025,"items_purged":["Zap"],"score":343,"play_id":"bd263d34-cc2d-42b4-9218-83fd2766de92","local_time":"20190422152339","is_ascension_mode":false,"campfire_choices":[{"data":"Sweeping Beam","floor":6,"key":"SMITH"},{"data":"Sunder","floor":11,"key":"SMITH"},{"floor":13,"key":"REST"},{"data":"Hyperbeam","floor":15,"key":"SMITH"},{"floor":25,"key":"REST"},{"data":"Hyperbeam","floor":30,"key":"SMITH"},{"floor":32,"key":"REST"}],"neow_cost":"NONE","seed_source_timestamp":642581004378284,"circlet_count":0,"master_deck":["Strike_B+1","Strike_B+1","Strike_B+1","Defend_B+1","Defend_B+1","Defend_B+1","Defend_B+1","Dualcast","Sweeping Beam+1","Gash","Conserve Battery","Coolheaded+1","Doom and Gloom","Sunder+1","Defragment","Hyperbeam+1","Hyperbeam","Beam Cell","Rip and Tear","Gash","Conserve Battery","Sweeping Beam","Genetic Algorithm","Hyperbeam","Hyperbeam+1","Self Repair+1"],"relics":["Cracked Core","Question Card","Gremlin Horn","Boot","Tiny House","Red Mask","Nloth\u0027s Gift","Omamori","Tiny Chest","Anchor","Strawberry"],"potions_floor_usage":[12,16,18,31,33],"damage_taken":[{"damage":0,"enemies":"Small Slimes","floor":1,"turns":2},{"damage":6,"enemies":"Cultist","floor":3,"turns":3},{"damage":1,"enemies":"2 Louse","floor":5,"turns":3},{"damage":8,"enemies":"Looter","floor":7,"turns":3},{"damage":16,"enemies":"Gremlin Nob","floor":10,"turns":4},{"damage":13,"enemies":"Lagavulin","floor":12,"turns":6},{"damage":0,"enemies":"Large Slime","floor":14,"turns":3},{"damage":35,"enemies":"Hexaghost","floor":16,"turns":9},{"damage":10,"enemies":"Chosen","floor":18,"turns":3},{"damage":0,"enemies":"Masked Bandits","floor":19,"turns":2},{"damage":10,"enemies":"Spheric Guardian","floor":21,"turns":3},{"damage":25,"enemies":"Slavers","floor":23,"turns":4},{"damage":22,"enemies":"Centurion and Healer","floor":24,"turns":6},{"damage":1,"enemies":"Gremlin Leader","floor":29,"turns":4},{"damage":15,"enemies":"Snake Plant","floor":31,"turns":3},{"damage":88,"enemies":"Champ","floor":33,"turns":10}],"seed_played":"6197426987091242843","potions_obtained":[{"floor":3,"key":"Dexterity Potion"},{"floor":10,"key":"Weak Potion"},{"floor":16,"key":"Block Potion"},{"floor":17,"key":"Weak Potion"},{"floor":18,"key":"Fruit Juice"},{"floor":19,"key":"FairyPotion"},{"floor":23,"key":"SmokeBomb"},{"floor":31,"key":"Weak Potion"}],"is_trial":false,"path_per_floor":["M","?","M","?","M","R","M","?","T","E","R","E","R","M","R","B",null,"M","?","?","M","?","E","M","R","T","?","$","E","R","M","R","B"],"character_chosen":"DEFECT","items_purchased":["Anchor","Hyperbeam"],"campfire_rested":3,"item_purchase_floors":[28,28],"current_hp_per_floor":[75,75,69,69,68,68,60,53,53,37,37,24,46,46,46,11,80,75,75,75,65,65,40,18,43,43,43,43,49,49,34,61,0],"gold":236,"neow_bonus":"THREE_CARDS","is_prod":false,"is_daily":false,"chose_seed":false,"campfire_upgraded":4,"win_rate":0,"timestamp":1555939419,"path_taken":["M","?","?","?","M","R","M","?","T","E","R","E","R","M","R","BOSS","M","?","?","?","?","E","?","R","T","?","$","E","R","M","R","BOSS"],"build_version":"2019-01-23","purchased_purges":1,"victory":false,"max_hp_per_floor":[75,75,75,75,75,75,75,75,75,75,75,75,75,75,75,75,80,85,85,85,85,85,85,85,85,85,85,85,92,92,92,92,92],"card_choices":[{"not_picked":["Streamline","Leap"],"picked":"Sweeping Beam","floor":0},{"not_picked":["Cold Snap","Stack"],"picked":"Gash","floor":1},{"not_picked":["Compile Driver","Barrage"],"picked":"Conserve Battery","floor":3},{"not_picked":["Machine Learning","Recycle"],"picked":"Coolheaded","floor":5},{"not_picked":["Melter","Beam Cell"],"picked":"Doom and Gloom","floor":7},{"not_picked":["Redo","BootSequence","Compile Driver"],"picked":"Sunder","floor":10},{"not_picked":["Ball Lightning","Rip and Tear","Scrape"],"picked":"Defragment","floor":12},{"not_picked":["Cold Snap","Coolheaded","Recycle"],"picked":"Hyperbeam","floor":14},{"not_picked":["Rainbow","Buffer","Thunder Strike"],"picked":"Hyperbeam","floor":16},{"not_picked":["Coolheaded","Redo","Reprogram"],"picked":"Beam Cell","floor":17},{"not_picked":["Chill","Coolheaded","Redo"],"picked":"Rip and Tear","floor":18},{"not_picked":["Rebound+1","Steam","Beam Cell"],"picked":"Gash","floor":19},{"not_picked":["Compile Driver","Doom and Gloom","Chill"],"picked":"Conserve Battery","floor":21},{"not_picked":["Amplify","Cold Snap","Redo+1"],"picked":"Sweeping Beam","floor":23},{"not_picked":["Steam","Melter","Beam Cell+1"],"picked":"Genetic Algorithm","floor":24},{"not_picked":["Streamline","Hologram+1","Go for the Eyes+1"],"picked":"Hyperbeam","floor":29},{"not_picked":["Double Energy","Gash","Rebound"],"picked":"Self Repair+1","floor":31}],"player_experience":261586,"relics_obtained":[{"floor":9,"key":"Question Card"},{"floor":10,"key":"Gremlin Horn"},{"floor":12,"key":"Boot"},{"floor":19,"key":"Red Mask"},{"floor":23,"key":"Omamori"},{"floor":26,"key":"Tiny Chest"},{"floor":29,"key":"Strawberry"}],"event_choices":[{"damage_healed":0,"gold_gain":0,"player_choice":"1 cards matched","damage_taken":0,"max_hp_gain":0,"max_hp_loss":0,"event_name":"Match and Keep!","floor":2,"gold_loss":0,"cards_obtained":["Writhe"]},{"cards_removed":["Writhe"],"damage_healed":0,"gold_gain":0,"player_choice":"Forget","damage_taken":0,"max_hp_gain":0,"max_hp_loss":0,"event_name":"Living Wall","floor":4,"gold_loss":0},{"cards_removed":["Strike_B"],"damage_healed":0,"gold_gain":0,"player_choice":"Card Removal","damage_taken":7,"max_hp_gain":0,"max_hp_loss":0,"event_name":"Golden Wing","floor":8,"gold_loss":0},{"damage_healed":0,"gold_gain":0,"player_choice":"Fought Bandits","damage_taken":0,"max_hp_gain":0,"max_hp_loss":0,"event_name":"Masked Bandits","floor":19,"gold_loss":0},{"damage_healed":0,"gold_gain":0,"player_choice":"Gave Potion","damage_taken":0,"relics_obtained":["Bag of Preparation"],"max_hp_gain":0,"max_hp_loss":0,"event_name":"WeMeetAgain","floor":20,"gold_loss":0},{"damage_healed":0,"gold_gain":0,"player_choice":"Traded Relic","damage_taken":0,"relics_obtained":["Nloth\u0027s Gift"],"max_hp_gain":0,"max_hp_loss":0,"event_name":"N\u0027loth","floor":22,"relics_lost":["Bag of Preparation"],"gold_loss":0},{"damage_healed":0,"gold_gain":0,"player_choice":"Simplicity","damage_taken":0,"max_hp_gain":0,"max_hp_loss":0,"event_name":"Back to Basics","floor":27,"gold_loss":0,"cards_upgraded":["Strike_B","Strike_B","Strike_B","Defend_B","Defend_B","Defend_B","Defend_B"]}],"is_beta":false,"boss_relics":[{"not_picked":["Pandora\u0027s Box","Ectoplasm"],"picked":"Tiny House"}],"items_purged_floors":[28],"is_endless":false,"potions_floor_spawned":[3,10,16,18,19,23,31],"killed_by":"Champ","ascension_level":0}