{"gold_per_floor":[13,13,13,13,24,24,36,51,78,90,41,60,71,25,25,96,96,115,129,129,228,228,228,228],"floor_reached":24,"playtime":1585,"items_purged":[],"score":310,"play_id":"b9eb7ee8-b090-43d3-95ed-7481748b45b2","local_time":"20190516185844","is_ascension_mode":true,"campfire_choices":[{"floor":6,"key":"REST"},{"floor":15,"key":"REST"},{"floor":23,"key":"REST"}],"neow_cost":"NO_GOLD","seed_source_timestamp":635237407810659,"circlet_count":0,"master_deck":["AscendersBane","Defend_B","Defend_B","Defend_B","Zap","Dualcast","PanicButton","Secret Technique","Recycle","Conserve Battery","White Noise","Turbo","Genetic Algorithm","Coolheaded","Compile Driver","BootSequence","Turbo","All For One","Compile Driver","Chill","Capacitor","Fission"],"relics":["Cracked Core","DataDisk","Orichalcum","Empty Cage","Prayer Wheel"],"potions_floor_usage":[16],"damage_taken":[{"damage":0,"enemies":"Small Slimes","floor":1,"turns":3},{"damage":0,"enemies":"Jaw Worm","floor":5,"turns":3},{"damage":10,"enemies":"Cultist","floor":7,"turns":4},{"damage":2,"enemies":"Red Slaver","floor":8,"turns":3},{"damage":5,"enemies":"3 Louse","floor":10,"turns":5},{"damage":0,"enemies":"Exordium Wildlife","floor":12,"turns":4},{"damage":6,"enemies":"Exordium Thugs","floor":13,"turns":7},{"damage":80,"enemies":"Slime Boss","floor":16,"turns":10},{"damage":20,"enemies":"Shell Parasite","floor":18,"turns":14},{"damage":19,"enemies":"Spheric Guardian","floor":19,"turns":6},{"damage":44,"enemies":"Snake Plant","floor":24,"turns":8}],"seed_played":"-9111967169472131829","potions_obtained":[{"floor":10,"key":"Regen Potion"},{"floor":12,"key":"Energy Potion"},{"floor":16,"key":"FearPotion"}],"is_trial":false,"path_per_floor":["M","?","?","$","M","R","M","M","T","M","$","M","M","$","R","B",null,"M","M","?","?","?","R","M"],"character_chosen":"DEFECT","items_purchased":["Coolheaded","Turbo"],"campfire_rested":3,"item_purchase_floors":[11,14],"current_hp_per_floor":[68,50,50,50,50,72,62,60,60,55,55,55,49,49,71,6,58,38,19,19,19,19,41,0],"gold":228,"neow_bonus":"RANDOM_COLORLESS_2","is_prod":false,"is_daily":false,"chose_seed":false,"campfire_upgraded":0,"win_rate":0,"timestamp":1558058324,"path_taken":["M","?","?","$","M","R","M","M","T","?","?","M","M","$","R","BOSS","M","M","?","?","?","R","?"],"build_version":"2019-01-23","purchased_purges":0,"victory":false,"max_hp_per_floor":[75,75,75,75,75,75,75,75,75,75,75,75,75,75,75,75,75,75,75,75,75,75,75,75],"card_choices":[{"not_picked":["Undo","Gash"],"picked":"Recycle","floor":1},{"not_picked":["Stack","Leap"],"picked":"Conserve Battery","floor":5},{"not_picked":["Streamline","Redo"],"picked":"White Noise","floor":7},{"not_picked":["Glacier","Steam"],"picked":"Turbo","floor":8},{"not_picked":["Beam Cell","Stack"],"picked":"Genetic Algorithm","floor":10},{"not_picked":["Cold Snap","Sweeping Beam"],"picked":"Compile Driver","floor":12},{"not_picked":["Beam Cell","Biased Cognition"],"picked":"BootSequence","floor":13},{"not_picked":["Hyperbeam","Thunder Strike"],"picked":"All For One","floor":16},{"not_picked":["Gash","Defragment"],"picked":"Compile Driver","floor":18},{"not_picked":["Consume","Gash"],"picked":"Chill","floor":19}],"player_experience":596933,"relics_obtained":[{"floor":9,"key":"Orichalcum"}],"event_choices":[{"damage_healed":0,"gold_gain":0,"player_choice":"Success","damage_taken":18,"relics_obtained":["DataDisk"],"max_hp_gain":0,"max_hp_loss":0,"event_name":"Scrap Ooze","floor":2,"gold_loss":0},{"cards_removed":["Strike_B"],"damage_healed":0,"gold_gain":0,"player_choice":"Card Removal","damage_taken":0,"max_hp_gain":0,"max_hp_loss":0,"event_name":"Wheel of Change","floor":3,"gold_loss":0},{"damage_healed":0,"gold_gain":0,"cards_transformed":["Strike_B","Defend_B"],"player_choice":"Became Test Subject","damage_taken":0,"max_hp_gain":0,"max_hp_loss":0,"event_name":"Drug Dealer","floor":20,"gold_loss":0,"cards_obtained":["Capacitor","Fission"]},{"damage_healed":0,"gold_gain":99,"player_choice":"Stole From Cult","damage_taken":0,"max_hp_gain":0,"max_hp_loss":0,"event_name":"Nest","floor":21,"gold_loss":0},{"damage_healed":0,"gold_gain":0,"player_choice":"Opened","damage_taken":0,"relics_obtained":["Prayer Wheel"],"max_hp_gain":0,"max_hp_loss":0,"event_name":"The Mausoleum","floor":22,"gold_loss":0}],"is_beta":false,"boss_relics":[{"not_picked":["Snecko Eye","Orrery"],"picked":"Empty Cage"}],"items_purged_floors":[],"is_endless":false,"potions_floor_spawned":[10,12,16],"killed_by":"Snake Plant","ascension_level":13}