{"gold_per_floor":[114,16,16,31,31,31,66,80,80,80,94,123,123,139,139,244,244,256,266,266,276,276,301,301,333,333,333,333,353,17,30,30,135,135,150,168,181,91,103,103,114,124,195,210,210,229,229,242,242,242],"floor_reached":50,"playtime":2255,"items_purged":[],"score":578,"play_id":"c197df06-16d1-4997-a99f-6845a2e1aa96","local_time":"20190529063559","is_ascension_mode":true,"campfire_choices":[{"data":"Deadly Poison","floor":6.0,"key":"SMITH"},{"floor":13.0,"key":"REST"},{"floor":15.0,"key":"REST"},{"floor":24.0,"key":"REST"},{"floor":27.0,"key":"REST"},{"floor":32.0,"key":"REST"},{"data":"Footwork","floor":40.0,"key":"SMITH"},{"floor":45.0,"key":"REST"},{"floor":47.0,"key":"REST"},{"floor":49.0,"key":"REST"}],"neow_cost":"NONE","seed_source_timestamp":115212970141100,"circlet_count":0,"master_deck":["Defend_G","Defend_G","Defend_G","Defend_G","Defend_G","Strike_G","Strike_G","Strike_G","Strike_G","Strike_G","Survivor+1","Neutralize","Well Laid Plans","Deadly Poison+1","Noxious Fumes+1","Poisoned Stab","Deflect+1","Sucker Punch","Blur+1","Distraction+1","Adrenaline+1","Calculated Gamble+1","Distraction+1","Slice+1","Quick Slash+1","Footwork+1","Deflect+1","Bane","The Bomb+1","Poisoned Stab+1","Flying Knee+1","Outmaneuver+1","Blur+1","Terror+1"],"special_seed":0,"relics":["Ring of the Snake","Smiling Mask","Toxic Egg 2","Centennial Puzzle","Matryoshka","Busted Crown","Bag of Marbles","Red Mask","Lantern","Ornamental Fan","Sozu","Orichalcum","Paper Crane"],"potions_floor_usage":[],"damage_taken":[{"damage":0.0,"enemies":"Cultist","floor":1.0,"turns":4.0},{"damage":8.0,"enemies":"Small Slimes","floor":4.0,"turns":3.0},{"damage":28.0,"enemies":"Gremlin Nob","floor":7.0,"turns":5.0},{"damage":1.0,"enemies":"Jaw Worm","floor":8.0,"turns":3.0},{"damage":11.0,"enemies":"Large Slime","floor":11.0,"turns":8.0},{"damage":15.0,"enemies":"Lagavulin","floor":12.0,"turns":6.0},{"damage":2.0,"enemies":"2 Fungi Beasts","floor":14.0,"turns":3.0},{"damage":14.0,"enemies":"Hexaghost","floor":16.0,"turns":8.0},{"damage":14.0,"enemies":"2 Thieves","floor":18.0,"turns":4.0},{"damage":1.0,"enemies":"Shell Parasite","floor":19.0,"turns":4.0},{"damage":12.0,"enemies":"Cultist and Chosen","floor":21.0,"turns":6.0},{"damage":40.0,"enemies":"Slavers","floor":23.0,"turns":8.0},{"damage":18.0,"enemies":"Masked Bandits","floor":25.0,"turns":6.0},{"damage":4.0,"enemies":"Snake Plant","floor":29.0,"turns":4.0},{"damage":5.0,"enemies":"3 Cultists","floor":31.0,"turns":4.0},{"damage":26.0,"enemies":"Automaton","floor":33.0,"turns":5.0},{"damage":0.0,"enemies":"3 Shapes","floor":35.0,"turns":5.0},{"damage":0.0,"enemies":"Orb Walker","floor":36.0,"turns":4.0},{"damage":0.0,"enemies":"4 Shapes","floor":37.0,"turns":4.0},{"damage":6.0,"enemies":"Spire Growth","floor":39.0,"turns":4.0},{"damage":17.0,"enemies":"3 Darklings","floor":41.0,"turns":4.0},{"damage":22.0,"enemies":"Maw","floor":42.0,"turns":8.0},{"damage":13.0,"enemies":"Writhing Mass","floor":44.0,"turns":6.0},{"damage":5.0,"enemies":"4 Shapes","floor":46.0,"turns":8.0},{"damage":10.0,"enemies":"Maw","floor":48.0,"turns":7.0},{"damage":64,"enemies":"Awakened One","floor":50,"turns":14}],"seed_played":"-4586046519958562202","potions_obtained":[{"floor":1.0,"key":"Swift Potion"},{"floor":12.0,"key":"AttackPotion"},{"floor":16.0,"key":"Weak Potion"},{"floor":18.0,"key":"Poison Potion"},{"floor":21.0,"key":"Energy Potion"},{"floor":29.0,"key":"Swift Potion"},{"floor":31.0,"key":"Regen Potion"}],"is_trial":false,"path_per_floor":["M","$","?","M","$","R","E","M","T","?","M","E","R","M","R","B",null,"M","M","?","M","?","E","R","?","T","R","?","M","$","M","R","B",null,"M","M","M","?","M","R","M","M","T","M","R","M","R","M","R","B"],"character_chosen":"THE_SILENT","items_purchased":["Deadly Poison","Noxious Fumes","Footwork","Deflect+1","Bane","The Bomb+1"],"campfire_rested":8,"item_purchase_floors":[2,2,30,30,30,30],"current_hp_per_floor":[70,70,70,62,62,62,34,33,33,38,27,12,33,31,52,38,70,56,55,55,43,43,3,24,6,6,27,27,23,23,18,39,27,70,70,70,70,70,64,64,47,25,25,12,33,28,49,39,60,0],"gold":242,"neow_bonus":"RANDOM_COMMON_RELIC","is_prod":false,"is_daily":false,"chose_seed":false,"campfire_upgraded":2,"win_rate":0,"timestamp":1559136959,"path_taken":["M","?","?","M","$","R","E","M","T","?","M","E","R","M","R","BOSS","M","?","?","M","?","E","R","?","T","R","?","M","$","M","R","BOSS","M","M","M","?","?","R","M","M","T","M","R","M","R","M","R","BOSS"],"build_version":"2019-01-23","purchased_purges":0,"victory":false,"max_hp_per_floor":[70,70,70,70,70,70,70,70,70,70,70,70,70,70,70,70,70,70,70,70,70,70,70,70,70,70,70,70,70,70,70,70,70,70,70,70,70,70,70,70,70,70,70,70,70,70,70,70,70,70],"card_choices":[{"not_picked":["Choke","Dagger Throw"],"picked":"Well Laid Plans","floor":1.0},{"not_picked":["Slice","Terror"],"picked":"Flying Knee","floor":4.0},{"not_picked":["Endless Agony","Finisher"],"picked":"Poisoned Stab","floor":7.0},{"not_picked":["Dagger Throw","Underhanded Strike"],"picked":"Deflect+1","floor":8.0},{"not_picked":["Blade Dance+1","Acrobatics+1"],"picked":"Sucker Punch","floor":11.0},{"not_picked":["Calculated Gamble+1","Cloak And Dagger+1"],"picked":"Blur+1","floor":12.0},{"not_picked":["Eviscerate","Noxious Fumes"],"picked":"Distraction+1","floor":14.0},{"not_picked":["Wraith Form v2","Venomology+1"],"picked":"Adrenaline+1","floor":16.0},{"not_picked":[],"picked":"Calculated Gamble+1","floor":18.0},{"not_picked":["Underhanded Strike"],"picked":"SKIP","floor":19.0},{"not_picked":[],"picked":"Distraction+1","floor":21.0},{"not_picked":["Riddle With Holes"],"picked":"SKIP","floor":23.0},{"not_picked":[],"picked":"Slice+1","floor":25.0},{"not_picked":[],"picked":"Quick Slash+1","floor":29.0},{"not_picked":["Endless Agony"],"picked":"SKIP","floor":31.0},{"not_picked":[],"picked":"Poisoned Stab+1","floor":35.0},{"not_picked":[],"picked":"Flying Knee+1","floor":36.0},{"not_picked":[],"picked":"Flying Knee+1","floor":37.0},{"not_picked":[],"picked":"Outmaneuver+1","floor":39.0},{"not_picked":["Quick Slash+1"],"picked":"SKIP","floor":41.0},{"not_picked":["Acrobatics+1"],"picked":"SKIP","floor":42.0},{"not_picked":[],"picked":"Blur+1","floor":44.0},{"not_picked":[],"picked":"Terror+1","floor":46.0},{"not_picked":["Expertise+1"],"picked":"SKIP","floor":48.0}],"player_experience":122630,"relics_obtained":[{"floor":7.0,"key":"Toxic Egg 2"},{"floor":9.0,"key":"Centennial Puzzle"},{"floor":12.0,"key":"Matryoshka"},{"floor":23.0,"key":"Bag of Marbles"},{"floor":25.0,"key":"Red Mask"},{"floor":26.0,"key":"Lantern"},{"floor":26.0,"key":"Ornamental Fan"},{"floor":43.0,"key":"Orichalcum"},{"floor":43.0,"key":"Paper Crane"}],"event_choices":[{"damage_healed":0.0,"max_hp_gain":0.0,"max_hp_loss":0.0,"gold_gain":0.0,"event_name":"Living Wall","player_choice":"Grow","floor":3.0,"gold_loss":0.0,"damage_taken":0.0,"cards_upgraded":["Noxious Fumes"]},{"cards_removed":["Flying Knee"],"damage_healed":5.0,"max_hp_gain":0.0,"max_hp_loss":0.0,"gold_gain":0.0,"event_name":"Bonfire Elementals","player_choice":"Offered Common","floor":10.0,"gold_loss":0.0,"damage_taken":0.0},{"cards_removed":["Flying Knee"],"damage_healed":5.0,"max_hp_gain":0.0,"max_hp_loss":0.0,"gold_gain":0.0,"event_name":"Bonfire Elementals","player_choice":"Offered Special","floor":10.0,"gold_loss":0.0,"damage_taken":0.0},{"damage_healed":0.0,"max_hp_gain":0.0,"max_hp_loss":0.0,"gold_gain":0.0,"event_name":"Cursed Tome","player_choice":"Ignored","floor":20.0,"gold_loss":0.0,"damage_taken":0.0},{"damage_healed":0.0,"max_hp_gain":0.0,"max_hp_loss":0.0,"gold_gain":0.0,"event_name":"Ghosts","player_choice":"Ignored","floor":22.0,"gold_loss":0.0,"damage_taken":0.0},{"damage_healed":0.0,"max_hp_gain":0.0,"max_hp_loss":0.0,"gold_gain":0.0,"event_name":"Masked Bandits","player_choice":"Fought Bandits","floor":25.0,"gold_loss":0.0,"damage_taken":0.0},{"damage_healed":0.0,"max_hp_gain":0.0,"max_hp_loss":0.0,"gold_gain":0.0,"event_name":"Vampires","player_choice":"Ignored","floor":28.0,"gold_loss":0.0,"damage_taken":0.0},{"cards_removed":["Flying Knee"],"damage_healed":0.0,"max_hp_gain":0.0,"max_hp_loss":0.0,"gold_gain":0.0,"event_name":"Designer","player_choice":"Upgrade and Remove","floor":38.0,"gold_loss":90.0,"damage_taken":0.0,"cards_upgraded":["Survivor"]}],"is_beta":false,"boss_relics":[{"not_picked":["Fusion Hammer","Calling Bell"],"picked":"Busted Crown"},{"not_picked":["Cursed Key","Velvet Choker"],"picked":"Sozu"}],"items_purged_floors":[],"is_endless":false,"potions_floor_spawned":[1,12,16,18,21,29,31,39,41,44,46],"killed_by":"Awakened One","ascension_level":3}