{"gold_per_floor":[111,111,186,111,111,111,111,129,129,145,1,20,20,34,34,108,108,120,139,54,54,12,12,22,36,36,81,81,81,94,94],"floor_reached":31,"playtime":1804,"items_purged":["Shame","Strike_B"],"score":439,"play_id":"1f62aa67-ea77-4016-99db-dbe7ab87e01f","local_time":"20190603180838","is_ascension_mode":true,"campfire_choices":[{"floor":6,"key":"REST"},{"data":"Double Energy","floor":13,"key":"SMITH"},{"data":"Ball Lightning","floor":15,"key":"SMITH"},{"floor":23,"key":"REST"}],"neow_cost":"CURSE","seed_source_timestamp":19974953737883,"circlet_count":0,"master_deck":["AscendersBane","Strike_B+1","Defend_B+1","Defend_B","Defend_B","Defend_B","Zap","Dualcast","Chill","Reprogram","Hologram","Ball Lightning+1","Double Energy+1","Self Repair","Glacier","Seek","Ball Lightning","BootSequence","Auto Shields","Defragment","Reboot"],"relics":["Cracked Core","Kunai","Gremlin Horn","Nuclear Battery","Omamori","Ornamental Fan","Potion Belt"],"potions_floor_usage":[16,16,24,31],"damage_taken":[{"damage":14,"enemies":"Cultist","floor":1,"turns":4},{"damage":10,"enemies":"Jaw Worm","floor":8,"turns":4},{"damage":3,"enemies":"2 Louse","floor":10,"turns":2},{"damage":11,"enemies":"Looter","floor":12,"turns":3},{"damage":0,"enemies":"Exordium Wildlife","floor":14,"turns":4},{"damage":22,"enemies":"The Guardian","floor":16,"turns":15},{"damage":23,"enemies":"Shell Parasite","floor":18,"turns":16},{"damage":19,"enemies":"Spheric Guardian","floor":19,"turns":6},{"damage":14,"enemies":"Snake Plant","floor":24,"turns":4},{"damage":22,"enemies":"Snecko","floor":25,"turns":7},{"damage":12,"enemies":"Shelled Parasite and Fungi","floor":30,"turns":13},{"damage":39,"enemies":"Chosen and Byrds","floor":31,"turns":5}],"seed_played":"8300808724745214745","potions_obtained":[{"floor":10,"key":"Poison Potion"},{"floor":14,"key":"FocusPotion"},{"floor":18,"key":"Poison Potion"},{"floor":25,"key":"AttackPotion"}],"is_trial":false,"path_per_floor":["M","T","?","$","?","R","?","M","T","M","$","M","R","M","R","B",null,"M","M","?","?","$","R","M","M","T","T","$","?","M","M"],"character_chosen":"DEFECT","items_purchased":["Self Repair","Auto Shields"],"campfire_rested":2,"item_purchase_floors":[11,22],"current_hp_per_floor":[50,50,39,39,18,39,56,46,46,43,43,32,32,39,39,24,59,43,31,31,31,31,51,44,29,29,29,29,29,24,0],"gold":94,"neow_bonus":"TRANSFORM_TWO_CARDS","is_prod":false,"is_daily":false,"chose_seed":false,"campfire_upgraded":2,"win_rate":0,"timestamp":1559610518,"path_taken":["M","?","?","$","?","R","?","M","T","M","?","M","R","M","R","BOSS","M","M","?","?","$","R","M","?","T","?","$","?","M","M"],"build_version":"2019-01-23","purchased_purges":2,"victory":false,"max_hp_per_floor":[71,71,71,71,71,71,71,71,71,71,71,71,71,71,71,71,71,71,71,71,68,68,68,68,68,68,68,68,68,68,68],"card_choices":[{"not_picked":["Turbo","Beam Cell"],"picked":"Hologram","floor":1},{"not_picked":["Conserve Battery","Redo"],"picked":"Ball Lightning","floor":8},{"not_picked":["Tempest","Skim"],"picked":"Double Energy","floor":10},{"not_picked":["Gash","Compile Driver","Turbo"],"picked":"SKIP","floor":12},{"not_picked":["FTL","Rebound"],"picked":"Glacier","floor":14},{"not_picked":["Rainbow","Amplify"],"picked":"Seek","floor":16},{"not_picked":["Coolheaded+1","Conserve Battery"],"picked":"Ball Lightning","floor":18},{"not_picked":["Coolheaded","Auto Shields"],"picked":"BootSequence","floor":19},{"not_picked":["Compile Driver","Coolheaded"],"picked":"Defragment","floor":24},{"not_picked":["Conserve Battery","Turbo","Cold Snap+1"],"picked":"SKIP","floor":25},{"not_picked":["Beam Cell+1","White Noise"],"picked":"Reboot","floor":30}],"player_experience":818423,"relics_obtained":[{"floor":2,"key":"Kunai"},{"floor":9,"key":"Gremlin Horn"},{"floor":26,"key":"Ornamental Fan"},{"floor":27,"key":"Potion Belt"}],"event_choices":[{"damage_healed":0,"gold_gain":75,"player_choice":"Gather Gold","damage_taken":11,"max_hp_gain":0,"max_hp_loss":0,"event_name":"World of Goop","floor":3,"gold_loss":0},{"damage_healed":0,"gold_gain":0,"player_choice":"Entered Light","damage_taken":21,"max_hp_gain":0,"max_hp_loss":0,"event_name":"Shining Light","floor":5,"gold_loss":0,"cards_upgraded":["Strike_B","Defend_B"]},{"damage_healed":17,"gold_gain":0,"player_choice":"Healed and dodged fight","damage_taken":0,"max_hp_gain":0,"max_hp_loss":0,"event_name":"Mushrooms","floor":7,"gold_loss":0,"cards_obtained":["Parasite"]},{"damage_healed":0,"gold_gain":0,"player_choice":"Obtained Relic","damage_taken":0,"relics_obtained":["Omamori"],"max_hp_gain":0,"max_hp_loss":0,"event_name":"Addict","floor":20,"gold_loss":85},{"cards_removed":["Parasite"],"damage_healed":0,"gold_gain":0,"player_choice":"Purged","damage_taken":0,"max_hp_gain":0,"max_hp_loss":0,"event_name":"Purifier","floor":21,"gold_loss":0},{"damage_healed":0,"gold_gain":0,"player_choice":"Ignored","damage_taken":0,"max_hp_gain":0,"max_hp_loss":0,"event_name":"Vampires","floor":29,"gold_loss":0}],"is_beta":false,"boss_relics":[{"not_picked":["White Beast Statue","FrozenCore"],"picked":"Nuclear Battery"}],"items_purged_floors":[4,11],"is_endless":false,"potions_floor_spawned":[10,14,18,25],"killed_by":"Chosen and Byrds","ascension_level":19}