{"gold_per_floor":[119,119,119,44,0,39,51,107,119,145,157,195,17,40,40,171,171,194,194,28,153,166,166,197,247,247,267,267,283,304,327,327,327],"floor_reached":33,"playtime":1851,"items_purged":["Defend_B","Strike_B","Writhe"],"score":287,"play_id":"df662d9e-3093-4b54-9bad-f20fc0c81c0a","local_time":"20190424204552","is_ascension_mode":true,"campfire_choices":[{"floor":7,"key":"REST"},{"floor":11,"key":"REST"},{"floor":15,"key":"REST"},{"floor":23,"key":"REST"},{"floor":28,"key":"REST"},{"floor":32,"key":"REST"}],"neow_cost":"NONE","seed_source_timestamp":1007815109929247,"circlet_count":0,"master_deck":["Strike_B","Strike_B","Strike_B","Defend_B+1","Defend_B+1","Zap","Dualcast","Ball Lightning","Compile Driver","Ball Lightning","Bandage Up","Barrage","Machine Learning","Melter","Defragment","Tempest+1","Barrage","Conserve Battery+1","Barrage","BootSequence","Conserve Battery+1"],"relics":["Cracked Core","Golden Idol","MawBank","Blue Candle","Mummified Hand","Odd Mushroom","Fusion Hammer","Bag of Preparation","Ice Cream","Ornamental Fan","Bottled Flame","Bronze Scales"],"potions_floor_usage":[8,16,16,16,21,22,29,33,33],"damage_taken":[{"damage":6,"enemies":"Cultist","floor":1,"turns":3},{"damage":16,"enemies":"Lagavulin","floor":6,"turns":7},{"damage":29,"enemies":"3 Sentries","floor":8,"turns":5},{"damage":5,"enemies":"2 Louse","floor":10,"turns":2},{"damage":12,"enemies":"The Mushroom Lair","floor":12,"turns":4},{"damage":0,"enemies":"Small Slimes","floor":14,"turns":2},{"damage":42,"enemies":"Hexaghost","floor":16,"turns":8},{"damage":10,"enemies":"Spheric Guardian","floor":18,"turns":3},{"damage":21,"enemies":"Colosseum Slavers","floor":21,"turns":3},{"damage":30,"enemies":"Colosseum Nobs","floor":21,"turns":4},{"damage":10,"enemies":"3 Byrds","floor":22,"turns":3},{"damage":23,"enemies":"Gremlin Leader","floor":24,"turns":5},{"damage":5,"enemies":"Sentry and Sphere","floor":27,"turns":2},{"damage":4,"enemies":"Centurion and Healer","floor":29,"turns":5},{"damage":16,"enemies":"3 Cultists","floor":30,"turns":4},{"damage":22,"enemies":"Shelled Parasite and Fungi","floor":31,"turns":4},{"damage":47,"enemies":"Automaton","floor":33,"turns":6}],"seed_played":"8561560451732208014","potions_obtained":[{"floor":6,"key":"Energy Potion"},{"floor":8,"key":"Energy Potion"},{"floor":10,"key":"Regen Potion"},{"floor":12,"key":"Poison Potion"},{"floor":18,"key":"Dexterity Potion"},{"floor":21,"key":"Weak Potion"},{"floor":24,"key":"Block Potion"},{"floor":27,"key":"Swift Potion"},{"floor":31,"key":"Weak Potion"}],"is_trial":false,"path_per_floor":["M","?","?","$","?","E","R","E","T","M","R","?","$","M","R","B",null,"M","?","$","?","M","R","E","?","T","M","R","M","M","M","R","B"],"character_chosen":"DEFECT","items_purchased":["Bandage Up","Defragment"],"campfire_rested":6,"item_purchase_floors":[13,20],"current_hp_per_floor":[69,51,36,36,36,20,42,13,13,8,30,18,18,22,44,21,75,65,65,65,22,16,38,19,19,19,14,36,36,24,6,28,0],"gold":327,"neow_bonus":"REMOVE_CARD","is_prod":false,"is_daily":false,"chose_seed":false,"campfire_upgraded":0,"win_rate":0,"timestamp":1556163952,"path_taken":["M","?","?","$","?","E","R","E","T","M","R","?","$","M","R","BOSS","M","?","$","?","M","R","E","?","T","M","R","M","M","M","R","BOSS"],"build_version":"2019-01-23","purchased_purges":3,"victory":false,"max_hp_per_floor":[75,75,75,75,75,75,75,75,75,75,75,75,75,75,75,75,75,75,75,75,75,75,75,75,75,75,75,75,75,75,75,75,75],"card_choices":[{"not_picked":["Turbo","Coolheaded","Conserve Battery"],"picked":"SKIP","floor":1},{"not_picked":["Go for the Eyes","Cold Snap"],"picked":"Ball Lightning","floor":6},{"not_picked":["Streamline","Go for the Eyes"],"picked":"Compile Driver","floor":8},{"not_picked":["Doom and Gloom","Leap","Reboot"],"picked":"SKIP","floor":10},{"not_picked":["Glacier","Beam Cell"],"picked":"Ball Lightning","floor":12},{"not_picked":["Stack","Ball Lightning"],"picked":"Barrage","floor":14},{"not_picked":["Thunder Strike","Meteor Strike"],"picked":"Machine Learning","floor":16},{"not_picked":["Streamline","Gash"],"picked":"Melter","floor":18},{"not_picked":["Steam","Streamline+1"],"picked":"Tempest+1","floor":21},{"not_picked":["Conserve Battery","Sunder"],"picked":"Barrage","floor":22},{"not_picked":["Steam","Streamline","Hologram"],"picked":"SKIP","floor":24},{"not_picked":["Gash","Reprogram+1"],"picked":"Conserve Battery+1","floor":27},{"not_picked":["Steam","Steam Power"],"picked":"Barrage","floor":29},{"not_picked":["Steam+1","Consume"],"picked":"BootSequence","floor":30},{"not_picked":["Leap+1","Auto Shields"],"picked":"Conserve Battery+1","floor":31}],"player_experience":91608,"relics_obtained":[{"floor":6,"key":"MawBank"},{"floor":8,"key":"Blue Candle"},{"floor":9,"key":"Mummified Hand"},{"floor":12,"key":"Odd Mushroom"},{"floor":21,"key":"Ice Cream"},{"floor":21,"key":"Ornamental Fan"},{"floor":24,"key":"Bottled Flame"},{"floor":26,"key":"Bronze Scales"}],"event_choices":[{"damage_healed":0,"gold_gain":0,"player_choice":"Take Damage","damage_taken":18,"relics_obtained":["Golden Idol"],"max_hp_gain":0,"max_hp_loss":0,"event_name":"Golden Idol","floor":2,"gold_loss":0},{"damage_healed":0,"gold_gain":0,"player_choice":"Entered Light","damage_taken":15,"max_hp_gain":0,"max_hp_loss":0,"event_name":"Shining Light","floor":3,"gold_loss":0,"cards_upgraded":["Defend_B","Defend_B"]},{"damage_healed":0,"gold_gain":0,"player_choice":"Left Gold","damage_taken":0,"max_hp_gain":0,"max_hp_loss":0,"event_name":"World of Goop","floor":5,"gold_loss":44},{"damage_healed":0,"gold_gain":0,"player_choice":"Fought Mushrooms","damage_taken":0,"max_hp_gain":0,"max_hp_loss":0,"event_name":"Mushrooms","floor":12,"gold_loss":0},{"damage_healed":0,"gold_gain":0,"player_choice":"Opened","damage_taken":0,"relics_obtained":["Bag of Preparation"],"max_hp_gain":0,"max_hp_loss":0,"event_name":"The Mausoleum","floor":19,"gold_loss":0,"cards_obtained":["Writhe"]},{"damage_healed":0,"gold_gain":0,"player_choice":"Fight","damage_taken":0,"max_hp_gain":0,"max_hp_loss":0,"event_name":"Colosseum","floor":21,"gold_loss":0},{"damage_healed":0,"gold_gain":0,"player_choice":"Fought Nobs","damage_taken":0,"max_hp_gain":0,"max_hp_loss":0,"event_name":"Colosseum","floor":21,"gold_loss":0},{"damage_healed":0,"gold_gain":100,"player_choice":"Bet on Murderer","damage_taken":0,"max_hp_gain":0,"max_hp_loss":0,"event_name":"The Joust","floor":25,"gold_loss":50}],"is_beta":false,"boss_relics":[{"not_picked":["Busted Crown","Calling Bell"],"picked":"Fusion Hammer"}],"items_purged_floors":[4,13,20],"is_endless":false,"potions_floor_spawned":[6,8,10,12,18,21,24,27,31],"killed_by":"Automaton","ascension_level":1}