{"gold_per_floor":[117,136,56,73,73,73,85,110,110,124,124,124,137,150,150,150],"floor_reached":16,"playtime":1111,"items_purged":[],"score":104,"play_id":"330ab298-9e36-4125-9c04-3d0708f51560","local_time":"20190406124805","is_ascension_mode":false,"campfire_choices":[{"data":"Wild Strike","floor":6,"key":"SMITH"},{"floor":11,"key":"REST"},{"data":"Whirlwind","floor":15,"key":"SMITH"}],"neow_cost":"NONE","seed_source_timestamp":71508253803290,"circlet_count":0,"master_deck":["Strike_R","Strike_R","Strike_R","Strike_R","Strike_R","Defend_R","Defend_R","Defend_R","Defend_R","Bash","Wild Strike+1","Headbutt","Uppercut+1","Feel No Pain","Whirlwind+1","True Grit","Heavy Blade","Second Wind","Warcry"],"relics":["Burning Blood","Art of War","Gremlin Horn"],"potions_floor_usage":[16],"damage_taken":[{"damage":5,"enemies":"Cultist","floor":1,"turns":4},{"damage":5,"enemies":"Small Slimes","floor":2,"turns":4},{"damage":8,"enemies":"Jaw Worm","floor":4,"turns":2},{"damage":10,"enemies":"2 Fungi Beasts","floor":7,"turns":4},{"damage":45,"enemies":"Lagavulin","floor":8,"turns":7},{"damage":28,"enemies":"Exordium Thugs","floor":10,"turns":5},{"damage":0,"enemies":"Gremlin Gang","floor":13,"turns":1},{"damage":11,"enemies":"Large Slime","floor":14,"turns":6},{"damage":50,"enemies":"Hexaghost","floor":16,"turns":14}],"seed_played":"-7970328758368157188","potions_obtained":[{"floor":2,"key":"Explosive Potion"},{"floor":8,"key":"Ancient Potion"},{"floor":13,"key":"EssenceOfSteel"}],"is_trial":false,"path_per_floor":["M","M","$","M","?","R","M","E","T","M","R","T","M","M","R","B"],"character_chosen":"IRONCLAD","items_purchased":["Uppercut"],"campfire_rested":1,"item_purchase_floors":[3],"current_hp_per_floor":[88,88,88,86,86,86,82,43,43,21,47,47,53,48,48,0],"gold":150,"neow_bonus":"TEN_PERCENT_HP_BONUS","is_prod":false,"is_daily":false,"chose_seed":false,"campfire_upgraded":2,"win_rate":0,"timestamp":1554529685,"path_taken":["M","M","?","M","?","R","M","E","T","?","R","?","M","M","R","BOSS"],"build_version":"2019-01-23","purchased_purges":0,"victory":false,"max_hp_per_floor":[88,88,88,88,88,88,88,88,88,88,88,88,88,88,88,88],"card_choices":[{"not_picked":["Headbutt","Iron Wave"],"picked":"Wild Strike","floor":1},{"not_picked":["Warcry","Rage"],"picked":"Headbutt","floor":2},{"not_picked":["Armaments","Wild Strike"],"picked":"Feel No Pain","floor":4},{"not_picked":["Evolve","True Grit"],"picked":"Whirlwind","floor":7},{"not_picked":["Searing Blow","Clash"],"picked":"True Grit","floor":8},{"not_picked":["Twin Strike","Combust"],"picked":"Heavy Blade","floor":10},{"not_picked":["Perfected Strike","Bloodletting"],"picked":"Second Wind","floor":13},{"not_picked":["Thunderclap","Whirlwind"],"picked":"Warcry","floor":14}],"player_experience":424164,"relics_obtained":[{"floor":8,"key":"Art of War"},{"floor":12,"key":"Gremlin Horn"}],"event_choices":[{"damage_healed":0,"gold_gain":0,"player_choice":"Upgraded","damage_taken":0,"max_hp_gain":0,"max_hp_loss":0,"event_name":"Upgrade Shrine","floor":5,"gold_loss":0,"cards_upgraded":["Uppercut"]}],"is_beta":false,"boss_relics":[],"items_purged_floors":[],"is_endless":false,"potions_floor_spawned":[2,8,13,14],"killed_by":"Hexaghost","ascension_level":0}