{"gold_per_floor":[117,131,143,143,143,44,63,63,89,89,101,101,101,165,177,293,305,331,343,355,384,396],"floor_reached":22,"playtime":600,"items_purged":[],"score":274,"play_id":"18427ac3-b757-4ce7-b570-deca8e27abff","local_time":"20180806195526","daily_mods":["Heirloom","Time Dilation","Hoarder"],"is_ascension_mode":false,"campfire_choices":[{"data":"Accuracy","floor":8,"key":"SMITH"},{"data":"Accuracy","floor":10,"key":"SMITH"},{"data":"Accuracy","floor":13,"key":"SMITH"},{"floor":15,"key":"REST"}],"neow_cost":"","seed_source_timestamp":18297248781226,"circlet_count":0,"master_deck":["Defend_G","Defend_G","Defend_G","Strike_G","Strike_G","Strike_G","Strike_G","Strike_G","Survivor","Neutralize+1","Infinite Blades","Infinite Blades","Infinite Blades","Escape Plan","Escape Plan","Escape Plan","Finesse","Finesse","Finesse","Accuracy+1","Accuracy+1","Accuracy+1","Endless Agony","Endless Agony","Endless Agony"],"relics":["Unceasing Top","Ginger","Vajra","MawBank","Empty Cage"],"potions_floor_usage":[11,14,16,16,22],"damage_taken":[{"damage":4,"enemies":"Jaw Worm","floor":1,"turns":5},{"damage":9,"enemies":"Cultist","floor":2,"turns":4},{"damage":0,"enemies":"Small Slimes","floor":3,"turns":4},{"damage":13,"enemies":"Gremlin Gang","floor":7,"turns":4},{"damage":13,"enemies":"Exordium Thugs","floor":11,"turns":3},{"damage":13,"enemies":"3 Sentries","floor":14,"turns":3},{"damage":36,"enemies":"The Guardian","floor":16,"turns":5},{"damage":8,"enemies":"Spheric Guardian","floor":18,"turns":3},{"damage":37,"enemies":"2 Thieves","floor":21,"turns":4},{"damage":26,"enemies":"Snake Plant","floor":22,"turns":2}],"seed_played":"1104563264069244715","potions_obtained":[{"floor":1,"key":"GamblersBrew"},{"floor":2,"key":"Poison Potion"},{"floor":7,"key":"SkillPotion"},{"floor":11,"key":"SkillPotion"},{"floor":16,"key":"Poison Potion"},{"floor":18,"key":"Energy Potion"},{"floor":21,"key":"AttackPotion"}],"is_trial":true,"path_per_floor":["M","M","M","$","?","$","M","R","T","R","M","$","R","?","R","B",null,"M","$","?","M"],"character_chosen":"THE_SILENT","items_purchased":["Finesse"],"campfire_rested":1,"item_purchase_floors":[6],"current_hp_per_floor":[66,57,57,57,57,57,44,44,44,44,31,31,31,18,39,3,70,62,62,62,25,0],"gold":396,"neow_bonus":"","is_prod":false,"is_daily":false,"chose_seed":false,"campfire_upgraded":3,"win_rate":0,"timestamp":1533552926,"path_taken":["M","M","M","$","?","?","M","R","T","R","?","$","R","?","R","BOSS","M","$","?","M","?"],"build_version":"2018-08-02","purchased_purges":0,"victory":false,"max_hp_per_floor":[70,70,70,70,70,70,70,70,70,70,70,70,70,70,70,70,70,70,70,70,70,70],"card_choices":[{"not_picked":["Flechettes","PiercingWail"],"picked":"Infinite Blades","floor":1},{"not_picked":["Flying Knee","Deadly Poison"],"picked":"Escape Plan","floor":2},{"not_picked":["Underhanded Strike","Bane","Dodge and Roll"],"picked":"SKIP","floor":3},{"not_picked":["Glass Knife","Bane"],"picked":"Accuracy","floor":7},{"not_picked":["Dodge and Roll","Outmaneuver"],"picked":"Endless Agony","floor":11},{"not_picked":["Reflex","Poisoned Stab","Quick Slash+1"],"picked":"SKIP","floor":18},{"not_picked":["Dagger Throw","Backflip","Riddle With Holes+1"],"picked":"SKIP","floor":21}],"player_experience":261397,"relics_obtained":[{"floor":9,"key":"Vajra"},{"floor":14,"key":"MawBank"}],"event_choices":[{"event_name":"Upgrade Shrine","player_choice":"Upgraded","floor":5,"damage_taken":0},{"event_name":"Dead Adventurer","player_choice":"Searched \u00272\u0027 times","floor":14,"damage_taken":0},{"event_name":"Vampires","player_choice":"Ignored","floor":20,"damage_taken":0}],"is_beta":false,"boss_relics":[{"not_picked":["Orrery","Calling Bell"],"picked":"Empty Cage"}],"items_purged_floors":[],"is_endless":true,"potions_floor_spawned":[1,2,7,11,16,18,21],"killed_by":"Snake Plant","ascension_level":0}