{"gold_per_floor":[111,11,24,44,55,83,83,109,136,161,19,19,29,29,29,101,101],"floor_reached":17,"playtime":526,"items_purged":[],"score":350,"play_id":"5ecbfda2-9a29-4168-9fc1-e48ce9d76006","local_time":"20190530143147","is_ascension_mode":true,"campfire_choices":[{"floor":7.0,"key":"REST"},{"floor":12.0,"key":"REST"},{"data":"Uppercut","floor":15.0,"key":"SMITH"}],"neow_cost":"NONE","seed_source_timestamp":0,"circlet_count":0,"master_deck":["AscendersBane","Strike_R","Strike_R","Strike_R","Strike_R","Strike_R","Defend_R","Defend_R","Defend_R","Defend_R","Bash","Uppercut+1","Anger","Power Through","Shrug It Off","Iron Wave","Spot Weakness","Pummel","Disarm","Metallicize","Limit Break"],"special_seed":0,"relics":["Burning Blood","NeowsBlessing","Matryoshka","Centennial Puzzle","Juzu Bracelet","Regal Pillow","Gremlin Horn","Bag of Preparation","Runic Dome"],"potions_floor_usage":[],"damage_taken":[{"damage":0.0,"enemies":"Cultist","floor":1.0,"turns":1.0},{"damage":0.0,"enemies":"Small Slimes","floor":3.0,"turns":1.0},{"damage":0.0,"enemies":"2 Louse","floor":4.0,"turns":1.0},{"damage":21.0,"enemies":"Lots of Slimes","floor":5.0,"turns":9.0},{"damage":41.0,"enemies":"Lagavulin","floor":6.0,"turns":9.0},{"damage":35.0,"enemies":"3 Sentries","floor":8.0,"turns":11.0},{"damage":16.0,"enemies":"Lagavulin","floor":10.0,"turns":6.0},{"damage":0.0,"enemies":"2 Fungi Beasts","floor":13.0,"turns":2.0},{"damage":40,"enemies":"Hexaghost","floor":16,"turns":12}],"seed_played":"3487145986313545499","potions_obtained":[{"floor":1.0,"key":"BloodPotion"},{"floor":4.0,"key":"Weak Potion"},{"floor":16,"key":"Dexterity Potion"}],"is_trial":false,"path_per_floor":["M","$","M","M","M","E","R","E","T","E","?","R","M","$","R","B",null],"character_chosen":"IRONCLAD","items_purchased":["Anger","Power Through"],"campfire_rested":2,"item_purchase_floors":[2,2],"current_hp_per_floor":[74,74,75,75,60,32,54,25,25,15,15,52,58,58,58,24,62],"gold":101,"neow_bonus":"THREE_ENEMY_KILL","is_prod":false,"is_daily":false,"chose_seed":false,"campfire_upgraded":1,"win_rate":0,"timestamp":1559201507,"path_taken":["M","$","?","M","M","E","R","E","T","E","?","R","M","?","R","BOSS"],"build_version":"2019-01-23","purchased_purges":0,"victory":false,"max_hp_per_floor":[75,75,75,75,75,75,75,75,75,75,75,75,75,75,75,75,75],"card_choices":[{"not_picked":["Rage","Body Slam"],"picked":"Uppercut","floor":1.0},{"not_picked":["Perfected Strike","Headbutt"],"picked":"Shrug It Off","floor":3.0},{"not_picked":["Sword Boomerang","Body Slam","Perfected Strike"],"picked":"SKIP","floor":4.0},{"not_picked":["Twin Strike","Perfected Strike"],"picked":"Iron Wave","floor":5.0},{"not_picked":["Juggernaut","Evolve"],"picked":"Spot Weakness","floor":6.0},{"not_picked":["Pommel Strike","Clash"],"picked":"Pummel","floor":8.0},{"not_picked":["Thunderclap","Pommel Strike"],"picked":"Disarm","floor":10.0},{"not_picked":["Sword Boomerang","Searing Blow"],"picked":"Metallicize","floor":13.0},{"not_picked":["Double Tap","Feed"],"picked":"Limit Break","floor":16}],"player_experience":508981,"relics_obtained":[{"floor":6.0,"key":"Matryoshka"},{"floor":8.0,"key":"Centennial Puzzle"},{"floor":9.0,"key":"Juzu Bracelet"},{"floor":9.0,"key":"Regal Pillow"},{"floor":10.0,"key":"Gremlin Horn"}],"event_choices":[{"damage_healed":0.0,"max_hp_gain":0.0,"max_hp_loss":0.0,"gold_gain":0.0,"event_name":"WeMeetAgain","player_choice":"Paid Gold","floor":11.0,"gold_loss":142.0,"damage_taken":0.0,"relics_obtained":["Bag of Preparation"]}],"is_beta":false,"boss_relics":[{"not_picked":["Runic Cube","Eternal Feather"],"picked":"Runic Dome"}],"items_purged_floors":[],"is_endless":false,"potions_floor_spawned":[1,4,5,16],"ascension_level":20}