{"gold_per_floor":[114,126,137,148,118,118,128,128,205,24,24,36,36,48,48,153,153,164,183,202,202],"floor_reached":21,"playtime":2840,"items_purged":[],"score":201,"play_id":"83b0be94-6137-4c7c-968e-b1f1898e61c5","local_time":"20190427161421","is_ascension_mode":true,"campfire_choices":[{"data":"Echo Form","floor":6,"key":"SMITH"},{"floor":8,"key":"REST"},{"floor":11,"key":"REST"},{"floor":15,"key":"REST"}],"neow_cost":"NONE","seed_source_timestamp":1069272404296214,"circlet_count":0,"master_deck":["Strike_B","Strike_B","Strike_B","Strike_B","Defend_B","Defend_B","Defend_B","Zap","Dualcast","Echo Form+1","Cold Snap","Sweeping Beam","Apotheosis","Core Surge","Ball Lightning","Buffer","Barrage+1","Capacitor"],"relics":["Cracked Core","Sundial","Runic Pyramid"],"potions_floor_usage":[5,7,16,16,16],"damage_taken":[{"damage":0,"enemies":"Small Slimes","floor":1,"turns":3},{"damage":1,"enemies":"Cultist","floor":2,"turns":3},{"damage":6,"enemies":"2 Louse","floor":3,"turns":4},{"damage":7,"enemies":"Exordium Wildlife","floor":4,"turns":4},{"damage":38,"enemies":"Exordium Thugs","floor":7,"turns":3},{"damage":12,"enemies":"Looter","floor":12,"turns":4},{"damage":12,"enemies":"Large Slime","floor":14,"turns":4},{"damage":5,"enemies":"Slime Boss","floor":16,"turns":8},{"damage":14,"enemies":"Spheric Guardian","floor":18,"turns":5},{"damage":4,"enemies":"Chosen","floor":19,"turns":4},{"damage":23,"enemies":"Centurion and Healer","floor":20,"turns":5},{"damage":48,"enemies":"3 Cultists","floor":21,"turns":4}],"seed_played":"-2240490033597511427","potions_obtained":[{"floor":1,"key":"SkillPotion"},{"floor":5,"key":"Fruit Juice"},{"floor":5,"key":"Explosive Potion"},{"floor":12,"key":"EssenceOfSteel"},{"floor":14,"key":"AttackPotion"},{"floor":16,"key":"Strength Potion"},{"floor":18,"key":"FocusPotion"},{"floor":19,"key":"SpeedPotion"}],"is_trial":false,"path_per_floor":["M","M","M","M","?","R","M","R","T","$","R","M","?","M","R","B",null,"M","M","M","M"],"character_chosen":"DEFECT","items_purchased":["Apotheosis"],"campfire_rested":3,"item_purchase_floors":[10],"current_hp_per_floor":[75,74,68,61,66,66,28,52,52,52,76,64,69,57,82,77,85,71,67,44,0],"gold":202,"neow_bonus":"TRANSFORM_CARD","is_prod":false,"is_daily":false,"chose_seed":false,"campfire_upgraded":1,"win_rate":0,"timestamp":1556406861,"path_taken":["M","M","M","M","?","R","?","R","T","$","R","M","?","M","R","BOSS","M","M","M","M"],"build_version":"2019-01-23","purchased_purges":0,"victory":false,"max_hp_per_floor":[75,75,75,75,80,80,80,80,80,80,80,80,85,85,85,85,85,85,85,85,85],"card_choices":[{"not_picked":["Darkness","Turbo","Barrage"],"picked":"SKIP","floor":1},{"not_picked":["Beam Cell","Redo","Rebound"],"picked":"SKIP","floor":2},{"not_picked":["Go for the Eyes","Blizzard","Auto Shields"],"picked":"SKIP","floor":3},{"not_picked":["Tempest","FTL"],"picked":"Cold Snap","floor":4},{"not_picked":["Beam Cell","Gash"],"picked":"Sweeping Beam","floor":7},{"not_picked":["Doom and Gloom","Coolheaded"],"picked":"Core Surge","floor":12},{"not_picked":["Compile Driver","Coolheaded"],"picked":"Ball Lightning","floor":14},{"not_picked":["Fission","Thunder Strike"],"picked":"Buffer","floor":16},{"not_picked":["Redo","Scrape+1"],"picked":"Barrage+1","floor":18},{"not_picked":["Compile Driver","Hologram","Ball Lightning"],"picked":"SKIP","floor":19},{"not_picked":["Ball Lightning","Gash"],"picked":"Capacitor","floor":20}],"player_experience":138339,"relics_obtained":[{"floor":9,"key":"Sundial"}],"event_choices":[{"damage_healed":0,"gold_gain":0,"player_choice":"Bought 2 Potions","damage_taken":0,"max_hp_gain":0,"max_hp_loss":0,"event_name":"The Woman in Blue","floor":5,"gold_loss":0},{"damage_healed":0,"gold_gain":0,"player_choice":"Donut","damage_taken":0,"max_hp_gain":5,"max_hp_loss":0,"event_name":"Big Fish","floor":13,"gold_loss":0}],"is_beta":false,"boss_relics":[{"not_picked":["Runic Dome","Lizard Tail"],"picked":"Runic Pyramid"}],"items_purged_floors":[],"is_endless":false,"potions_floor_spawned":[1,12,14,16,18,19],"killed_by":"3 Cultists","ascension_level":3}