{"gold_per_floor":[118,65,80,5,5,33,48,48,121,121,137,148,148,178,178,250,250,261,0,14,14,14,14,30,30,30,30,30],"floor_reached":28,"playtime":2040,"items_purged":["Strike_B","Strike_B"],"score":489,"play_id":"54d078d9-bf7f-430e-8846-78a668ffc2b4","local_time":"20190601104029","is_ascension_mode":true,"campfire_choices":[{"data":"Zap","floor":8,"key":"SMITH"},{"data":"Conserve Battery","floor":10,"key":"SMITH"},{"data":"Ball Lightning","floor":15,"key":"SMITH"},{"data":"Ghostly","floor":23,"key":"SMITH"},{"data":"Genetic Algorithm","floor":27,"key":"SMITH"}],"neow_cost":"NONE","seed_source_timestamp":6374956623954,"circlet_count":0,"master_deck":["AscendersBane","Strike_B","Defend_B","Defend_B","Defend_B","Defend_B","Zap+1","Dualcast","Conserve Battery+1","Ball Lightning+1","Genetic Algorithm+1","All For One","Ghostly+1","Ghostly","Ghostly","Cold Snap+1"],"relics":["Cracked Core","NeowsBlessing","Blood Vial","Symbiotic Virus","The Courier","Sozu","MealTicket","Bottled Lightning"],"potions_floor_usage":[16,16],"damage_taken":[{"damage":0,"enemies":"Cultist","floor":1,"turns":1},{"damage":0,"enemies":"Small Slimes","floor":3,"turns":1},{"damage":0,"enemies":"Gremlin Nob","floor":6,"turns":1},{"damage":7,"enemies":"Jaw Worm","floor":7,"turns":4},{"damage":2,"enemies":"Large Slime","floor":11,"turns":5},{"damage":6,"enemies":"Looter","floor":12,"turns":3},{"damage":15,"enemies":"Lagavulin","floor":14,"turns":7},{"damage":34,"enemies":"Slime Boss","floor":16,"turns":9},{"damage":18,"enemies":"3 Byrds","floor":18,"turns":4},{"damage":12,"enemies":"Spheric Guardian","floor":20,"turns":4},{"damage":18,"enemies":"Shelled Parasite and Fungi","floor":24,"turns":7},{"damage":44,"enemies":"Slavers","floor":28,"turns":5}],"seed_played":"-7865757861098850942","potions_obtained":[{"floor":1,"key":"Fire Potion"},{"floor":12,"key":"FocusPotion"},{"floor":16,"key":"SteroidPotion"}],"is_trial":false,"path_per_floor":["M","$","M","$","$","E","M","R","T","R","M","M","?","E","R","B",null,"M","$","M","?","?","R","M","$","T","R","E"],"character_chosen":"DEFECT","items_purchased":["Conserve Battery","MealTicket"],"campfire_rested":0,"item_purchase_floors":[2,19],"current_hp_per_floor":[64,64,64,64,64,64,59,59,59,59,59,55,48,35,35,3,54,38,38,28,28,28,28,12,27,27,27,0],"gold":30,"neow_bonus":"THREE_ENEMY_KILL","is_prod":false,"is_daily":false,"chose_seed":false,"campfire_upgraded":5,"win_rate":0,"timestamp":1559410829,"path_taken":["M","$","M","?","$","E","M","R","T","R","?","M","?","E","R","BOSS","M","$","M","?","?","R","M","$","T","R","E"],"build_version":"2019-01-23","purchased_purges":2,"victory":false,"max_hp_per_floor":[71,71,71,71,71,71,71,71,71,71,71,71,71,71,71,71,71,71,71,71,71,35,35,35,35,35,35,35],"card_choices":[{"not_picked":["Stack","Lockon","Go for the Eyes"],"picked":"SKIP","floor":1},{"not_picked":["Scrape","Hello World","Rebound"],"picked":"SKIP","floor":3},{"not_picked":["Thunder Strike","Barrage","Leap"],"picked":"SKIP","floor":6},{"not_picked":["Compile Driver","Blizzard","Stack"],"picked":"SKIP","floor":7},{"not_picked":["Gash","Redo"],"picked":"Ball Lightning","floor":11},{"not_picked":["Cold Snap","Sweeping Beam"],"picked":"Genetic Algorithm","floor":12},{"not_picked":["Force Field","Sweeping Beam","Stack"],"picked":"SKIP","floor":14},{"not_picked":["Rainbow","Creative AI"],"picked":"All For One","floor":16},{"not_picked":["Storm","Gash","Stack"],"picked":"SKIP","floor":18},{"not_picked":["Sweeping Beam","Go for the Eyes","Streamline"],"picked":"SKIP","floor":20},{"not_picked":["Stack","Undo"],"picked":"Cold Snap+1","floor":24}],"player_experience":805834,"relics_obtained":[{"floor":6,"key":"Blood Vial"},{"floor":9,"key":"Symbiotic Virus"},{"floor":14,"key":"The Courier"},{"floor":26,"key":"Bottled Lightning"}],"event_choices":[{"cards_removed":["Strike_B"],"damage_healed":0,"gold_gain":0,"player_choice":"Card Removal","damage_taken":7,"max_hp_gain":0,"max_hp_loss":0,"event_name":"Golden Wing","floor":13,"gold_loss":0},{"damage_healed":0,"gold_gain":0,"player_choice":"Became a Ghost","damage_taken":0,"max_hp_gain":0,"max_hp_loss":36,"event_name":"Ghosts","floor":22,"gold_loss":0,"cards_obtained":["Ghostly","Ghostly","Ghostly"]}],"is_beta":false,"boss_relics":[{"not_picked":["Tiny House","Calling Bell"],"picked":"Sozu"}],"items_purged_floors":[4,19],"is_endless":false,"potions_floor_spawned":[1,12,16,18,20],"killed_by":"Slavers","ascension_level":19}