{"gold_per_floor":[113,288,299,299,11,36,76,76,76,76,76,92,92,17,17,140,140,165,189,39,39,16,16,16,56,56,56,81,81,112,112,112,240,240,265,265,284,284,298,298,298,298,298,298,331,11,344,344,344,344,344,344,20,54,54],"floor_reached":55,"playtime":1729,"items_purged":["Injury","Thunderclap","Impatience"],"score":780,"play_id":"29d70acd-4039-4e29-b5e4-0b83e6021a6d","local_time":"20181125192358","is_ascension_mode":false,"campfire_choices":[{"data":"Iron Wave","floor":8,"key":"SMITH"},{"floor":10,"key":"RECALL"},{"data":"Iron Wave","floor":13,"key":"SMITH"},{"data":"Bash","floor":15,"key":"SMITH"},{"floor":23,"key":"REST"},{"floor":27,"key":"REST"},{"data":"Body Slam","floor":29,"key":"SMITH"},{"floor":32,"key":"REST"},{"floor":40,"key":"REST"},{"data":"Shrug It Off","floor":42,"key":"SMITH"},{"data":"Shrug It Off","floor":44,"key":"SMITH"},{"data":"Body Slam","floor":49,"key":"SMITH"},{"data":"Ghostly Armor","floor":52,"key":"SMITH"}],"neow_cost":"NONE","seed_source_timestamp":176059371443780,"circlet_count":0,"master_deck":["Strike_R","Strike_R","Defend_R","Defend_R","Defend_R","Bash+1","Disarm+1","Iron Wave+1","Iron Wave+1","Juggernaut","Perfected Strike+1","Feed+1","Armaments+1","Thunderclap+1","Shrug It Off+1","Shrug It Off+1","Body Slam+1","Juggernaut+1","Exhume","Panache+1","Flex","Burning Pact+1","Body Slam+1","Ghostly Armor+1","Madness","Madness","Dual Wield","Clothesline","Blind"],"relics":["Runic Pyramid","Torii","Charon\u0027s Ashes","Astrolabe","Mummified Hand","Frozen Egg 2","Juzu Bracelet","Busted Crown","Bottled Tornado","Ancient Tea Set","Lee\u0027s Waffle","Self Forming Clay"],"potions_floor_usage":[7,16,18,19,37,39,50,50,55],"damage_taken":[{"damage":0,"enemies":"Small Slimes","floor":1,"turns":3},{"damage":7,"enemies":"2 Louse","floor":3,"turns":4},{"damage":10,"enemies":"Cultist","floor":6,"turns":4},{"damage":13,"enemies":"3 Sentries","floor":7,"turns":10},{"damage":1,"enemies":"Red Slaver","floor":12,"turns":5},{"damage":38,"enemies":"The Guardian","floor":16,"turns":14},{"damage":2,"enemies":"Chosen","floor":18,"turns":5},{"damage":24,"enemies":"2 Thieves","floor":19,"turns":3},{"damage":45,"enemies":"Colosseum Slavers","floor":21,"turns":7},{"damage":17,"enemies":"Book of Stabbing","floor":25,"turns":13},{"damage":10,"enemies":"Snake Plant","floor":28,"turns":6},{"damage":32,"enemies":"Slavers","floor":30,"turns":9},{"damage":62,"enemies":"Collector","floor":33,"turns":11},{"damage":2,"enemies":"Orb Walker","floor":35,"turns":4},{"damage":29,"enemies":"3 Darklings","floor":37,"turns":5},{"damage":14,"enemies":"Spire Growth","floor":39,"turns":5},{"damage":45,"enemies":"Giant Head","floor":45,"turns":9},{"damage":48,"enemies":"Awakened One","floor":50,"turns":9},{"damage":98,"enemies":"Shield and Spear","floor":54,"turns":7},{"damage":35,"enemies":"The Heart","floor":55,"turns":6}],"seed_played":"8613112975734835519","potions_obtained":[{"floor":1,"key":"Fire Potion"},{"floor":12,"key":"EssenceOfSteel"},{"floor":16,"key":"Fire Potion"},{"floor":18,"key":"Fruit Juice"},{"floor":33,"key":"Explosive Potion"},{"floor":37,"key":"Energy Potion"},{"floor":39,"key":"Swift Potion"},{"floor":45,"key":"Ancient Potion"},{"floor":54,"key":"Block Potion"}],"is_trial":false,"path_per_floor":["M","?","M","?","$","M","E","R","T","R","?","M","R","$","R","B",null,"M","M","$","?","$","R","?","E","T","R","M","R","E","?","R","B",null,"M","?","M","?","M","R","?","R","T","R","E","$","?","?","R","B",null,"R","$","E","B"],"character_chosen":"IRONCLAD","items_purchased":["Torii","Shrug It Off","Shrug It Off","Lee\u0027s Waffle","Body Slam","Ghostly Armor","Dual Wield","Clothesline","Blind"],"campfire_rested":4,"item_purchase_floors":[5,20,22,46,46,46,53,53,53],"current_hp_per_floor":[80,80,73,73,73,63,50,50,50,50,50,49,49,49,49,11,80,87,67,67,26,26,55,55,42,42,72,66,66,38,38,70,8,109,107,107,78,78,68,101,101,101,101,101,60,124,124,108,108,64,128,128,128,30,0],"gold":54,"neow_bonus":"BOSS_RELIC","is_prod":false,"is_daily":false,"chose_seed":false,"campfire_upgraded":8,"win_rate":0,"timestamp":1543170238,"path_taken":["M","?","M","?","$","M","E","R","T","R","?","?","R","$","R","BOSS","M","M","?","?","$","R","?","E","T","R","?","R","E","?","R","BOSS","M","?","M","?","M","R","?","R","T","R","E","$","?","?","R","BOSS","R","$","E","BOSS"],"build_version":"2018-11-15","purchased_purges":3,"victory":false,"max_hp_per_floor":[80,80,80,80,80,80,80,80,80,80,80,80,80,80,80,80,80,89,93,93,97,97,97,97,101,101,101,105,105,109,109,109,109,109,109,109,109,109,113,113,113,113,113,113,117,124,124,124,124,128,128,128,128,128,128],"card_choices":[{"not_picked":["Rampage","Clash"],"picked":"Disarm","floor":1},{"not_picked":["Sword Boomerang","Rampage"],"picked":"Iron Wave","floor":3},{"not_picked":["Wild Strike","Power Through"],"picked":"Iron Wave","floor":6},{"not_picked":["Havoc","Headbutt","Warcry"],"picked":"SKIP","floor":7},{"not_picked":["Combust","Hemokinesis","Warcry"],"picked":"SKIP","floor":12},{"not_picked":["Feed","Berserk"],"picked":"Juggernaut","floor":16},{"not_picked":["Pommel Strike","Anger"],"picked":"Thunderclap","floor":18},{"not_picked":["Anger","Warcry+1"],"picked":"Thunderclap+1","floor":19},{"not_picked":["Armaments","Pommel Strike","Havoc"],"picked":"SKIP","floor":25},{"not_picked":["Carnage","Power Through+1"],"picked":"Body Slam","floor":28},{"not_picked":["Ghostly Armor","Wild Strike"],"picked":"Juggernaut+1","floor":30},{"not_picked":["Limit Break","Juggernaut+1"],"picked":"Exhume","floor":33},{"not_picked":["Wild Strike+1"],"picked":"SKIP","floor":35},{"not_picked":[],"picked":"Panache+1","floor":36},{"not_picked":["Clash"],"picked":"SKIP","floor":37},{"not_picked":[],"picked":"Flex","floor":39},{"not_picked":[],"picked":"Burning Pact+1","floor":45},{"not_picked":["Pommel Strike"],"picked":"SKIP","floor":54}],"player_experience":138402,"relics_obtained":[{"floor":7,"key":"Charon\u0027s Ashes"},{"floor":25,"key":"Mummified Hand"},{"floor":26,"key":"Frozen Egg 2"},{"floor":30,"key":"Juzu Bracelet"},{"floor":43,"key":"Bottled Tornado"},{"floor":45,"key":"Ancient Tea Set"},{"floor":54,"key":"Self Forming Clay"}],"event_choices":[{"damage_healed":0,"gold_gain":175,"player_choice":"AGREE","damage_taken":0,"max_hp_gain":0,"max_hp_loss":0,"event_name":"Liars Game","floor":2,"gold_loss":0,"cards_obtained":["Doubt"]},{"damage_healed":0,"gold_gain":0,"player_choice":"Take Wound","damage_taken":0,"relics_obtained":["Golden Idol"],"max_hp_gain":0,"max_hp_loss":0,"event_name":"Golden Idol","floor":4,"gold_loss":0,"cards_obtained":["Injury"]},{"cards_removed":["Doubt"],"damage_healed":0,"gold_gain":0,"player_choice":"Purged","damage_taken":0,"max_hp_gain":0,"max_hp_loss":0,"event_name":"Purifier","floor":11,"gold_loss":0},{"damage_healed":0,"gold_gain":0,"player_choice":"Fight","damage_taken":0,"max_hp_gain":0,"max_hp_loss":0,"event_name":"Colosseum","floor":21,"gold_loss":0},{"damage_healed":0,"gold_gain":0,"player_choice":"Fled From Nobs","damage_taken":0,"max_hp_gain":0,"max_hp_loss":0,"event_name":"Colosseum","floor":21,"gold_loss":0},{"damage_healed":0,"gold_gain":0,"player_choice":"Upgraded","damage_taken":0,"max_hp_gain":0,"max_hp_loss":0,"event_name":"Upgrade Shrine","floor":24,"gold_loss":0,"cards_upgraded":["Disarm"]},{"damage_healed":0,"gold_gain":0,"player_choice":"Obtain J.A.X.","damage_taken":0,"max_hp_gain":0,"max_hp_loss":0,"event_name":"Drug Dealer","floor":31,"gold_loss":0,"cards_obtained":["J.A.X."]},{"damage_healed":0,"gold_gain":0,"player_choice":"Memory 1","damage_taken":0,"max_hp_gain":0,"max_hp_loss":0,"event_name":"SensoryStone","floor":36,"gold_loss":0},{"damage_healed":0,"gold_gain":0,"cards_transformed":["J.A.X."],"player_choice":"Transformed","damage_taken":0,"max_hp_gain":0,"max_hp_loss":0,"event_name":"Transmorgrifier","floor":38,"gold_loss":0,"cards_obtained":["Impatience"]},{"cards_removed":["Strike_R"],"damage_healed":0,"gold_gain":0,"player_choice":"Removed Attack","damage_taken":0,"max_hp_gain":0,"max_hp_loss":0,"event_name":"Falling","floor":41,"gold_loss":0},{"damage_healed":0,"gold_gain":333,"player_choice":"Gave Idol","damage_taken":0,"max_hp_gain":0,"max_hp_loss":0,"event_name":"The Moai Head","floor":47,"relics_lost":["Golden Idol"],"gold_loss":0},{"damage_healed":0,"gold_gain":0,"player_choice":"Embrace Madness","damage_taken":16,"max_hp_gain":0,"max_hp_loss":0,"event_name":"Winding Halls","floor":48,"gold_loss":0,"cards_obtained":["Madness","Madness"]}],"is_beta":false,"boss_relics":[{"not_picked":["Velvet Choker","Runic Cube"],"picked":"Astrolabe"},{"not_picked":["Coffee Dripper","Runic Dome"],"picked":"Busted Crown"}],"items_purged_floors":[14,20,53],"is_endless":false,"potions_floor_spawned":[1,12,16,18,21,33,37,39,45,54],"killed_by":"The Heart","ascension_level":0}