{"gold_per_floor":[113,127,7,21,40,40,51,51,51,51,51,51,64,64,64,168,168,93,106,106,16,16,16,16],"floor_reached":24,"playtime":915,"items_purged":["Strike_B"],"score":285,"play_id":"b0c4e93f-9a2f-4c94-b391-0e74577e9b9c","local_time":"20190511134546","is_ascension_mode":true,"campfire_choices":[{"data":"BootSequence","floor":6,"key":"SMITH"},{"data":"Genetic Algorithm","floor":8,"key":"SMITH"},{"data":"Zap","floor":10,"key":"SMITH"},{"floor":15,"key":"REST"},{"floor":23,"key":"REST"}],"neow_cost":"NONE","seed_source_timestamp":489494876191204,"circlet_count":0,"master_deck":["AscendersBane","Defend_B+1","Defend_B","Defend_B","Zap+1","Dualcast","Gash","Leap","BootSequence+1","Genetic Algorithm+1","Machine Learning","Doom and Gloom+1"],"relics":["Cracked Core","NeowsBlessing","Ginger","Calipers","Empty Cage","Pantograph"],"potions_floor_usage":[5,16,16],"damage_taken":[{"damage":0,"enemies":"Cultist","floor":1,"turns":1},{"damage":0,"enemies":"Jaw Worm","floor":2,"turns":1},{"damage":0,"enemies":"Small Slimes","floor":4,"turns":1},{"damage":3,"enemies":"Blue Slaver","floor":5,"turns":4},{"damage":1,"enemies":"Exordium Wildlife","floor":7,"turns":5},{"damage":4,"enemies":"Looter","floor":13,"turns":4},{"damage":66,"enemies":"Hexaghost","floor":16,"turns":14},{"damage":3,"enemies":"2 Thieves","floor":18,"turns":5},{"damage":5,"enemies":"Shell Parasite","floor":19,"turns":6},{"damage":81,"enemies":"Book of Stabbing","floor":24,"turns":7}],"seed_played":"-8739485502843041013","potions_obtained":[{"floor":1,"key":"SkillPotion"},{"floor":2,"key":"Regen Potion"},{"floor":5,"key":"EssenceOfSteel"}],"is_trial":false,"path_per_floor":["M","M","$","M","M","R","M","R","T","R","?","?","M","$","R","B",null,"M","M","?","?","$","R","E"],"character_chosen":"DEFECT","items_purchased":["Gash"],"campfire_rested":2,"item_purchase_floors":[3],"current_hp_per_floor":[68,68,68,68,65,65,64,64,64,64,57,50,46,46,68,17,61,58,53,53,53,53,75,0],"gold":16,"neow_bonus":"THREE_ENEMY_KILL","is_prod":false,"is_daily":false,"chose_seed":false,"campfire_upgraded":3,"win_rate":0,"timestamp":1557607546,"path_taken":["M","?","$","M","M","R","M","R","T","R","?","?","M","?","R","BOSS","M","M","?","?","$","R","E"],"build_version":"2019-01-23","purchased_purges":1,"victory":false,"max_hp_per_floor":[75,75,75,75,75,75,75,75,75,75,75,75,75,75,75,75,75,75,75,75,75,75,75,75],"card_choices":[{"not_picked":["Turbo","Heatsinks","Redo"],"picked":"SKIP","floor":1},{"not_picked":["Recycle","Redo","Undo"],"picked":"SKIP","floor":2},{"not_picked":["Double Energy","Hyperbeam"],"picked":"Leap","floor":4},{"not_picked":["Loop","Steam Power"],"picked":"BootSequence","floor":5},{"not_picked":["Reinforced Body","Steam"],"picked":"Genetic Algorithm","floor":7},{"not_picked":["Steam","Darkness","Coolheaded"],"picked":"SKIP","floor":13},{"not_picked":["Biased Cognition","Electrodynamics"],"picked":"Machine Learning","floor":16},{"not_picked":["Blizzard","Steam"],"picked":"Doom and Gloom+1","floor":18},{"not_picked":["Sunder","Steam","Doom and Gloom"],"picked":"SKIP","floor":19}],"player_experience":457266,"relics_obtained":[{"floor":9,"key":"Ginger"}],"event_choices":[{"damage_healed":0,"gold_gain":0,"player_choice":"Success","damage_taken":7,"relics_obtained":["Calipers"],"max_hp_gain":0,"max_hp_loss":0,"event_name":"Scrap Ooze","floor":11,"gold_loss":0},{"cards_removed":["Strike_B"],"damage_healed":0,"gold_gain":0,"player_choice":"Card Removal","damage_taken":7,"max_hp_gain":0,"max_hp_loss":0,"event_name":"Golden Wing","floor":12,"gold_loss":0},{"damage_healed":0,"gold_gain":0,"player_choice":"Opened","damage_taken":0,"relics_obtained":["Pantograph"],"max_hp_gain":0,"max_hp_loss":0,"event_name":"The Mausoleum","floor":20,"gold_loss":0},{"cards_removed":["Defend_B"],"damage_healed":0,"gold_gain":0,"player_choice":"Upgrade and Remove","damage_taken":0,"max_hp_gain":0,"max_hp_loss":0,"event_name":"Designer","floor":21,"gold_loss":90,"cards_upgraded":["Defend_B"]}],"is_beta":false,"boss_relics":[{"not_picked":["Eternal Feather","Inserter"],"picked":"Empty Cage"}],"items_purged_floors":[3],"is_endless":false,"potions_floor_spawned":[1,2,5,13],"killed_by":"Book of Stabbing","ascension_level":11}