{"gold_per_floor":[113,125,195,195,208,208,234,246,296,296,307,322,339,371,371,466,466,478,478,494,509,509],"floor_reached":22,"playtime":782,"items_purged":[],"score":200,"play_id":"45de57ad-79f0-495b-bab4-6c90fb12092f","local_time":"20190318215833","is_ascension_mode":false,"campfire_choices":[{"data":"Zap","floor":6.0,"key":"SMITH"},{"floor":15.0,"key":"REST"}],"neow_cost":"NONE","seed_source_timestamp":0,"circlet_count":0,"master_deck":["Strike_B","Strike_B","Strike_B","Strike_B","Defend_B+1","Defend_B","Defend_B","Defend_B","Zap+1","Dualcast","Melter+1","Ball Lightning","Lockon","Cold Snap","Capacitor","FTL","Consume","Coolheaded","Fission","Biased Cognition","Ball Lightning+1","Storm+1"],"special_seed":0,"relics":["Cracked Core","Ancient Tea Set","Kunai","Anchor","PreservedInsect","Inserter","GremlinMask"],"potions_floor_usage":[22],"damage_taken":[{"damage":3.0,"enemies":"Small Slimes","floor":1.0,"turns":4.0},{"damage":0.0,"enemies":"2 Louse","floor":2.0,"turns":2.0},{"damage":0.0,"enemies":"Cultist","floor":5.0,"turns":2.0},{"damage":8.0,"enemies":"Gremlin Nob","floor":7.0,"turns":3.0},{"damage":16.0,"enemies":"Exordium Thugs","floor":8.0,"turns":3.0},{"damage":0.0,"enemies":"3 Louse","floor":11.0,"turns":2.0},{"damage":0.0,"enemies":"Looter","floor":12.0,"turns":2.0},{"damage":2.0,"enemies":"Lots of Slimes","floor":13.0,"turns":3.0},{"damage":16.0,"enemies":"Lagavulin","floor":14.0,"turns":7.0},{"damage":10.0,"enemies":"Slime Boss","floor":16.0,"turns":7.0},{"damage":28,"enemies":"3 Byrds","floor":18,"turns":6},{"damage":31,"enemies":"2 Thieves","floor":20,"turns":4},{"damage":20,"enemies":"Snake Plant","floor":21,"turns":5},{"damage":13,"enemies":"Shelled Parasite and Fungi","floor":22,"turns":2}],"seed_played":"2380436909295423466","potions_obtained":[{"floor":5.0,"key":"Fire Potion"},{"floor":8.0,"key":"SpeedPotion"},{"floor":11.0,"key":"SkillPotion"},{"floor":12.0,"key":"Energy Potion"},{"floor":16.0,"key":"FearPotion"}],"is_trial":false,"path_per_floor":["M","M","?","?","M","R","E","M","T","?","M","M","M","E","R","B",null,"M","?","M","M","M"],"character_chosen":"DEFECT","items_purchased":[],"campfire_rested":1,"item_purchase_floors":[],"current_hp_per_floor":[72,72,72,57,57,57,49,33,33,38,38,38,36,20,44,34,80,52,52,21,1,0],"gold":509,"neow_bonus":"RANDOM_COMMON_RELIC","is_prod":false,"is_daily":false,"chose_seed":false,"campfire_upgraded":1,"win_rate":0,"timestamp":1552913913,"path_taken":["M","M","?","?","M","R","E","M","T","?","M","M","M","E","R","BOSS","M","?","?","M","M"],"build_version":"2019-01-23","purchased_purges":0,"victory":false,"max_hp_per_floor":[75,75,75,75,75,75,75,75,75,80,80,80,80,80,80,80,80,80,80,80,80,80],"card_choices":[{"not_picked":["Hologram","Chaos"],"picked":"Melter","floor":1.0},{"not_picked":["Steam Power","Loop"],"picked":"Ball Lightning","floor":2.0},{"not_picked":["Beam Cell","Hologram"],"picked":"Lockon","floor":5.0},{"not_picked":["Blizzard","Rip and Tear"],"picked":"Cold Snap","floor":7.0},{"not_picked":["Auto Shields","Stack"],"picked":"Capacitor","floor":8.0},{"not_picked":["Capacitor","Redo"],"picked":"FTL","floor":11.0},{"not_picked":["Redo","Machine Learning"],"picked":"Consume","floor":12.0},{"not_picked":["Stack","Ball Lightning"],"picked":"Coolheaded","floor":13.0},{"not_picked":["Rainbow","Ball Lightning"],"picked":"Fission","floor":14.0},{"not_picked":["Machine Learning","Reboot"],"picked":"Biased Cognition","floor":16.0},{"not_picked":["Cold Snap","Steam"],"picked":"Ball Lightning+1","floor":18},{"not_picked":["Doom and Gloom+1","Steam Power","Fusion"],"picked":"SKIP","floor":20},{"not_picked":["Gash","Auto Shields"],"picked":"Storm+1","floor":21}],"player_experience":305562,"relics_obtained":[{"floor":7.0,"key":"Kunai"},{"floor":9.0,"key":"Anchor"},{"floor":14.0,"key":"PreservedInsect"}],"event_choices":[{"damage_healed":0.0,"max_hp_gain":0.0,"max_hp_loss":0.0,"gold_gain":70.0,"event_name":"Golden Wing","player_choice":"Gained Gold","floor":3.0,"gold_loss":0.0,"damage_taken":0.0},{"damage_healed":0.0,"max_hp_gain":0.0,"max_hp_loss":0.0,"gold_gain":0.0,"event_name":"Shining Light","player_choice":"Entered Light","floor":4.0,"gold_loss":0.0,"damage_taken":15.0,"cards_upgraded":["Melter","Defend_B"]},{"damage_healed":0.0,"max_hp_gain":5.0,"max_hp_loss":0.0,"gold_gain":0.0,"event_name":"Big Fish","player_choice":"Donut","floor":10.0,"gold_loss":0.0,"damage_taken":0.0},{"damage_healed":0,"gold_gain":0,"player_choice":"Trade","damage_taken":0,"relics_obtained":["GremlinMask"],"max_hp_gain":0,"max_hp_loss":0,"event_name":"FaceTrader","floor":19,"gold_loss":0}],"is_beta":false,"boss_relics":[{"not_picked":["Black Star","Pandora\u0027s Box"],"picked":"Inserter"}],"items_purged_floors":[],"is_endless":false,"potions_floor_spawned":[5,8,11,12,16,20],"killed_by":"Shelled Parasite and Fungi","ascension_level":0}