{"gold_per_floor":[117,144,160,110,129,129,162,162,189,204,220,220,230,262,262,358,358,368,368,380,236,236,236,270,270,270,286,286,296,321,337,337,440,440,460,270,270,282,282,282,308,308,387,403,414,414,259,286,286,286],"floor_reached":50,"playtime":2045,"items_purged":[],"score":725,"play_id":"f9ca4483-8835-4ef1-83e5-ae83ff192b38","local_time":"20190413135239","is_ascension_mode":false,"campfire_choices":[{"data":"Poisoned Stab","floor":6,"key":"SMITH"},{"data":"Dash","floor":8,"key":"SMITH"},{"data":"Neutralize","floor":15,"key":"SMITH"},{"data":"Catalyst","floor":23,"key":"SMITH"},{"data":"Burst","floor":25,"key":"SMITH"},{"data":"Night Terror","floor":28,"key":"SMITH"},{"data":"Cloak And Dagger","floor":32,"key":"SMITH"},{"data":"Adrenaline","floor":40,"key":"SMITH"},{"data":"Blur","floor":42,"key":"SMITH"},{"data":"Catalyst","floor":46,"key":"SMITH"},{"floor":49,"key":"RECALL"}],"neow_cost":"NONE","seed_source_timestamp":55375698962557,"circlet_count":0,"master_deck":["Survivor","Neutralize+1","Dash+1","Poisoned Stab+1","Footwork+1","Cloak And Dagger+1","Burst+1","Noxious Fumes+1","Catalyst+1","Escape Plan+1","Night Terror+1","Distraction+1","Adrenaline+1","Footwork+1","Purity","Purity","Blur+1","Doubt","Catalyst+1","Blur+1","Deadly Poison"],"relics":["Ring of the Snake","Lantern","Happy Flower","Frozen Egg 2","Blood Vial","Pandora\u0027s Box","Potion Belt","Vajra","Bag of Preparation","Calipers","Ancient Tea Set","Cursed Key","Snake Skull","The Courier","Ninja Scroll","PreservedInsect","Mango"],"potions_floor_usage":[7,48,50],"damage_taken":[{"damage":7,"enemies":"Cultist","floor":1,"turns":4},{"damage":0,"enemies":"Small Slimes","floor":3,"turns":4},{"damage":0,"enemies":"2 Louse","floor":5,"turns":2},{"damage":2,"enemies":"3 Sentries","floor":7,"turns":7},{"damage":0,"enemies":"Large Slime","floor":10,"turns":5},{"damage":0,"enemies":"Exordium Wildlife","floor":11,"turns":3},{"damage":0,"enemies":"2 Fungi Beasts","floor":13,"turns":4},{"damage":7,"enemies":"Gremlin Nob","floor":14,"turns":4},{"damage":16,"enemies":"The Guardian","floor":16,"turns":13},{"damage":2,"enemies":"3 Byrds","floor":18,"turns":6},{"damage":1,"enemies":"2 Thieves","floor":20,"turns":5},{"damage":0,"enemies":"Gremlin Leader","floor":24,"turns":6},{"damage":0,"enemies":"Chosen and Byrds","floor":27,"turns":5},{"damage":0,"enemies":"Centurion and Healer","floor":29,"turns":5},{"damage":0,"enemies":"Book of Stabbing","floor":30,"turns":6},{"damage":9,"enemies":"Cultist and Chosen","floor":31,"turns":8},{"damage":0,"enemies":"Collector","floor":33,"turns":6},{"damage":0,"enemies":"Orb Walker","floor":35,"turns":2},{"damage":0,"enemies":"3 Shapes","floor":38,"turns":3},{"damage":0,"enemies":"Reptomancer","floor":41,"turns":5},{"damage":0,"enemies":"Transient","floor":44,"turns":5},{"damage":0,"enemies":"Maw","floor":45,"turns":4},{"damage":13,"enemies":"Nemesis","floor":48,"turns":7},{"damage":73,"enemies":"Awakened One","floor":50,"turns":5}],"seed_played":"6139409514384142273","potions_obtained":[{"floor":3,"key":"Explosive Potion"},{"floor":10,"key":"FearPotion"},{"floor":11,"key":"GhostInAJar"},{"floor":13,"key":"EssenceOfSteel"},{"floor":18,"key":"GhostInAJar"},{"floor":20,"key":"SpeedPotion"},{"floor":27,"key":"Dexterity Potion"},{"floor":30,"key":"AttackPotion"},{"floor":33,"key":"AttackPotion"},{"floor":44,"key":"LiquidBronze"}],"is_trial":false,"path_per_floor":["M","T","M","?","M","R","E","R","T","M","M","?","M","E","R","B",null,"M","?","M","$","?","R","E","R","T","M","R","M","E","M","R","B",null,"M","$","?","M","?","R","E","R","T","M","M","R","$","E","R","B"],"character_chosen":"THE_SILENT","items_purchased":["Vajra","Footwork+1","Snake Skull","Deadly Poison","PreservedInsect"],"campfire_rested":0,"item_purchase_floors":[21,36,36,47,47],"current_hp_per_floor":[63,63,63,63,63,63,61,61,61,61,61,61,61,54,54,40,70,68,68,69,69,69,69,70,70,70,70,70,70,70,61,61,63,70,70,70,60,62,62,62,64,64,64,66,68,68,68,71,71,0],"gold":286,"neow_bonus":"RANDOM_COMMON_RELIC","is_prod":false,"is_daily":false,"chose_seed":false,"campfire_upgraded":10,"win_rate":0,"timestamp":1555131159,"path_taken":["M","?","M","?","M","R","E","R","T","M","M","?","M","E","R","BOSS","M","?","M","$","?","R","E","R","T","M","R","M","E","M","R","BOSS","M","$","?","M","?","R","E","R","T","M","M","R","$","E","R","BOSS"],"build_version":"2019-01-23","purchased_purges":0,"victory":false,"max_hp_per_floor":[70,70,70,70,70,70,70,70,70,70,70,70,70,70,70,70,70,70,70,70,70,70,70,70,70,70,70,70,70,70,70,70,70,70,70,70,70,70,70,70,70,70,70,70,70,70,70,84,84,84],"card_choices":[{"not_picked":["Deadly Poison","Underhanded Strike"],"picked":"Dash","floor":1},{"not_picked":["Terror","Quick Slash","Dash"],"picked":"SKIP","floor":3},{"not_picked":["Crippling Poison","Dodge and Roll"],"picked":"Poisoned Stab","floor":5},{"not_picked":["Quick Slash","Wraith Form v2"],"picked":"Footwork","floor":7},{"not_picked":["Acrobatics","PiercingWail","Dash"],"picked":"SKIP","floor":10},{"not_picked":["Expertise","Terror","Eviscerate"],"picked":"SKIP","floor":11},{"not_picked":["Flechettes","Prepared"],"picked":"Cloak And Dagger","floor":13},{"not_picked":["Deflect","Bane","Flying Knee"],"picked":"SKIP","floor":14},{"not_picked":["Bullet Time","Venomology"],"picked":"Burst","floor":16},{"not_picked":["Blade Dance+1","Flying Knee","Endless Agony+1"],"picked":"SKIP","floor":18},{"not_picked":["Well Laid Plans+1","Catalyst"],"picked":"Noxious Fumes+1","floor":20},{"not_picked":["Dash","Prepared"],"picked":"Escape Plan+1","floor":24},{"not_picked":["Blade Dance","Deflect"],"picked":"Night Terror","floor":27},{"not_picked":["Accuracy+1","Dagger Spray+1"],"picked":"Distraction+1","floor":29},{"not_picked":["Prepared+1","Deflect","Acrobatics"],"picked":"SKIP","floor":30},{"not_picked":["Slice","Tactician","Outmaneuver"],"picked":"SKIP","floor":31},{"not_picked":["Envenom+1","Storm of Steel"],"picked":"Adrenaline","floor":33},{"not_picked":["Cloak And Dagger","Flying Knee","Dagger Throw+1"],"picked":"SKIP","floor":35},{"not_picked":["Finesse","Dark Shackles"],"picked":"Purity","floor":37},{"not_picked":["Bandage Up","Mind Blast"],"picked":"Purity","floor":37},{"not_picked":["Flying Knee","Predator","Flechettes+1"],"picked":"SKIP","floor":38},{"not_picked":["Sucker Punch+1","Masterful Stab+1"],"picked":"Blur","floor":41},{"not_picked":["Deflect+1","Quick Slash+1"],"picked":"Catalyst","floor":44},{"not_picked":["After Image+1","Calculated Gamble"],"picked":"Blur+1","floor":45},{"not_picked":["Bane+1","Eviscerate","Slice"],"picked":"SKIP","floor":48}],"player_experience":387333,"relics_obtained":[{"floor":2,"key":"Happy Flower"},{"floor":7,"key":"Frozen Egg 2"},{"floor":14,"key":"Blood Vial"},{"floor":24,"key":"Bag of Preparation"},{"floor":26,"key":"Calipers"},{"floor":30,"key":"Ancient Tea Set"},{"floor":41,"key":"The Courier"},{"floor":43,"key":"Ninja Scroll"},{"floor":48,"key":"Mango"}],"event_choices":[{"cards_removed":["Strike_G"],"damage_healed":0,"gold_gain":0,"player_choice":"Card Removal","damage_taken":0,"max_hp_gain":0,"max_hp_loss":0,"event_name":"The Cleric","floor":4,"gold_loss":50},{"cards_removed":["Strike_G"],"damage_healed":0,"gold_gain":0,"player_choice":"Forget","damage_taken":0,"max_hp_gain":0,"max_hp_loss":0,"event_name":"Living Wall","floor":12,"gold_loss":0},{"damage_healed":0,"gold_gain":0,"player_choice":"Opened","damage_taken":0,"relics_obtained":["Potion Belt"],"max_hp_gain":0,"max_hp_loss":0,"event_name":"The Mausoleum","floor":19,"gold_loss":0},{"damage_healed":0,"gold_gain":0,"player_choice":"Read","damage_taken":0,"max_hp_gain":0,"max_hp_loss":0,"event_name":"The Library","floor":22,"gold_loss":0,"cards_obtained":["Catalyst"]},{"damage_healed":0,"gold_gain":0,"player_choice":"Memory 3","damage_taken":10,"max_hp_gain":0,"max_hp_loss":0,"event_name":"SensoryStone","floor":37,"gold_loss":0},{"damage_healed":0,"gold_gain":0,"player_choice":"Ignored","damage_taken":0,"max_hp_gain":0,"max_hp_loss":0,"event_name":"Tomb of Lord Red Mask","floor":39,"gold_loss":0}],"is_beta":false,"boss_relics":[{"not_picked":["Calling Bell","Runic Dome"],"picked":"Pandora\u0027s Box"},{"not_picked":["Sozu","Philosopher\u0027s Stone"],"picked":"Cursed Key"}],"items_purged_floors":[],"is_endless":false,"potions_floor_spawned":[3,10,11,13,14,18,20,27,30,33,38,41,44],"killed_by":"Awakened One","ascension_level":0}