{"gold_per_floor":[10,30,45,64,64,64,93,93,93,93,93,110,140,159,159,230,230,245,245,9,29,43,101,101,136,136,166,166,166,197,60,60,131,131,144,194,50,50,63,63,97,97,176,176,196,209,238,188,188,188,188],"floor_reached":51,"playtime":1941,"items_purged":["Strike_R","Strike_R"],"score":1557,"play_id":"cbd0d721-78ae-410e-836b-b6c09a95a0fb","local_time":"20190602011106","is_ascension_mode":true,"campfire_choices":[{"data":"Bash","floor":6.0,"key":"SMITH"},{"data":"Spot Weakness","floor":8.0,"key":"SMITH"},{"data":"Iron Wave","floor":10.0,"key":"SMITH"},{"data":"Warcry","floor":15.0,"key":"SMITH"},{"data":"Havoc","floor":24.0,"key":"SMITH"},{"floor":29.0,"key":"REST"},{"floor":32.0,"key":"DIG"},{"floor":40.0,"key":"DIG"},{"floor":42.0,"key":"DIG"},{"floor":44.0,"key":"REST"},{"floor":49.0,"key":"DIG"}],"neow_cost":"NO_GOLD","seed_source_timestamp":189735310705065,"circlet_count":0,"master_deck":["AscendersBane","Defend_R","Defend_R","Defend_R","Defend_R","Bash+1","Carnage","Iron Wave+1","Shrug It Off","Headbutt","Spot Weakness+1","Spot Weakness+1","Warcry+1","Power Through","Offering","True Grit+1","Feed","Havoc+1","Whirlwind+1","Feed","Battle Trance","Impervious+1","True Grit","Pommel Strike+1","Shockwave","Offering","Warcry+1","Limit Break","Heavy Blade+1","Shrug It Off+1","Heavy Blade","Limit Break+1"],"special_seed":0,"relics":["Burning Blood","Question Card","The Courier","Sozu","Nloth\u0027s Gift","Tiny Chest","Dream Catcher","Shovel","Pen Nib","MutagenicStrength","Oddly Smooth Stone","War Paint","Mummified Hand","Mark of Pain","Juzu Bracelet","Toxic Egg 2","PreservedInsect","Bottled Lightning","Bird Faced Urn","Magic Flower"],"potions_floor_usage":[],"damage_taken":[{"damage":14.0,"enemies":"Jaw Worm","floor":1.0,"turns":9.0},{"damage":4.0,"enemies":"2 Louse","floor":2.0,"turns":3.0},{"damage":1.0,"enemies":"Cultist","floor":3.0,"turns":3.0},{"damage":2.0,"enemies":"2 Fungi Beasts","floor":4.0,"turns":4.0},{"damage":28.0,"enemies":"Gremlin Nob","floor":7.0,"turns":4.0},{"damage":0.0,"enemies":"3 Louse","floor":12.0,"turns":5.0},{"damage":21.0,"enemies":"3 Sentries","floor":13.0,"turns":8.0},{"damage":1.0,"enemies":"Exordium Thugs","floor":14.0,"turns":4.0},{"damage":46.0,"enemies":"Hexaghost","floor":16.0,"turns":8.0},{"damage":9.0,"enemies":"Shell Parasite","floor":18.0,"turns":4.0},{"damage":6.0,"enemies":"Chosen","floor":21.0,"turns":3.0},{"damage":14.0,"enemies":"Snecko","floor":22.0,"turns":6.0},{"damage":33.0,"enemies":"Gremlin Leader","floor":23.0,"turns":4.0},{"damage":12.0,"enemies":"Book of Stabbing","floor":25.0,"turns":4.0},{"damage":22.0,"enemies":"Slavers","floor":27.0,"turns":3.0},{"damage":16.0,"enemies":"Book of Stabbing","floor":30.0,"turns":4.0},{"damage":18.0,"enemies":"Champ","floor":33.0,"turns":10.0},{"damage":12.0,"enemies":"3 Darklings","floor":35.0,"turns":3.0},{"damage":7.0,"enemies":"3 Shapes","floor":39.0,"turns":8.0},{"damage":17.0,"enemies":"Nemesis","floor":41.0,"turns":5.0},{"damage":15.0,"enemies":"Maw","floor":45.0,"turns":5.0},{"damage":1.0,"enemies":"3 Darklings","floor":46.0,"turns":4.0},{"damage":7.0,"enemies":"Giant Head","floor":47.0,"turns":5.0},{"damage":71.0,"enemies":"Time Eater","floor":50.0,"turns":8.0},{"damage":26,"enemies":"Awakened One","floor":51,"turns":5}],"seed_played":"8406056180938918959","potions_obtained":[{"floor":1.0,"key":"Fire Potion"},{"floor":12.0,"key":"Energy Potion"},{"floor":13.0,"key":"Regen Potion"}],"is_trial":false,"path_per_floor":["M","M","M","M","?","R","E","R","T","R","?","M","E","M","R","B",null,"M","?","$","M","M","E","R","E","T","E","?","R","E","$","R","B",null,"M","?","$","?","M","R","E","R","T","R","M","M","E","?","R","B","B"],"character_chosen":"IRONCLAD","items_purchased":["Feed","Havoc","War Paint","Limit Break"],"campfire_rested":2,"item_purchase_floors":[20,20,31,37],"current_hp_per_floor":[60,62,67,71,71,71,49,49,49,49,49,55,52,57,57,44,67,64,64,64,67,59,35,35,29,29,16,16,41,34,34,34,22,71,65,65,65,65,70,70,59,59,59,86,77,82,84,84,84,22,1],"gold":188,"neow_bonus":"REMOVE_TWO","is_prod":false,"is_daily":false,"chose_seed":false,"campfire_upgraded":5,"win_rate":0,"timestamp":1559412666,"path_taken":["M","M","M","M","?","R","E","R","T","R","?","M","E","M","R","BOSS","M","?","?","M","M","E","R","E","T","E","?","R","E","$","R","BOSS","M","?","?","?","M","R","E","R","T","R","M","M","E","?","R","BOSS","BOSS"],"build_version":"2019-01-23","purchased_purges":2,"victory":false,"max_hp_per_floor":[75,75,75,75,75,75,75,75,75,75,75,75,75,75,75,75,75,75,75,75,78,78,81,81,81,81,84,84,84,87,87,87,87,87,87,87,87,87,93,93,93,93,93,93,93,93,96,96,96,96,99],"card_choices":[{"not_picked":["Body Slam","Cleave"],"picked":"Carnage","floor":1.0},{"not_picked":["Second Wind","Clash"],"picked":"Iron Wave","floor":2.0},{"not_picked":["Flex","Sword Boomerang"],"picked":"Shrug It Off","floor":3.0},{"not_picked":["Rage","Flex"],"picked":"Headbutt","floor":4.0},{"not_picked":["Clothesline","Rage"],"picked":"Spot Weakness","floor":7.0},{"not_picked":["Sword Boomerang","Havoc","Pommel Strike"],"picked":"Spot Weakness","floor":12.0},{"not_picked":["Searing Blow","Juggernaut","Second Wind"],"picked":"Warcry","floor":13.0},{"not_picked":["Heavy Blade","True Grit","Pommel Strike"],"picked":"Power Through","floor":14.0},{"not_picked":["Impervious","Barricade","Juggernaut"],"picked":"Offering","floor":16.0},{"not_picked":["Anger","Headbutt","Second Wind"],"picked":"True Grit","floor":18.0},{"not_picked":["Cleave","Thunderclap","Anger"],"picked":"Whirlwind","floor":21.0},{"not_picked":["Body Slam","Sentinel","Warcry"],"picked":"Feed","floor":22.0},{"not_picked":["Carnage","Brutality","Uppercut+1"],"picked":"Battle Trance","floor":23.0},{"not_picked":["Entrench+1","Thunderclap","Sword Boomerang"],"picked":"Impervious","floor":25.0},{"not_picked":["Berserk","Dual Wield","Perfected Strike"],"picked":"True Grit","floor":27.0},{"not_picked":["Evolve","Cleave","Sever Soul"],"picked":"Pommel Strike+1","floor":29.0},{"not_picked":["Sword Boomerang","Spot Weakness","Clash+1"],"picked":"Shockwave","floor":30.0},{"not_picked":["Exhume","Dark Embrace","Double Tap"],"picked":"Offering","floor":33.0},{"not_picked":["Armaments","True Grit","Heavy Blade"],"picked":"Warcry+1","floor":35.0},{"not_picked":["Burning Pact+1","Dual Wield","Havoc"],"picked":"Heavy Blade+1","floor":39.0},{"not_picked":["Sword Boomerang","Perfected Strike","Sever Soul","Infernal Blade"],"picked":"SKIP","floor":41.0},{"not_picked":["Sword Boomerang","Headbutt","Fiend Fire"],"picked":"Shrug It Off+1","floor":44.0},{"not_picked":["Cleave+1","Dropkick","Anger"],"picked":"Heavy Blade","floor":45.0},{"not_picked":["Flex+1","Iron Wave+1","Pommel Strike","Body Slam"],"picked":"SKIP","floor":46.0},{"not_picked":["Anger+1","Iron Wave","Havoc+1"],"picked":"Limit Break+1","floor":47.0}],"player_experience":522848,"relics_obtained":[{"floor":7.0,"key":"Meat on the Bone"},{"floor":9.0,"key":"Question Card"},{"floor":13.0,"key":"The Courier"},{"floor":23.0,"key":"Tiny Chest"},{"floor":25.0,"key":"Dream Catcher"},{"floor":26.0,"key":"Shovel"},{"floor":27.0,"key":"Pen Nib"},{"floor":30.0,"key":"Oddly Smooth Stone"},{"floor":32.0,"key":"Mummified Hand"},{"floor":40.0,"key":"Juzu Bracelet"},{"floor":41.0,"key":"Toxic Egg 2"},{"floor":42.0,"key":"PreservedInsect"},{"floor":43.0,"key":"Bottled Lightning"},{"floor":47.0,"key":"Bird Faced Urn"},{"floor":49.0,"key":"Magic Flower"}],"event_choices":[{"damage_healed":0.0,"max_hp_gain":0.0,"max_hp_loss":0.0,"gold_gain":0.0,"event_name":"Liars Game","player_choice":"Ignored","floor":5.0,"gold_loss":0.0,"damage_taken":0.0},{"cards_removed":["Strike_R"],"damage_healed":0.0,"max_hp_gain":0.0,"max_hp_loss":0.0,"gold_gain":0.0,"event_name":"Living Wall","player_choice":"Forget","floor":11.0,"gold_loss":0.0,"damage_taken":0.0},{"damage_healed":0.0,"max_hp_gain":0.0,"max_hp_loss":0.0,"gold_gain":0.0,"event_name":"N\u0027loth","player_choice":"Traded Relic","floor":19.0,"relics_lost":["Meat on the Bone"],"gold_loss":0.0,"damage_taken":0.0,"relics_obtained":["Nloth\u0027s Gift"]},{"damage_healed":0.0,"max_hp_gain":0.0,"max_hp_loss":0.0,"gold_gain":0.0,"event_name":"Drug Dealer","player_choice":"Inject Mutagens","floor":28.0,"gold_loss":0.0,"damage_taken":0.0,"relics_obtained":["MutagenicStrength"]},{"damage_healed":0.0,"max_hp_gain":0.0,"max_hp_loss":0.0,"gold_gain":50.0,"event_name":"Golden Shrine","player_choice":"Pray","floor":36.0,"gold_loss":0.0,"damage_taken":0.0},{"damage_healed":0.0,"max_hp_gain":0.0,"max_hp_loss":0.0,"gold_gain":0.0,"event_name":"SensoryStone","player_choice":"Memory 1","floor":38.0,"gold_loss":0.0,"damage_taken":0.0},{"damage_healed":0.0,"max_hp_gain":0.0,"max_hp_loss":0.0,"gold_gain":0.0,"event_name":"Designer","player_choice":"Upgraded Two","floor":48.0,"gold_loss":50.0,"damage_taken":0.0,"cards_upgraded":["Spot Weakness","Whirlwind"]}],"is_beta":false,"boss_relics":[{"not_picked":["White Beast Statue","Cursed Key"],"picked":"Sozu"},{"not_picked":["Coffee Dripper","Philosopher\u0027s Stone"],"picked":"Mark of Pain"}],"items_purged_floors":[20,37],"is_endless":false,"potions_floor_spawned":[1,12,13,23,30,33,45,46,47],"killed_by":"Awakened One","ascension_level":20}