{"gold_per_floor":[117,77,87,99,27,27,56,56,79,89,116,116,127,127,127,225,225,241,241,19,19,118,118,137,172,172,172,205,205,205,13,13,112,112,126,145,145,145,145,178,178,78,102,102,20,32,59,77,77,77],"floor_reached":51,"playtime":3228,"items_purged":["Strike_R","Writhe"],"score":809,"play_id":"776a7bff-7825-48e1-a47e-c53dcef9e7a6","local_time":"20190124032341","is_ascension_mode":true,"campfire_choices":[{"data":"Inflame","floor":6,"key":"SMITH"},{"data":"Inflame","floor":8,"key":"SMITH"},{"data":"Pommel Strike","floor":12,"key":"SMITH"},{"data":"Bash","floor":15,"key":"SMITH"},{"data":"Evolve","floor":23,"key":"SMITH"},{"floor":30,"key":"REST"},{"data":"Heavy Blade","floor":32,"key":"SMITH"},{"data":"Battle Trance","floor":41,"key":"SMITH"},{"data":"Sword Boomerang","floor":44,"key":"SMITH"},{"floor":49,"key":"REST"}],"neow_cost":"NONE","seed_source_timestamp":1171391720403269,"circlet_count":0,"master_deck":["Strike_R+1","Strike_R+1","Strike_R","Defend_R","Defend_R","Defend_R","Defend_R","Bash+1","Impervious","Headbutt","Anger","Inflame+1","Inflame+1","Pommel Strike+1","Headbutt","Rage","Limit Break+1","Thunderclap+1","Shrug It Off","Flex","Evolve+1","Heavy Blade+1","Warcry+1","Heavy Blade+1","Sword Boomerang+1","Battle Trance+1","Anger+1","Inflame","Ghostly Armor+1"],"relics":["Burning Blood","Potion Belt","Juzu Bracelet","Vajra","Sozu","Darkstone Periapt","Letter Opener","PreservedInsect","Boot","Red Skull","Black Star","Lantern","Singing Bowl","Question Card","Thread and Needle","Bag of Preparation","Gremlin Horn","The Courier"],"potions_floor_usage":[13,50,50],"damage_taken":[{"damage":0,"enemies":"2 Louse","floor":1,"turns":5},{"damage":7,"enemies":"Cultist","floor":3,"turns":5},{"damage":0,"enemies":"Jaw Worm","floor":4,"turns":3},{"damage":14,"enemies":"Gremlin Nob","floor":7,"turns":3},{"damage":0,"enemies":"Exordium Wildlife","floor":10,"turns":2},{"damage":18,"enemies":"3 Sentries","floor":11,"turns":5},{"damage":0,"enemies":"Red Slaver","floor":13,"turns":4},{"damage":15,"enemies":"The Guardian","floor":16,"turns":7},{"damage":0,"enemies":"Spheric Guardian","floor":18,"turns":2},{"damage":10,"enemies":"Shell Parasite","floor":24,"turns":4},{"damage":14,"enemies":"Gremlin Leader","floor":25,"turns":4},{"damage":38,"enemies":"Slavers","floor":28,"turns":6},{"damage":40,"enemies":"Champ","floor":33,"turns":6},{"damage":15,"enemies":"Orb Walker","floor":35,"turns":2},{"damage":0,"enemies":"3 Shapes","floor":36,"turns":3},{"damage":21,"enemies":"Nemesis","floor":40,"turns":5},{"damage":11,"enemies":"Sphere and 2 Shapes","floor":46,"turns":5},{"damage":0,"enemies":"Reptomancer","floor":47,"turns":4},{"damage":19,"enemies":"Writhing Mass","floor":48,"turns":4},{"damage":41,"enemies":"Donu and Deca","floor":50,"turns":6}],"seed_played":"-1919490465474382049","potions_obtained":[{"floor":2,"key":"BloodPotion"},{"floor":2,"key":"Block Potion"},{"floor":2,"key":"SpeedPotion"},{"floor":10,"key":"FearPotion"},{"floor":11,"key":"Poison Potion"}],"is_trial":false,"path_per_floor":["M","?","M","M","$","R","E","R","T","M","E","R","M","?","R","B",null,"M","?","$","?","?","R","M","E","T","?","E","?","R","$","R","B",null,"M","M","?","?","T","E","R","$","T","R","$","M","E","M","R","B",null],"character_chosen":"IRONCLAD","items_purchased":["Inflame","Shrug It Off","Flex","Evolve","Red Skull","Sword Boomerang","Inflame"],"campfire_rested":2,"item_purchase_floors":[5,20,20,20,31,31,45],"current_hp_per_floor":[80,80,79,80,80,80,72,72,72,78,66,66,72,56,56,47,80,80,80,80,80,80,80,76,68,68,68,36,42,67,67,67,33,86,77,83,83,83,83,70,70,70,70,70,70,67,75,62,89,63],"gold":77,"neow_bonus":"ONE_RANDOM_RARE_CARD","is_prod":false,"is_daily":false,"chose_seed":false,"campfire_upgraded":8,"win_rate":0,"timestamp":1548318221,"path_taken":["M","?","M","?","?","R","E","R","T","M","E","R","M","?","R","BOSS","M","?","$","?","?","R","M","E","T","?","E","?","R","?","R","BOSS","M","M","?","?","?","E","R","$","T","R","?","M","E","M","R","BOSS"],"build_version":"2019-01-23","purchased_purges":2,"victory":true,"max_hp_per_floor":[80,80,80,80,80,80,80,80,80,80,80,80,80,80,80,80,80,80,80,80,80,80,80,80,80,80,80,80,86,86,86,86,86,86,86,86,86,86,86,88,88,88,88,88,88,90,92,92,92,92],"card_choices":[{"not_picked":["Wild Strike","Havoc"],"picked":"Headbutt","floor":1},{"not_picked":["Rupture","Heavy Blade"],"picked":"Anger","floor":3},{"not_picked":["Cleave","Double Tap"],"picked":"Inflame","floor":4},{"not_picked":["Burning Pact","Clash"],"picked":"Pommel Strike","floor":7},{"not_picked":["Dropkick","Thunderclap"],"picked":"Headbutt","floor":10},{"not_picked":["Thunderclap","Ghostly Armor"],"picked":"Rage","floor":11},{"not_picked":["Berserk","Headbutt","Power Through"],"picked":"SKIP","floor":13},{"not_picked":["Brutality","Offering"],"picked":"Limit Break","floor":16},{"not_picked":["Flex","Headbutt+1"],"picked":"Thunderclap+1","floor":18},{"not_picked":["Perfected Strike+1","Anger"],"picked":"Heavy Blade+1","floor":24},{"not_picked":["Blood for Blood","Feel No Pain"],"picked":"Warcry+1","floor":25},{"not_picked":["Armaments","Thunderclap"],"picked":"Heavy Blade","floor":28},{"not_picked":["Heavy Blade","Headbutt"],"picked":"Battle Trance","floor":35},{"not_picked":["Havoc","Headbutt"],"picked":"Anger+1","floor":36},{"not_picked":["Sword Boomerang","Headbutt","Seeing Red"],"picked":"Singing Bowl","floor":40},{"not_picked":["Combust+1","Reaper","Thunderclap","True Grit+1"],"picked":"Singing Bowl","floor":46},{"not_picked":["Combust+1","Immolate","Sentinel","Corruption"],"picked":"Singing Bowl","floor":47},{"not_picked":["Perfected Strike+1","Iron Wave+1","Warcry"],"picked":"Ghostly Armor+1","floor":48}],"player_experience":105124,"relics_obtained":[{"floor":7,"key":"Potion Belt"},{"floor":9,"key":"Juzu Bracelet"},{"floor":11,"key":"Vajra"},{"floor":25,"key":"Darkstone Periapt"},{"floor":26,"key":"Letter Opener"},{"floor":28,"key":"PreservedInsect"},{"floor":39,"key":"Singing Bowl"},{"floor":40,"key":"Question Card"},{"floor":40,"key":"Thread and Needle"},{"floor":43,"key":"Bag of Preparation"},{"floor":47,"key":"Gremlin Horn"},{"floor":47,"key":"The Courier"}],"event_choices":[{"damage_healed":0,"gold_gain":0,"player_choice":"Bought 3 Potions","damage_taken":0,"max_hp_gain":0,"max_hp_loss":0,"event_name":"The Woman in Blue","floor":2,"gold_loss":0},{"damage_healed":0,"gold_gain":0,"player_choice":"Entered Light","damage_taken":16,"max_hp_gain":0,"max_hp_loss":0,"event_name":"Shining Light","floor":14,"gold_loss":0,"cards_upgraded":["Strike_R","Strike_R"]},{"damage_healed":0,"gold_gain":0,"player_choice":"Ignored","damage_taken":0,"max_hp_gain":0,"max_hp_loss":0,"event_name":"Ghosts","floor":19,"gold_loss":0},{"damage_healed":0,"gold_gain":0,"player_choice":"Upgraded","damage_taken":0,"max_hp_gain":0,"max_hp_loss":0,"event_name":"Upgrade Shrine","floor":21,"gold_loss":0,"cards_upgraded":["Limit Break"]},{"damage_healed":0,"gold_gain":99,"player_choice":"Stole From Cult","damage_taken":0,"max_hp_gain":0,"max_hp_loss":0,"event_name":"Nest","floor":22,"gold_loss":0},{"cards_removed":["Strike_R"],"damage_healed":0,"gold_gain":0,"player_choice":"Elegance","damage_taken":0,"max_hp_gain":0,"max_hp_loss":0,"event_name":"Back to Basics","floor":27,"gold_loss":0},{"damage_healed":0,"gold_gain":0,"player_choice":"Opened","damage_taken":0,"relics_obtained":["Boot"],"max_hp_gain":0,"max_hp_loss":0,"event_name":"The Mausoleum","floor":29,"gold_loss":0,"cards_obtained":["Writhe"]},{"damage_healed":0,"gold_gain":0,"player_choice":"Got Potions","damage_taken":0,"max_hp_gain":0,"max_hp_loss":0,"event_name":"Lab","floor":37,"gold_loss":0},{"damage_healed":0,"gold_gain":0,"player_choice":"Gave Potion","damage_taken":0,"relics_obtained":["Lantern"],"max_hp_gain":0,"max_hp_loss":0,"event_name":"WeMeetAgain","floor":38,"gold_loss":0}],"is_beta":false,"boss_relics":[{"not_picked":["Runic Cube","Runic Dome"],"picked":"Sozu"},{"not_picked":["Orrery","Black Blood"],"picked":"Black Star"}],"items_purged_floors":[20,42],"is_endless":false,"potions_floor_spawned":[3,4,10,11,18,24,28,35,48],"ascension_level":1}