{"gold_per_floor":[112,112,126,142,142,142,42,60,83,83,116,16,16,29,29,154,154,154],"floor_reached":18,"playtime":636,"items_purged":["Decay","Injury"],"score":160,"play_id":"163aa243-69cb-4590-a934-bc16473ed67d","local_time":"20180727185531","is_ascension_mode":false,"campfire_choices":[{"data":"Clothesline","floor":6,"key":"SMITH"},{"data":"Armaments","floor":10,"key":"SMITH"},{"floor":15,"key":"REST"}],"neow_cost":"NONE","seed_source_timestamp":108371701798904,"circlet_count":0,"master_deck":["Bash","Infernal Blade","Clothesline+1","Armaments+1","Infernal Blade","Demon Form","Perfected Strike","Cleave","Cleave","Carnage","Flex","Anger","Wild Strike","Headbutt","Spot Weakness"],"relics":["Burning Blood","Oddly Smooth Stone","Golden Idol","Art of War","Juzu Bracelet","Pandora\u0027s Box"],"potions_floor_usage":[16],"damage_taken":[{"damage":3,"enemies":"Cultist","floor":1,"turns":4},{"damage":8,"enemies":"Small Slimes","floor":3,"turns":4},{"damage":3,"enemies":"2 Louse","floor":4,"turns":3},{"damage":15,"enemies":"Lots of Slimes","floor":8,"turns":6},{"damage":26,"enemies":"3 Sentries","floor":11,"turns":8},{"damage":13,"enemies":"Gremlin Gang","floor":14,"turns":6},{"damage":60,"enemies":"Slime Boss","floor":16,"turns":15},{"damage":0,"enemies":"3 Byrds","floor":18,"turns":1}],"seed_played":"3166707843743312169","potions_obtained":[{"floor":1,"key":"Weak Potion"},{"floor":8,"key":"Weak Potion"},{"floor":14,"key":"PowerPotion"},{"floor":16,"key":"Dexterity Potion"}],"is_trial":false,"path_per_floor":["M","?","M","M","?","R","$","M","T","R","E","$","?","M","R","B",null],"character_chosen":"IRONCLAD","items_purchased":["Armaments"],"campfire_rested":1,"item_purchase_floors":[7],"current_hp_per_floor":[80,80,78,80,80,80,80,71,71,71,51,51,51,44,68,18,80,80],"gold":154,"neow_bonus":"RANDOM_COMMON_RELIC","is_prod":false,"is_daily":false,"chose_seed":false,"campfire_upgraded":2,"win_rate":0,"timestamp":1532710531,"path_taken":["M","?","?","?","?","R","$","M","T","R","E","?","?","M","R","BOSS","M"],"build_version":"2018-07-26","purchased_purges":2,"victory":false,"max_hp_per_floor":[80,80,80,80,80,80,80,80,80,80,80,80,80,80,80,80,80,80],"card_choices":[{"not_picked":["Corruption","Feel No Pain","Warcry"],"picked":"SKIP","floor":1},{"not_picked":["Clothesline","Perfected Strike"],"picked":"Infernal Blade","floor":3},{"not_picked":["Dropkick","Anger"],"picked":"Clothesline","floor":4},{"not_picked":["Heavy Blade","Seeing Red","True Grit"],"picked":"SKIP","floor":8},{"not_picked":["Sentinel","Clothesline","Rupture"],"picked":"SKIP","floor":11},{"not_picked":["Bloodletting","Cleave"],"picked":"Infernal Blade","floor":14},{"not_picked":["Limit Break","Feed"],"picked":"Demon Form","floor":16}],"player_experience":92214,"relics_obtained":[{"floor":9,"key":"Art of War"},{"floor":11,"key":"Juzu Bracelet"}],"event_choices":[{"event_name":"Golden Idol","player_choice":"Take Wound","floor":2,"damage_taken":0},{"event_name":"Wheel of Change","player_choice":"Curse","floor":5,"damage_taken":0},{"event_name":"The Cleric","player_choice":"Leave","floor":13,"damage_taken":0}],"is_beta":false,"boss_relics":[{"not_picked":["Ectoplasm","Eternal Feather"],"picked":"Pandora\u0027s Box"}],"items_purged_floors":[7,12],"is_endless":false,"potions_floor_spawned":[1,8,14,16],"killed_by":"3 Byrds","ascension_level":0}