{"gold_per_floor":[113,35,55,74,92,126,145,156,156,171,171,171,181,195,195,299,299,314,314,2,2,14,14,42,42,42,42,53,53,66,82,82,82],"floor_reached":33,"playtime":4117,"items_purged":[],"score":298,"play_id":"9497c089-5f45-462c-9a07-28c6d1fe0c4c","local_time":"20190109040824","is_ascension_mode":false,"campfire_choices":[{"floor":15.0,"key":"REST"},{"floor":23,"key":"REST"},{"floor":25,"key":"REST"},{"data":"Envenom","floor":27,"key":"SMITH"},{"floor":32,"key":"REST"}],"neow_cost":"NONE","seed_source_timestamp":0,"circlet_count":0,"master_deck":["Defend_G","Defend_G","Defend_G","Defend_G","Defend_G","Strike_G","Strike_G","Strike_G","Strike_G","Strike_G","Survivor+1","Neutralize","Deadly Poison","Deadly Poison","Deflect","Leg Sweep","Footwork","Escape Plan+1","Catalyst","Die Die Die","Bane","Poisoned Stab","Slice","Dagger Spray","Envenom+1","Normality","Shame","Poisoned Stab+1","Bouncing Flask","Footwork","Bane","Acrobatics+1","Crippling Poison","Tactician","Caltrops+1"],"special_seed":0,"relics":["Ring of the Snake","NeowsBlessing","Nunchaku","War Paint","Peace Pipe","Regal Pillow","Calling Bell","Boot","Paper Crane","StoneCalendar","MutagenicStrength","TwistedFunnel","Kunai","Matryoshka"],"potions_floor_usage":[31,33],"damage_taken":[{"damage":0.0,"enemies":"Cultist","floor":1.0,"turns":1.0},{"damage":0.0,"enemies":"2 Louse","floor":3.0,"turns":1.0},{"damage":0.0,"enemies":"Small Slimes","floor":4.0,"turns":1.0},{"damage":8.0,"enemies":"Gremlin Gang","floor":5.0,"turns":8.0},{"damage":15.0,"enemies":"Gremlin Nob","floor":6.0,"turns":5.0},{"damage":5.0,"enemies":"Blue Slaver","floor":7.0,"turns":4.0},{"damage":1.0,"enemies":"Looter","floor":8.0,"turns":3.0},{"damage":0.0,"enemies":"Exordium Wildlife","floor":10.0,"turns":4.0},{"damage":13.0,"enemies":"Exordium Thugs","floor":13.0,"turns":5.0},{"damage":0.0,"enemies":"Blue Slaver","floor":14.0,"turns":4.0},{"damage":16.0,"enemies":"Hexaghost","floor":16.0,"turns":8.0},{"damage":27.0,"enemies":"3 Byrds","floor":18.0,"turns":5.0},{"damage":0,"enemies":"Chosen","floor":22,"turns":4},{"damage":48,"enemies":"Slavers","floor":24,"turns":5},{"damage":13,"enemies":"Snake Plant","floor":28,"turns":4},{"damage":16,"enemies":"Shelled Parasite and Fungi","floor":30,"turns":5},{"damage":19,"enemies":"Sentry and Sphere","floor":31,"turns":7},{"damage":58,"enemies":"Collector","floor":33,"turns":5}],"seed_played":"7746783984024442851","potions_obtained":[{"floor":5.0,"key":"SteroidPotion"},{"floor":6.0,"key":"SteroidPotion"},{"floor":7.0,"key":"FearPotion"},{"floor":13.0,"key":"Ancient Potion"},{"floor":22,"key":"Ancient Potion"},{"floor":24,"key":"GhostInAJar"},{"floor":31,"key":"Energy Potion"}],"is_trial":false,"path_per_floor":["M","$","M","M","M","E","M","M","T","M","?","?","M","M","R","B",null,"M","?","$","?","M","R","E","R","T","R","M","?","M","M","R","B"],"character_chosen":"THE_SILENT","items_purchased":["Deadly Poison","Deflect","TwistedFunnel","Bouncing Flask","Footwork"],"campfire_rested":4,"item_purchase_floors":[2,2,20,20,20],"current_hp_per_floor":[70,70,70,70,62,47,42,41,41,41,38,38,25,25,61,45,70,43,43,43,43,43,70,22,58,58,58,45,45,29,10,46,0],"gold":82,"neow_bonus":"THREE_ENEMY_KILL","is_prod":false,"is_daily":false,"chose_seed":false,"campfire_upgraded":1,"win_rate":0.0,"timestamp":1547024904,"path_taken":["M","$","M","?","M","E","M","?","T","M","?","?","?","M","R","BOSS","M","?","$","?","M","R","E","R","T","R","M","?","M","M","R","BOSS"],"build_version":"2019-01-03v4","purchased_purges":0,"victory":false,"max_hp_per_floor":[70,70,70,70,70,70,70,70,70,70,70,70,70,70,70,70,70,70,70,70,70,70,70,70,70,70,70,70,70,70,70,70,70],"card_choices":[{"not_picked":["Skewer","Sucker Punch"],"picked":"Deadly Poison","floor":1.0},{"not_picked":["Underhanded Strike","Dodge and Roll"],"picked":"Leg Sweep","floor":3.0},{"not_picked":["Deflect","Poisoned Stab"],"picked":"Footwork","floor":4.0},{"not_picked":["Backflip","Dagger Throw"],"picked":"Escape Plan","floor":5.0},{"not_picked":["Caltrops","Eviscerate"],"picked":"Catalyst","floor":6.0},{"not_picked":["Deadly Poison","Sucker Punch"],"picked":"Die Die Die","floor":7.0},{"not_picked":["Eviscerate","Reflex"],"picked":"Bane","floor":8.0},{"not_picked":["Outmaneuver","Tactician"],"picked":"Poisoned Stab","floor":10.0},{"not_picked":["Leg Sweep","Masterful Stab"],"picked":"Slice","floor":13.0},{"not_picked":["Terror","Calculated Gamble"],"picked":"Dagger Spray","floor":14.0},{"not_picked":["Night Terror","Venomology"],"picked":"Envenom","floor":16.0},{"not_picked":["Blade Dance","PiercingWail+1"],"picked":"Poisoned Stab+1","floor":18.0},{"not_picked":["Acrobatics","PiercingWail"],"picked":"Bane","floor":22},{"not_picked":["Outmaneuver","Slice"],"picked":"Acrobatics+1","floor":24},{"not_picked":["Quick Slash","Poisoned Stab"],"picked":"Crippling Poison","floor":28},{"not_picked":["Blade Dance","Finisher+1"],"picked":"Tactician","floor":30},{"not_picked":["Deadly Poison","Bane"],"picked":"Caltrops+1","floor":31}],"player_experience":28163,"relics_obtained":[{"floor":6.0,"key":"Nunchaku"},{"floor":9.0,"key":"War Paint"},{"floor":17.0,"key":"Boot"},{"floor":17.0,"key":"Paper Crane"},{"floor":17.0,"key":"StoneCalendar"},{"floor":24,"key":"Kunai"},{"floor":26,"key":"Matryoshka"}],"event_choices":[{"damage_healed":0.0,"max_hp_gain":0.0,"max_hp_loss":0.0,"gold_gain":0.0,"event_name":"Scrap Ooze","player_choice":"Success","floor":11.0,"gold_loss":0.0,"damage_taken":3.0,"relics_obtained":["Peace Pipe"]},{"damage_healed":0.0,"max_hp_gain":0.0,"max_hp_loss":0.0,"gold_gain":0.0,"event_name":"WeMeetAgain","player_choice":"Gave Potion","floor":12.0,"gold_loss":0.0,"damage_taken":0.0,"relics_obtained":["Regal Pillow"]},{"damage_healed":0.0,"max_hp_gain":0.0,"max_hp_loss":0.0,"gold_gain":0.0,"event_name":"Drug Dealer","player_choice":"Inject Mutagens","floor":19.0,"gold_loss":0.0,"damage_taken":0.0,"relics_obtained":["MutagenicStrength"]},{"cards_removed":["Regret"],"damage_healed":0,"gold_gain":0,"player_choice":"Elegance","damage_taken":0,"max_hp_gain":0,"max_hp_loss":0,"event_name":"Back to Basics","floor":21,"gold_loss":0},{"damage_healed":0,"gold_gain":0,"player_choice":"Ignored","damage_taken":0,"max_hp_gain":0,"max_hp_loss":0,"event_name":"Ghosts","floor":29,"gold_loss":0}],"is_beta":false,"boss_relics":[{"not_picked":["Snecko Eye","Runic Dome"],"picked":"Calling Bell"}],"items_purged_floors":[],"is_endless":false,"potions_floor_spawned":[5,6,7,10,13,22,24,31],"killed_by":"Collector","ascension_level":0}