{"gold_per_floor":[13,88,100,100,115,147,147,147,195,195,120,140,156,56,56,153,153,125,0,0,0],"floor_reached":21,"playtime":663,"items_purged":["Regret","Strike_G","Strike_G"],"score":177,"play_id":"5b3775fe-7a7b-4cf4-a4aa-ad9aa42a0722","local_time":"20181118161436","is_ascension_mode":false,"campfire_choices":[{"data":"Catalyst","floor":10,"key":"SMITH"},{"data":"Envenom","floor":15,"key":"SMITH"}],"neow_cost":"NO_GOLD","seed_source_timestamp":30000625312358,"circlet_count":0,"master_deck":["Defend_G","Defend_G+1","Strike_G+1","Strike_G","Survivor","Neutralize","Catalyst+1","Deadly Poison","Backflip","Envenom+1","Night Terror","Backflip+1"],"relics":["Ring of the Snake","PreservedInsect","Singing Bowl","Lantern","Bag of Marbles","Empty Cage","MutagenicStrength"],"potions_floor_usage":[5,6,16],"damage_taken":[{"damage":0,"enemies":"2 Louse","floor":1,"turns":5},{"damage":0,"enemies":"Small Slimes","floor":3,"turns":4},{"damage":1,"enemies":"Cultist","floor":5,"turns":3},{"damage":10,"enemies":"3 Sentries","floor":6,"turns":9},{"damage":0,"enemies":"Exordium Wildlife","floor":12,"turns":3},{"damage":1,"enemies":"3 Louse","floor":13,"turns":3},{"damage":19,"enemies":"Slime Boss","floor":16,"turns":12},{"damage":45,"enemies":"2 Thieves","floor":18,"turns":5},{"damage":30,"enemies":"3 Byrds","floor":21,"turns":3}],"seed_played":"7715066583409439474","potions_obtained":[{"floor":1,"key":"Ancient Potion"},{"floor":3,"key":"Regen Potion"},{"floor":6,"key":"SpeedPotion"},{"floor":18,"key":"Poison Potion"}],"is_trial":false,"path_per_floor":["M","?","M","?","M","E","?","?","T","R","$","M","M","$","R","B",null,"M","$","?","M"],"character_chosen":"THE_SILENT","items_purchased":[],"campfire_rested":0,"item_purchase_floors":[],"current_hp_per_floor":[70,59,59,52,63,55,55,41,41,41,41,43,42,42,42,23,74,29,29,29,0],"gold":0,"neow_bonus":"REMOVE_TWO","is_prod":false,"is_daily":false,"chose_seed":false,"campfire_upgraded":2,"win_rate":0,"timestamp":1542554076,"path_taken":["M","?","M","?","M","E","?","?","T","R","?","M","?","$","R","BOSS","M","$","?","M"],"build_version":"2018-11-15","purchased_purges":3,"victory":false,"max_hp_per_floor":[70,70,70,70,70,72,72,72,72,72,72,74,74,74,74,74,74,74,74,74,74],"card_choices":[{"not_picked":["Quick Slash","Sucker Punch"],"picked":"Catalyst","floor":1},{"not_picked":["Endless Agony","Dash"],"picked":"Deadly Poison","floor":3},{"not_picked":["Flechettes","Dagger Spray"],"picked":"Backflip","floor":5},{"not_picked":["Quick Slash","Dagger Spray","Sucker Punch"],"picked":"Singing Bowl","floor":6},{"not_picked":["Prepared","Riddle With Holes","Blade Dance"],"picked":"Singing Bowl","floor":12},{"not_picked":["Backflip","Dodge and Roll"],"picked":"Envenom","floor":13},{"not_picked":["Doppelganger","After Image"],"picked":"Night Terror","floor":16},{"not_picked":["Deflect","PiercingWail"],"picked":"Backflip+1","floor":18}],"player_experience":120237,"relics_obtained":[{"floor":6,"key":"Singing Bowl"},{"floor":9,"key":"Bag of Marbles"}],"event_choices":[{"damage_healed":0,"gold_gain":75,"player_choice":"Gather Gold","damage_taken":11,"max_hp_gain":0,"max_hp_loss":0,"event_name":"World of Goop","floor":2,"gold_loss":0},{"damage_healed":0,"gold_gain":0,"player_choice":"Success","damage_taken":7,"relics_obtained":["PreservedInsect"],"max_hp_gain":0,"max_hp_loss":0,"event_name":"Scrap Ooze","floor":4,"gold_loss":0},{"damage_healed":0,"gold_gain":0,"player_choice":"Box","damage_taken":0,"relics_obtained":["Lantern"],"max_hp_gain":0,"max_hp_loss":0,"event_name":"Big Fish","floor":7,"gold_loss":0,"cards_obtained":["Regret"]},{"damage_healed":0,"gold_gain":0,"player_choice":"Entered Light","damage_taken":14,"max_hp_gain":0,"max_hp_loss":0,"event_name":"Shining Light","floor":8,"gold_loss":0,"cards_upgraded":["Strike_G","Defend_G"]},{"damage_healed":0,"gold_gain":0,"player_choice":"Inject Mutagens","damage_taken":0,"relics_obtained":["MutagenicStrength"],"max_hp_gain":0,"max_hp_loss":0,"event_name":"Drug Dealer","floor":20,"gold_loss":0}],"is_beta":false,"boss_relics":[{"not_picked":["Fusion Hammer","Eternal Feather"],"picked":"Empty Cage"}],"items_purged_floors":[11,14,19],"is_endless":false,"potions_floor_spawned":[1,3,6,18],"killed_by":"3 Byrds","ascension_level":0}