{"gold_per_floor":[110,110,126,142,142,170,182,182,182,192,220,3,14,41,41,138,138,149,149,160,177,187,222,222,222,222,321,321,333,363,382,382,483,483,500,515,570,570,13,0,30,49,74,74,74,86,120,134,134,134],"floor_reached":51,"playtime":6450,"items_purged":[],"score":1297,"play_id":"87ffdb7e-f87d-49b3-a6f9-746df63df71d","local_time":"20190328011044","is_ascension_mode":true,"campfire_choices":[{"floor":8,"key":"REST"},{"data":"Defragment","floor":15,"key":"SMITH"},{"data":"Creative AI","floor":24,"key":"SMITH"},{"data":"Capacitor","floor":28,"key":"SMITH"},{"data":"Loop","floor":32,"key":"SMITH"},{"data":"Electrodynamics","floor":45,"key":"SMITH"},{"data":"Tempest","floor":49,"key":"SMITH"}],"neow_cost":"NONE","seed_source_timestamp":431597999031170,"circlet_count":0,"master_deck":["Defend_B+1","Defend_B+1","Defend_B+1","Defend_B+1","Zap","Dualcast","Defragment+1","Chill","Gash","Stack","Beam Cell","FTL","Coolheaded","Coolheaded","Defragment+1","Chaos","Darkness","Chill","Electrodynamics+1","Stack+1","Blizzard+1","Compile Driver+1","Capacitor+1","Creative AI+1","Conserve Battery","Loop+1","Coolheaded","Electrodynamics","Defragment+1","Biased Cognition","Lockon+1","Coolheaded+1","Force Field+1","Tempest+1","Master of Strategy","Leap","Tempest+1","Defragment+1","Force Field","Machine Learning"],"relics":["Cracked Core","Centennial Puzzle","Bird Faced Urn","Prayer Wheel","Incense Burner","Gremlin Horn","Lantern","Cables","Nuclear Battery","Bag of Preparation","Pear","Singing Bowl","Astrolabe","Torii","Bottled Tornado","Chemical X","Red Mask","Shuriken","Happy Flower","DataDisk"],"potions_floor_usage":[16,16,21,33,37,50,50,50],"damage_taken":[{"damage":7,"enemies":"Jaw Worm","floor":1,"turns":3},{"damage":1,"enemies":"Cultist","floor":3,"turns":3},{"damage":5,"enemies":"Small Slimes","floor":4,"turns":4},{"damage":37,"enemies":"Lagavulin","floor":6,"turns":8},{"damage":12,"enemies":"3 Louse","floor":7,"turns":4},{"damage":2,"enemies":"Exordium Wildlife","floor":10,"turns":6},{"damage":7,"enemies":"3 Sentries","floor":11,"turns":11},{"damage":3,"enemies":"Large Slime","floor":13,"turns":7},{"damage":10,"enemies":"Lagavulin","floor":14,"turns":7},{"damage":8,"enemies":"Slime Boss","floor":16,"turns":10},{"damage":0,"enemies":"Spheric Guardian","floor":18,"turns":3},{"damage":7,"enemies":"Shell Parasite","floor":20,"turns":5},{"damage":0,"enemies":"Snecko","floor":21,"turns":3},{"damage":34,"enemies":"3 Cultists","floor":22,"turns":7},{"damage":14,"enemies":"Gremlin Leader","floor":23,"turns":8},{"damage":0,"enemies":"Centurion and Healer","floor":29,"turns":7},{"damage":14,"enemies":"Slavers","floor":30,"turns":5},{"damage":10,"enemies":"Shelled Parasite and Fungi","floor":31,"turns":6},{"damage":0,"enemies":"Automaton","floor":33,"turns":10},{"damage":1,"enemies":"Orb Walker","floor":35,"turns":3},{"damage":0,"enemies":"3 Shapes","floor":36,"turns":3},{"damage":0,"enemies":"2 Orb Walkers","floor":37,"turns":4},{"damage":0,"enemies":"Reptomancer","floor":41,"turns":6},{"damage":16,"enemies":"Maw","floor":42,"turns":5},{"damage":27,"enemies":"Jaw Worm Horde","floor":46,"turns":3},{"damage":0,"enemies":"Giant Head","floor":47,"turns":10},{"damage":0,"enemies":"Sphere and 2 Shapes","floor":48,"turns":2},{"damage":10,"enemies":"Donu and Deca","floor":50,"turns":5}],"seed_played":"8856261097522629327","potions_obtained":[{"floor":7,"key":"Ancient Potion"},{"floor":10,"key":"Block Potion"},{"floor":13,"key":"Explosive Potion"},{"floor":14,"key":"Regen Potion"},{"floor":16,"key":"SkillPotion"},{"floor":20,"key":"Weak Potion"},{"floor":22,"key":"Block Potion"},{"floor":23,"key":"Dexterity Potion"},{"floor":36,"key":"EssenceOfSteel"}],"is_trial":false,"path_per_floor":["M","?","M","M","?","E","M","R","T","M","E","$","M","E","R","B",null,"M","?","M","M","M","E","R","?","T","?","R","M","E","M","R","B",null,"M","M","?","?","$","?","E","M","T","?","R","M","E","M","R","B",null],"character_chosen":"DEFECT","items_purchased":["Defragment","Lantern","Bottled Tornado","Chemical X","PowerPotion","Leap"],"campfire_rested":1,"item_purchase_floors":[12,12,39,39,39,39],"current_hp_per_floor":[61,61,62,59,59,24,14,36,36,36,31,31,32,26,26,37,66,72,72,71,75,51,49,49,49,59,59,59,79,75,81,81,87,87,91,95,95,95,95,95,97,97,97,97,97,74,103,105,105,97],"gold":134,"neow_bonus":"RANDOM_COMMON_RELIC","is_prod":false,"is_daily":false,"chose_seed":false,"campfire_upgraded":6,"win_rate":0,"timestamp":1553749844,"path_taken":["M","?","M","?","?","E","?","R","T","M","E","?","?","E","R","BOSS","M","?","?","M","M","E","R","?","T","?","R","M","E","M","R","BOSS","M","M","?","?","$","?","E","?","T","?","R","M","E","M","R","BOSS"],"build_version":"2019-01-23","purchased_purges":0,"victory":true,"max_hp_per_floor":[75,75,75,75,75,75,75,75,75,75,75,75,75,75,75,75,75,75,75,75,75,75,75,75,75,85,85,85,85,85,87,87,87,87,91,95,95,95,95,95,97,99,99,99,99,101,103,105,105,105],"card_choices":[{"not_picked":["Redo","Sweeping Beam"],"picked":"Defragment","floor":1},{"not_picked":["Reprogram","Streamline"],"picked":"Chill","floor":3},{"not_picked":["Cold Snap","FTL"],"picked":"Gash","floor":4},{"not_picked":["Undo","Hyperbeam","Stack"],"picked":"SKIP","floor":6},{"not_picked":["Leap","Stack"],"picked":"Beam Cell","floor":7},{"not_picked":["Redo","Recycle"],"picked":"FTL","floor":7},{"not_picked":["Rip and Tear","Aggregate"],"picked":"Coolheaded","floor":10},{"not_picked":["Chill","Redo","Barrage"],"picked":"SKIP","floor":10},{"not_picked":["Rainbow","Conserve Battery"],"picked":"Coolheaded","floor":11},{"not_picked":["Melter","Redo"],"picked":"Chaos","floor":13},{"not_picked":["Gash","Consume"],"picked":"Darkness","floor":13},{"not_picked":["Rebound","Amplify"],"picked":"Chill","floor":14},{"not_picked":["Amplify","Biased Cognition"],"picked":"Electrodynamics","floor":16},{"not_picked":["Double Energy","Auto Shields"],"picked":"Stack+1","floor":18},{"not_picked":["Doom and Gloom+1","Turbo+1"],"picked":"Blizzard+1","floor":18},{"not_picked":["Beam Cell","Turbo"],"picked":"Compile Driver+1","floor":20},{"not_picked":["Hello World","Barrage","Sunder"],"picked":"SKIP","floor":20},{"not_picked":["Coolheaded+1","Barrage"],"picked":"Capacitor","floor":21},{"not_picked":["Go for the Eyes","Ball Lightning"],"picked":"Creative AI","floor":21},{"not_picked":["Compile Driver","Streamline+1"],"picked":"Conserve Battery","floor":22},{"not_picked":["Rebound","Fusion","Streamline+1"],"picked":"SKIP","floor":22},{"not_picked":["Melter","Sweeping Beam","Blizzard+1"],"picked":"SKIP","floor":23},{"not_picked":["Go for the Eyes","Steam"],"picked":"Loop","floor":29},{"not_picked":["Barrage","Aggregate+1"],"picked":"Coolheaded","floor":29},{"not_picked":["Barrage","Sunder"],"picked":"Electrodynamics","floor":30},{"not_picked":["Scrape","Redo+1","Turbo"],"picked":"Singing Bowl","floor":31},{"not_picked":["Coolheaded","Cold Snap"],"picked":"Defragment+1","floor":31},{"not_picked":["Rainbow","Multi-Cast"],"picked":"Biased Cognition","floor":33},{"not_picked":["Ball Lightning","Hello World","Steam"],"picked":"Singing Bowl","floor":35},{"not_picked":["Doom and Gloom+1","Darkness","Leap"],"picked":"Singing Bowl","floor":35},{"not_picked":["Rebound","Leap","Barrage+1"],"picked":"Singing Bowl","floor":36},{"not_picked":["Go for the Eyes","Fusion+1","Undo"],"picked":"Singing Bowl","floor":36},{"not_picked":["Coolheaded+1","Barrage"],"picked":"Tempest+1","floor":37},{"not_picked":["Swift Strike","Mayhem"],"picked":"Master of Strategy","floor":38},{"not_picked":["Rip and Tear","Beam Cell+1","Go for the Eyes"],"picked":"Singing Bowl","floor":41},{"not_picked":["Melter+1","Compile Driver+1","Reprogram+1"],"picked":"Singing Bowl","floor":42},{"not_picked":["Compile Driver","Undo"],"picked":"Tempest","floor":42},{"not_picked":["Compile Driver+1","Reprogram","Aggregate+1"],"picked":"Singing Bowl","floor":46},{"not_picked":["Redo","Rebound"],"picked":"Force Field","floor":46},{"not_picked":["Barrage+1","Cold Snap+1","Fusion"],"picked":"Singing Bowl","floor":47},{"not_picked":["Consume+1","Beam Cell+1","Recycle"],"picked":"Singing Bowl","floor":48},{"not_picked":["Cold Snap+1","Turbo+1"],"picked":"Machine Learning","floor":48}],"player_experience":257797,"relics_obtained":[{"floor":2,"key":"Bird Faced Urn"},{"floor":6,"key":"Prayer Wheel"},{"floor":9,"key":"Incense Burner"},{"floor":11,"key":"Gremlin Horn"},{"floor":14,"key":"Cables"},{"floor":23,"key":"Bag of Preparation"},{"floor":26,"key":"Pear"},{"floor":30,"key":"Singing Bowl"},{"floor":37,"key":"Torii"},{"floor":41,"key":"Shuriken"},{"floor":43,"key":"Happy Flower"},{"floor":47,"key":"DataDisk"}],"event_choices":[{"damage_healed":0,"gold_gain":0,"player_choice":"Relic","damage_taken":0,"max_hp_gain":0,"max_hp_loss":0,"event_name":"Wheel of Change","floor":2,"gold_loss":0},{"damage_healed":0,"gold_gain":0,"cards_transformed":["Strike_B"],"player_choice":"Transformed","damage_taken":0,"max_hp_gain":0,"max_hp_loss":0,"event_name":"Transmorgrifier","floor":5,"gold_loss":0,"cards_obtained":["Stack"]},{"damage_healed":0,"gold_gain":0,"player_choice":"Upgraded","damage_taken":0,"max_hp_gain":0,"max_hp_loss":0,"event_name":"Upgrade Shrine","floor":19,"gold_loss":0,"cards_upgraded":["Defragment"]},{"damage_healed":0,"gold_gain":0,"player_choice":"Simplicity","damage_taken":0,"max_hp_gain":0,"max_hp_loss":0,"event_name":"Back to Basics","floor":25,"gold_loss":0,"cards_upgraded":["Strike_B","Strike_B","Strike_B","Defend_B","Defend_B","Defend_B","Defend_B"]},{"damage_healed":0,"gold_gain":99,"player_choice":"Stole From Cult","damage_taken":0,"max_hp_gain":0,"max_hp_loss":0,"event_name":"Nest","floor":27,"gold_loss":0},{"damage_healed":0,"gold_gain":0,"player_choice":"Fight","damage_taken":0,"max_hp_gain":0,"max_hp_loss":0,"event_name":"Mysterious Sphere","floor":37,"gold_loss":0},{"damage_healed":0,"gold_gain":0,"player_choice":"Memory 1","damage_taken":0,"max_hp_gain":0,"max_hp_loss":0,"event_name":"SensoryStone","floor":38,"gold_loss":0},{"damage_healed":0,"gold_gain":0,"player_choice":"Paid","damage_taken":0,"relics_obtained":["Red Mask"],"max_hp_gain":0,"max_hp_loss":0,"event_name":"Tomb of Lord Red Mask","floor":40,"gold_loss":13},{"damage_healed":0,"gold_gain":0,"player_choice":"Copied","damage_taken":0,"max_hp_gain":0,"max_hp_loss":0,"event_name":"Duplicator","floor":44,"gold_loss":0,"cards_obtained":["Defragment"]}],"is_beta":false,"boss_relics":[{"not_picked":["Runic Dome","Snecko Eye"],"picked":"Nuclear Battery"},{"not_picked":["Calling Bell","Orrery"],"picked":"Astrolabe"}],"items_purged_floors":[],"is_endless":false,"potions_floor_spawned":[7,10,13,14,16,20,22,23,30,31,36,42,48],"ascension_level":8}