{"gold_per_floor":[119,119,19,19,31,66,66,97,166,199,219,236,265,283,283,360,360,370,370,385,385,385],"floor_reached":22,"playtime":713,"items_purged":["Strike_R"],"score":442,"play_id":"81247256-6d86-4bad-9caa-21bfb6a1c17b","local_time":"20190404161042","is_ascension_mode":true,"campfire_choices":[{"data":"Bash","floor":7,"key":"SMITH"},{"data":"Spot Weakness","floor":15,"key":"SMITH"}],"neow_cost":"NONE","seed_source_timestamp":18990194138589,"circlet_count":0,"master_deck":["AscendersBane","Strike_R","Strike_R+1","Strike_R","Defend_R","Defend_R+1","Defend_R","Defend_R+1","Bash+1","Anger","Warcry+1","Pommel Strike","Shockwave","Iron Wave","Whirlwind","Uppercut","Spot Weakness+1","Limit Break","Disarm"],"relics":["Burning Blood","NeowsBlessing","War Paint","Sundial","Dodecahedron","Champion Belt","Pantograph","Runic Pyramid"],"potions_floor_usage":[10,16,22],"damage_taken":[{"damage":0,"enemies":"Jaw Worm","floor":1,"turns":1},{"damage":0,"enemies":"2 Louse","floor":5,"turns":1},{"damage":0,"enemies":"3 Sentries","floor":6,"turns":1},{"damage":17,"enemies":"Lagavulin","floor":8,"turns":5},{"damage":14,"enemies":"3 Sentries","floor":10,"turns":6},{"damage":0,"enemies":"Small Slimes","floor":11,"turns":3},{"damage":6,"enemies":"2 Fungi Beasts","floor":12,"turns":2},{"damage":19,"enemies":"Gremlin Nob","floor":13,"turns":4},{"damage":0,"enemies":"3 Louse","floor":14,"turns":1},{"damage":16,"enemies":"Slime Boss","floor":16,"turns":6},{"damage":19,"enemies":"Spheric Guardian","floor":18,"turns":4},{"damage":27,"enemies":"2 Thieves","floor":20,"turns":4},{"damage":13,"enemies":"Sentry and Sphere","floor":22,"turns":4}],"seed_played":"1221214184174459888","potions_obtained":[{"floor":5,"key":"Explosive Potion"},{"floor":6,"key":"PowerPotion"},{"floor":11,"key":"BloodPotion"},{"floor":13,"key":"Strength Potion"},{"floor":16,"key":"AttackPotion"}],"is_trial":false,"path_per_floor":["M","?","$","?","M","E","R","E","T","E","M","M","E","M","R","B",null,"M","$","M","?","M"],"character_chosen":"IRONCLAD","items_purchased":["Warcry"],"campfire_rested":0,"item_purchase_floors":[3],"current_hp_per_floor":[74,79,79,55,61,67,67,56,56,48,54,54,41,47,47,62,76,63,63,42,42,29],"gold":385,"neow_bonus":"THREE_ENEMY_KILL","is_prod":false,"is_daily":false,"chose_seed":false,"campfire_upgraded":2,"win_rate":0,"timestamp":1554369042,"path_taken":["M","?","$","?","M","E","R","E","T","E","?","M","E","M","R","BOSS","M","$","M","?","M"],"build_version":"2019-01-23","purchased_purges":1,"victory":false,"max_hp_per_floor":[75,80,80,80,80,80,80,80,80,80,80,80,80,80,80,80,80,80,80,80,80,80],"card_choices":[{"not_picked":["Twin Strike","Flex"],"picked":"Anger","floor":1},{"not_picked":["Anger","Iron Wave"],"picked":"Pommel Strike","floor":5},{"not_picked":["Sword Boomerang","Reckless Charge"],"picked":"Shockwave","floor":6},{"not_picked":["Rage","Heavy Blade"],"picked":"Iron Wave","floor":8},{"not_picked":["Corruption","Shrug It Off"],"picked":"Whirlwind","floor":10},{"not_picked":["Anger","Fire Breathing","Armaments"],"picked":"SKIP","floor":11},{"not_picked":["Anger","Sword Boomerang","Clash"],"picked":"SKIP","floor":12},{"not_picked":["Exhume","Anger"],"picked":"Uppercut","floor":13},{"not_picked":["Cleave","Body Slam"],"picked":"Spot Weakness","floor":14},{"not_picked":["Demon Form","Exhume"],"picked":"Limit Break","floor":16},{"not_picked":["Twin Strike","Sword Boomerang"],"picked":"Disarm","floor":18},{"not_picked":["Clothesline","Metallicize","Disarm"],"picked":"SKIP","floor":20}],"player_experience":414878,"relics_obtained":[{"floor":6,"key":"War Paint"},{"floor":8,"key":"Sundial"},{"floor":9,"key":"Dodecahedron"},{"floor":10,"key":"Champion Belt"},{"floor":13,"key":"Pantograph"}],"event_choices":[{"damage_healed":0,"gold_gain":0,"player_choice":"Donut","damage_taken":0,"max_hp_gain":5,"max_hp_loss":0,"event_name":"Big Fish","floor":2,"gold_loss":0},{"damage_healed":0,"gold_gain":0,"player_choice":"Entered Light","damage_taken":24,"max_hp_gain":0,"max_hp_loss":0,"event_name":"Shining Light","floor":4,"gold_loss":0,"cards_upgraded":["Warcry","Strike_R"]},{"cards_removed":["Strike_R"],"damage_healed":0,"gold_gain":0,"player_choice":"Elegance","damage_taken":0,"max_hp_gain":0,"max_hp_loss":0,"event_name":"Back to Basics","floor":21,"gold_loss":0}],"is_beta":false,"boss_relics":[{"not_picked":["Fusion Hammer","Runic Cube"],"picked":"Runic Pyramid"}],"items_purged_floors":[3],"is_endless":false,"potions_floor_spawned":[5,6,11,13,14,16,18],"killed_by":"Sentry and Sphere","ascension_level":17}