{"gold_per_floor":[111,111,40,40,40,78,78,153,153,191,116,132,132,153,153,153],"floor_reached":16,"playtime":545,"items_purged":["Strike_B"],"score":265,"play_id":"5f28aee2-9a6b-497d-a5fd-d02c47d62cc5","local_time":"20190522124554","is_ascension_mode":true,"campfire_choices":[{"data":"Hyperbeam","floor":7,"key":"SMITH"},{"data":"Buffer","floor":13,"key":"SMITH"},{"floor":15,"key":"REST"}],"neow_cost":"NONE","seed_source_timestamp":76265378151620,"circlet_count":0,"master_deck":["AscendersBane","Strike_B","Strike_B","Defend_B","Defend_B","Defend_B","Defend_B","Zap","Dualcast","Defragment","Hyperbeam+1","Buffer+1","Steam"],"relics":["Cracked Core","NeowsBlessing","Golden Idol","Omamori","Potion Belt","DataDisk"],"potions_floor_usage":[16,16,16],"damage_taken":[{"damage":0,"enemies":"Cultist","floor":1,"turns":1},{"damage":0,"enemies":"Lagavulin","floor":6,"turns":1},{"damage":0,"enemies":"Gremlin Nob","floor":10,"turns":1},{"damage":0,"enemies":"2 Louse","floor":12,"turns":1},{"damage":0,"enemies":"Jaw Worm","floor":14,"turns":1},{"damage":69,"enemies":"Hexaghost","floor":16,"turns":10}],"seed_played":"8629508454116698508","potions_obtained":[{"floor":6,"key":"PowerPotion"},{"floor":12,"key":"Poison Potion"},{"floor":14,"key":"GamblersBrew"}],"is_trial":false,"path_per_floor":["M","?","$","?","$","E","R","?","T","E","$","M","R","M","R","B"],"character_chosen":"DEFECT","items_purchased":["Hyperbeam"],"campfire_rested":1,"item_purchase_floors":[3],"current_hp_per_floor":[64,64,64,57,57,57,57,46,46,46,46,46,46,46,65,0],"gold":153,"neow_bonus":"THREE_ENEMY_KILL","is_prod":false,"is_daily":false,"chose_seed":false,"campfire_upgraded":2,"win_rate":0,"timestamp":1558554354,"path_taken":["M","?","$","?","$","E","R","?","T","E","?","M","R","M","R","BOSS"],"build_version":"2019-01-23","purchased_purges":1,"victory":false,"max_hp_per_floor":[71,66,66,66,66,66,66,66,66,66,66,66,66,66,66,66],"card_choices":[{"not_picked":["Hologram","Force Field"],"picked":"Defragment","floor":1},{"not_picked":["Coolheaded","Steam Power","Ball Lightning"],"picked":"SKIP","floor":6},{"not_picked":["Melter","Beam Cell"],"picked":"Buffer","floor":10},{"not_picked":["Rebound","Stack"],"picked":"Steam","floor":12},{"not_picked":["Cold Snap","Force Field","Coolheaded"],"picked":"SKIP","floor":14}],"player_experience":677732,"relics_obtained":[{"floor":6,"key":"Omamori"},{"floor":9,"key":"Potion Belt"},{"floor":10,"key":"DataDisk"}],"event_choices":[{"damage_healed":0,"gold_gain":0,"player_choice":"Lose Max HP","damage_taken":0,"relics_obtained":["Golden Idol"],"max_hp_gain":0,"max_hp_loss":5,"event_name":"Golden Idol","floor":2,"gold_loss":0},{"cards_removed":["Strike_B"],"damage_healed":0,"gold_gain":0,"player_choice":"Card Removal","damage_taken":7,"max_hp_gain":0,"max_hp_loss":0,"event_name":"Golden Wing","floor":4,"gold_loss":0},{"damage_healed":0,"gold_gain":75,"player_choice":"Gather Gold","damage_taken":11,"max_hp_gain":0,"max_hp_loss":0,"event_name":"World of Goop","floor":8,"gold_loss":0}],"is_beta":false,"boss_relics":[],"items_purged_floors":[11],"is_endless":false,"potions_floor_spawned":[6,12,14],"killed_by":"Hexaghost","ascension_level":14}