{"gold_per_floor":[114,114,127,31,50,77,77,111,111,30,58,70,70],"floor_reached":13,"playtime":410,"items_purged":[],"score":149,"play_id":"db262e46-8bfb-4c2b-98bb-52fe1a032f6f","local_time":"20190529175453","is_ascension_mode":true,"campfire_choices":[],"neow_cost":"NONE","seed_source_timestamp":33962861915700,"circlet_count":0,"master_deck":["Strike_B","Strike_B","Strike_B","Defend_B","Defend_B","Defend_B","Defend_B","Zap","Dualcast","Gash","Coolheaded","Defragment","Streamline","Sweeping Beam","Blizzard","Gash","White Noise","Auto Shields","Cold Snap"],"special_seed":0,"relics":["Cracked Core","NeowsBlessing","Strawberry","Pear","Pantograph","Bronze Scales","Vajra"],"potions_floor_usage":[12],"damage_taken":[{"damage":0.0,"enemies":"2 Louse","floor":1.0,"turns":1.0},{"damage":0.0,"enemies":"Cultist","floor":3.0,"turns":1.0},{"damage":0.0,"enemies":"Small Slimes","floor":5.0,"turns":1.0},{"damage":31.0,"enemies":"Gremlin Nob","floor":6.0,"turns":4.0},{"damage":18.0,"enemies":"3 Sentries","floor":8.0,"turns":6.0},{"damage":28.0,"enemies":"Gremlin Nob","floor":11.0,"turns":4.0},{"damage":11,"enemies":"Exordium Thugs","floor":12,"turns":4},{"damage":4,"enemies":"Exordium Wildlife","floor":13,"turns":1}],"seed_played":"3411825891988139707","potions_obtained":[{"floor":5.0,"key":"Ancient Potion"},{"floor":6.0,"key":"AttackPotion"},{"floor":8.0,"key":"LiquidBronze"}],"is_trial":false,"path_per_floor":["M","?","M","$","M","E","?","E","T","$","E","M","M"],"character_chosen":"DEFECT","items_purchased":["Defragment","Streamline","White Noise"],"campfire_rested":0,"item_purchase_floors":[4,4,10],"current_hp_per_floor":[75,75,75,75,75,51,61,43,43,43,15,4,0],"gold":70,"neow_bonus":"THREE_ENEMY_KILL","is_prod":false,"is_daily":false,"chose_seed":false,"campfire_upgraded":0,"win_rate":0,"timestamp":1559177693,"path_taken":["M","?","M","$","?","E","?","E","T","$","E","M","?"],"build_version":"2019-01-23","purchased_purges":0,"victory":false,"max_hp_per_floor":[75,75,75,75,75,82,92,92,92,92,92,92,92],"card_choices":[{"not_picked":["FTL","Ball Lightning"],"picked":"Gash","floor":1.0},{"not_picked":["Scrape","Static Discharge"],"picked":"Coolheaded","floor":3.0},{"not_picked":["Beam Cell","Defragment"],"picked":"Sweeping Beam","floor":5.0},{"not_picked":["Sweeping Beam","Chaos"],"picked":"Blizzard","floor":6.0},{"not_picked":["Reinforced Body","Lockon"],"picked":"Gash","floor":8.0},{"not_picked":["Core Surge","Rebound"],"picked":"Auto Shields","floor":11.0},{"not_picked":["Steam Power","Auto Shields"],"picked":"Cold Snap","floor":12}],"player_experience":129578,"relics_obtained":[{"floor":6.0,"key":"Strawberry"},{"floor":8.0,"key":"Pantograph"},{"floor":9.0,"key":"Bronze Scales"},{"floor":11.0,"key":"Vajra"}],"event_choices":[{"cards_removed":["Strike_B"],"damage_healed":0.0,"max_hp_gain":0.0,"max_hp_loss":0.0,"gold_gain":0.0,"event_name":"Wheel of Change","player_choice":"Card Removal","floor":2.0,"gold_loss":0.0,"damage_taken":0.0},{"damage_healed":0.0,"max_hp_gain":0.0,"max_hp_loss":0.0,"gold_gain":0.0,"event_name":"WeMeetAgain","player_choice":"Gave Potion","floor":7.0,"gold_loss":0.0,"damage_taken":0.0,"relics_obtained":["Pear"]}],"is_beta":false,"boss_relics":[],"items_purged_floors":[],"is_endless":false,"potions_floor_spawned":[5,6,8],"killed_by":"Exordium Wildlife","ascension_level":4}