{"gold_per_floor":[119,119,138,138,26,26,44,44,44,44,63,63,74,91,91,192,192,204,219,0,17,17,17,17,31,31,44,63,63,73,172,172,274,274,286,286,286,286,303,303,317,317],"floor_reached":42,"playtime":1122,"items_purged":["Strike_B"],"score":437,"play_id":"aafc0e79-f4b4-470f-83c5-6cd25bd03b28","local_time":"20190527210506","is_ascension_mode":false,"campfire_choices":[{"data":"Sunder","floor":6,"key":"SMITH"},{"data":"Zap","floor":8,"key":"SMITH"},{"data":"Defragment","floor":10,"key":"SMITH"},{"data":"Dualcast","floor":15,"key":"SMITH"},{"data":"Electrodynamics","floor":24,"key":"SMITH"},{"floor":32,"key":"REST"},{"floor":40,"key":"REST"}],"neow_cost":"NONE","seed_source_timestamp":236039425895633,"circlet_count":0,"master_deck":["Strike_B","Strike_B","Defend_B","Defend_B","Defend_B","Defend_B","Zap+1","Dualcast+1","Sunder+1","Glacier","Defragment+1","Self Repair","Defend_B","Conserve Battery","Undo","Electrodynamics+1","Cold Snap","Coolheaded+1","Reinforced Body","Glacier+1","Sunder+1","Double Energy","Hyperbeam","Sweeping Beam+1","Dark Shackles","Dramatic Entrance","Bandage Up","Madness","Madness","Static Discharge+1"],"relics":["Cracked Core","NeowsBlessing","Potion Belt","Pear","Nuclear Battery","Matryoshka","Runic Dome"],"potions_floor_usage":[16,16,16,21,23,33,33],"damage_taken":[{"damage":0,"enemies":"Small Slimes","floor":1,"turns":1},{"damage":0,"enemies":"Jaw Worm","floor":3,"turns":1},{"damage":0,"enemies":"2 Louse","floor":7,"turns":1},{"damage":13,"enemies":"Red Slaver","floor":11,"turns":2},{"damage":0,"enemies":"Blue Slaver","floor":13,"turns":3},{"damage":9,"enemies":"Large Slime","floor":14,"turns":5},{"damage":20,"enemies":"Hexaghost","floor":16,"turns":10},{"damage":22,"enemies":"Chosen","floor":18,"turns":5},{"damage":8,"enemies":"3 Byrds","floor":19,"turns":2},{"damage":7,"enemies":"Centurion and Healer","floor":21,"turns":9},{"damage":0,"enemies":"Gremlin Leader","floor":23,"turns":1},{"damage":9,"enemies":"Snecko","floor":25,"turns":6},{"damage":0,"enemies":"Cultist and Chosen","floor":27,"turns":7},{"damage":18,"enemies":"Sentry and Sphere","floor":28,"turns":8},{"damage":10,"enemies":"Snake Plant","floor":30,"turns":4},{"damage":16,"enemies":"Champ","floor":33,"turns":11},{"damage":8,"enemies":"Orb Walker","floor":35,"turns":3},{"damage":11,"enemies":"3 Shapes","floor":39,"turns":2},{"damage":29,"enemies":"Jaw Worm Horde","floor":41,"turns":4},{"damage":72,"enemies":"Transient","floor":42,"turns":5}],"seed_played":"6951436338771120098","potions_obtained":[{"floor":1,"key":"FearPotion"},{"floor":3,"key":"EntropicBrew"},{"floor":7,"key":"Dexterity Potion"},{"floor":16,"key":"SmokeBomb"},{"floor":21,"key":"Fruit Juice"},{"floor":27,"key":"Block Potion"},{"floor":35,"key":"Poison Potion"}],"is_trial":false,"path_per_floor":["M","?","M","?","$","R","M","R","T","R","M","?","M","M","R","B",null,"M","M","?","M","?","E","R","M","T","M","M","?","M","?","R","B",null,"M","?","?","?","M","R","M","M"],"character_chosen":"DEFECT","items_purchased":["Defragment"],"campfire_rested":2,"item_purchase_floors":[5],"current_hp_per_floor":[75,75,75,68,68,68,68,68,78,78,65,65,65,56,56,43,85,63,55,55,60,60,60,60,58,58,65,54,54,44,44,71,62,90,82,72,72,61,50,77,52,0],"gold":317,"neow_bonus":"THREE_ENEMY_KILL","is_prod":false,"is_daily":false,"chose_seed":false,"campfire_upgraded":5,"win_rate":0,"timestamp":1559016306,"path_taken":["M","?","M","?","$","R","M","R","T","R","M","?","?","M","R","BOSS","M","M","?","M","?","E","R","M","T","M","M","?","?","?","R","BOSS","M","?","?","?","M","R","M","M"],"build_version":"2019-01-23","purchased_purges":1,"victory":false,"max_hp_per_floor":[75,75,75,75,75,75,75,75,85,85,85,85,85,85,85,85,85,85,85,85,90,90,90,90,90,90,90,90,90,90,90,90,90,90,90,90,90,90,90,90,90,90],"card_choices":[{"not_picked":["Stack","Coolheaded"],"picked":"Sunder","floor":1},{"not_picked":["Coolheaded","Blizzard"],"picked":"Glacier","floor":3},{"not_picked":["Stack","Consume"],"picked":"Self Repair","floor":7},{"not_picked":["Loop","Capacitor"],"picked":"Compile Driver","floor":11},{"not_picked":["Gash","Aggregate"],"picked":"Conserve Battery","floor":13},{"not_picked":["White Noise","Streamline"],"picked":"Undo","floor":14},{"not_picked":["Reboot","Seek"],"picked":"Electrodynamics","floor":16},{"not_picked":["Undo","Streamline"],"picked":"Cold Snap","floor":18},{"not_picked":["Cold Snap","Aggregate"],"picked":"Coolheaded+1","floor":19},{"not_picked":["Compile Driver","Barrage"],"picked":"Reinforced Body","floor":21},{"not_picked":["Compile Driver","FTL"],"picked":"Glacier+1","floor":25},{"not_picked":["Ball Lightning","Hello World","Consume"],"picked":"SKIP","floor":27},{"not_picked":["Consume","Conserve Battery","Undo"],"picked":"SKIP","floor":28},{"not_picked":["Stack","Reprogram+1"],"picked":"Double Energy","floor":30},{"not_picked":["All For One","Buffer"],"picked":"Hyperbeam","floor":33},{"not_picked":["Aggregate","Go for the Eyes"],"picked":"Sweeping Beam+1","floor":35},{"not_picked":["Flash of Steel","Jack Of All Trades"],"picked":"Dark Shackles","floor":36},{"not_picked":["Blind","Trip"],"picked":"Dramatic Entrance","floor":36},{"not_picked":["Jack Of All Trades","Enlightenment"],"picked":"Bandage Up","floor":36},{"not_picked":["Go for the Eyes+1","Stack"],"picked":"Static Discharge+1","floor":39},{"not_picked":["Go for the Eyes","Rebound+1","Gash"],"picked":"SKIP","floor":41}],"player_experience":775607,"relics_obtained":[{"floor":9,"key":"Pear"},{"floor":26,"key":"Matryoshka"}],"event_choices":[{"damage_healed":0,"gold_gain":0,"player_choice":"Ignored","damage_taken":0,"max_hp_gain":0,"max_hp_loss":0,"event_name":"Liars Game","floor":2,"gold_loss":0},{"damage_healed":0,"gold_gain":0,"player_choice":"Success","damage_taken":7,"relics_obtained":["Potion Belt"],"max_hp_gain":0,"max_hp_loss":0,"event_name":"Scrap Ooze","floor":4,"gold_loss":0},{"cards_removed":["Strike_B"],"damage_healed":0,"gold_gain":0,"player_choice":"Took Card","damage_taken":0,"max_hp_gain":0,"max_hp_loss":0,"event_name":"NoteForYourself","floor":12,"gold_loss":0,"cards_obtained":["Defend_B"]},{"damage_healed":0,"gold_gain":0,"player_choice":"Paid Fearfully","damage_taken":0,"max_hp_gain":0,"max_hp_loss":0,"event_name":"Masked Bandits","floor":20,"gold_loss":219},{"damage_healed":0,"gold_gain":0,"player_choice":"Copied","damage_taken":0,"max_hp_gain":0,"max_hp_loss":0,"event_name":"Duplicator","floor":29,"gold_loss":0,"cards_obtained":["Sunder"]},{"damage_healed":0,"gold_gain":99,"player_choice":"Stole From Cult","damage_taken":0,"max_hp_gain":0,"max_hp_loss":0,"event_name":"Nest","floor":31,"gold_loss":0},{"damage_healed":0,"gold_gain":0,"player_choice":"Memory 3","damage_taken":10,"max_hp_gain":0,"max_hp_loss":0,"event_name":"SensoryStone","floor":36,"gold_loss":0},{"cards_removed":["Compile Driver"],"damage_healed":0,"gold_gain":0,"player_choice":"Removed Attack","damage_taken":0,"max_hp_gain":0,"max_hp_loss":0,"event_name":"Falling","floor":37,"gold_loss":0},{"damage_healed":0,"gold_gain":0,"player_choice":"Embrace Madness","damage_taken":11,"max_hp_gain":0,"max_hp_loss":0,"event_name":"Winding Halls","floor":38,"gold_loss":0,"cards_obtained":["Madness","Madness"]}],"is_beta":false,"boss_relics":[{"not_picked":["Inserter","Philosopher\u0027s Stone"],"picked":"Nuclear Battery"},{"not_picked":["Cursed Key","Fusion Hammer"],"picked":"Runic Dome"}],"items_purged_floors":[5],"is_endless":false,"potions_floor_spawned":[1,3,7,16,18,21,27,35],"killed_by":"Transient","ascension_level":0}