{"gold_per_floor":[115,95,115,125,125,157,157,171,171,96,130,147,177,188,188,284,284,303,303,270,281,297,323,323,334,334,344,361,361,375,410,410,506,506,522,622,622,639,656,656,708,736,812,92,102,114,14,14,14,14],"floor_reached":51,"playtime":4647,"items_purged":["Defend_B","Strike_B","Strike_B"],"score":925,"play_id":"05a49f8b-f676-488b-a7cf-4d92b5b1a40d","local_time":"20190525194743","is_ascension_mode":true,"campfire_choices":[{"data":"Defragment","floor":7.0,"key":"SMITH"},{"data":"Cold Snap","floor":15.0,"key":"SMITH"},{"floor":24.0,"key":"REST"},{"data":"Cold Snap","floor":29.0,"key":"SMITH"},{"data":"Auto Shields","floor":32.0,"key":"SMITH"},{"data":"Conserve Battery","floor":40.0,"key":"SMITH"},{"data":"Capacitor","floor":49,"key":"SMITH"}],"neow_cost":"NONE","seed_source_timestamp":351443352692100,"circlet_count":0,"master_deck":["Strike_B","Strike_B","Defend_B","Defend_B","Defend_B","Zap","Dualcast","Chill+1","Defragment+1","Auto Shields+1","Seek","Capacitor+1","Coolheaded","Cold Snap+1","Buffer+1","Cold Snap+1","Barrage","Sweeping Beam+1","Turbo","Rebound+1","FTL","Cold Snap+1","Conserve Battery+1","Streamline+1","Blizzard+1","Writhe"],"special_seed":0,"relics":["Cracked Core","Pear","Meat on the Bone","Mummified Hand","Shuriken","Black Star","Bag of Marbles","Mercury Hourglass","Gambling Chip","The Courier","Ornamental Fan","Busted Crown","StoneCalendar","Shovel","Centennial Puzzle","Darkstone Periapt","Bottled Flame","Oddly Smooth Stone","Happy Flower","Ancient Tea Set","OrangePellets","Bag of Preparation"],"potions_floor_usage":[41],"damage_taken":[{"damage":0.0,"enemies":"Small Slimes","floor":1.0,"turns":4.0},{"damage":0.0,"enemies":"Cultist","floor":3.0,"turns":2.0},{"damage":2.0,"enemies":"2 Louse","floor":4.0,"turns":2.0},{"damage":9.0,"enemies":"3 Sentries","floor":6.0,"turns":20.0},{"damage":0.0,"enemies":"Exordium Thugs","floor":8.0,"turns":6.0},{"damage":18.0,"enemies":"Gremlin Nob","floor":11.0,"turns":5.0},{"damage":3.0,"enemies":"Gremlin Gang","floor":12.0,"turns":8.0},{"damage":1.0,"enemies":"Lagavulin","floor":13.0,"turns":8.0},{"damage":2.0,"enemies":"Looter","floor":14.0,"turns":3.0},{"damage":12.0,"enemies":"The Guardian","floor":16.0,"turns":19.0},{"damage":5.0,"enemies":"Spheric Guardian","floor":18.0,"turns":7.0},{"damage":17.0,"enemies":"2 Thieves","floor":20.0,"turns":5.0},{"damage":14.0,"enemies":"Chosen and Byrds","floor":21.0,"turns":7.0},{"damage":12.0,"enemies":"Centurion and Healer","floor":22.0,"turns":7.0},{"damage":23.0,"enemies":"Book of Stabbing","floor":23.0,"turns":10.0},{"damage":6.0,"enemies":"Shelled Parasite and Fungi","floor":25.0,"turns":9.0},{"damage":0.0,"enemies":"Sentry and Sphere","floor":27.0,"turns":5.0},{"damage":17.0,"enemies":"Snake Plant","floor":28.0,"turns":5.0},{"damage":3.0,"enemies":"Centurion and Healer","floor":30.0,"turns":7.0},{"damage":10.0,"enemies":"Gremlin Leader","floor":31.0,"turns":6.0},{"damage":0.0,"enemies":"Champ","floor":33.0,"turns":15.0},{"damage":0.0,"enemies":"3 Shapes","floor":35.0,"turns":5.0},{"damage":24.0,"enemies":"Mind Bloom Boss Battle","floor":36.0,"turns":8.0},{"damage":21.0,"enemies":"3 Darklings","floor":38.0,"turns":6.0},{"damage":0.0,"enemies":"Sphere and 2 Shapes","floor":39.0,"turns":4.0},{"damage":11,"enemies":"2 Orb Walkers","floor":41,"turns":7},{"damage":0,"enemies":"Giant Head","floor":42,"turns":10},{"damage":0,"enemies":"Spire Growth","floor":45,"turns":5},{"damage":0,"enemies":"Transient","floor":46,"turns":5},{"damage":0,"enemies":"Donu and Deca","floor":50,"turns":12}],"seed_played":"-7736438800107943204","potions_obtained":[{"floor":1.0,"key":"Swift Potion"},{"floor":2.0,"key":"Block Potion"},{"floor":11.0,"key":"PowerPotion"},{"floor":12.0,"key":"Strength Potion"},{"floor":14.0,"key":"FocusPotion"},{"floor":41,"key":"SkillPotion"},{"floor":46,"key":"Poison Potion"}],"is_trial":false,"path_per_floor":["M","?","M","M","?","E","R","M","T","$","E","M","E","M","R","B",null,"M","?","M","M","M","E","R","M","T","M","M","R","M","E","R","B",null,"M","?","?","M","M","R","?","E","T","$","M","M","$","?","R","B",null],"character_chosen":"DEFECT","items_purchased":["Oddly Smooth Stone","Happy Flower","Ancient Tea Set","OrangePellets","Bag of Preparation"],"campfire_rested":1,"item_purchase_floors":[44,44,44,44,44],"current_hp_per_floor":[75,75,75,73,73,74,74,74,74,74,56,53,52,50,50,50,85,80,80,63,49,49,38,63,57,57,57,52,52,49,51,51,51,85,85,61,61,52,52,52,53,53,53,53,53,53,53,80,80,80],"gold":14,"neow_bonus":"THREE_CARDS","is_prod":false,"is_daily":false,"chose_seed":false,"campfire_upgraded":6,"win_rate":0,"timestamp":1558838863,"path_taken":["M","?","?","M","?","E","R","M","T","?","E","?","E","M","R","BOSS","M","?","M","?","M","E","R","M","T","M","M","R","M","E","R","BOSS","M","?","?","?","M","R","?","E","T","?","M","?","$","?","R","BOSS"],"build_version":"2019-01-23","purchased_purges":3,"victory":true,"max_hp_per_floor":[75,75,75,75,75,85,85,85,85,85,85,85,85,85,85,85,85,85,85,85,85,85,85,85,85,85,85,85,85,85,85,85,85,85,85,85,85,85,85,85,85,85,85,85,85,85,85,91,91,91],"card_choices":[{"not_picked":["Gash","Stack"],"picked":"Chill","floor":0.0},{"not_picked":["Blizzard","Rebound"],"picked":"Defragment","floor":1.0},{"not_picked":["Beam Cell","Ball Lightning","Steam"],"picked":"SKIP","floor":3.0},{"not_picked":["Go for the Eyes","BootSequence"],"picked":"Auto Shields","floor":4.0},{"not_picked":["Self Repair","Gash"],"picked":"Seek","floor":6.0},{"not_picked":["Defragment","Sweeping Beam"],"picked":"Capacitor","floor":8.0},{"not_picked":["Reinforced Body","Genetic Algorithm","Consume"],"picked":"SKIP","floor":11.0},{"not_picked":["Steam","Lockon"],"picked":"Coolheaded","floor":12.0},{"not_picked":["Meteor Strike","Rebound"],"picked":"Cold Snap","floor":13.0},{"not_picked":["Compile Driver","Static Discharge","Gash"],"picked":"SKIP","floor":14.0},{"not_picked":["Electrodynamics","Rainbow"],"picked":"Buffer","floor":16.0},{"not_picked":["Hello World","Barrage"],"picked":"Cold Snap","floor":18.0},{"not_picked":["Stack+1","Chill"],"picked":"Barrage","floor":20.0},{"not_picked":["Gash","Beam Cell+1"],"picked":"Sweeping Beam+1","floor":21.0},{"not_picked":["Meteor Strike","Lockon"],"picked":"Turbo","floor":22.0},{"not_picked":["Rebound","Scrape","Steam"],"picked":"SKIP","floor":23.0},{"not_picked":["Redo","Hello World+1"],"picked":"Rebound+1","floor":25.0},{"not_picked":["Coolheaded","Rip and Tear","Hologram"],"picked":"SKIP","floor":27.0},{"not_picked":["Turbo","Capacitor"],"picked":"FTL","floor":28.0},{"not_picked":["Reprogram+1","Compile Driver"],"picked":"Cold Snap+1","floor":30.0},{"not_picked":["Melter","Cold Snap","Beam Cell"],"picked":"SKIP","floor":31.0},{"not_picked":[],"picked":"Conserve Battery","floor":35.0},{"not_picked":[],"picked":"Streamline+1","floor":38.0},{"not_picked":["Streamline+1"],"picked":"SKIP","floor":39.0},{"not_picked":["Genetic Algorithm+1"],"picked":"SKIP","floor":42},{"not_picked":[],"picked":"Blizzard+1","floor":45},{"not_picked":["Leap"],"picked":"SKIP","floor":46}],"player_experience":92448,"relics_obtained":[{"floor":6.0,"key":"Pear"},{"floor":9.0,"key":"Meat on the Bone"},{"floor":11.0,"key":"Mummified Hand"},{"floor":13.0,"key":"Shuriken"},{"floor":23.0,"key":"Bag of Marbles"},{"floor":23.0,"key":"Mercury Hourglass"},{"floor":26.0,"key":"Gambling Chip"},{"floor":31.0,"key":"The Courier"},{"floor":31.0,"key":"Ornamental Fan"},{"floor":36.0,"key":"StoneCalendar"},{"floor":41,"key":"Shovel"},{"floor":42,"key":"Centennial Puzzle"},{"floor":42,"key":"Darkstone Periapt"},{"floor":43,"key":"Bottled Flame"}],"event_choices":[{"damage_healed":0.0,"max_hp_gain":0.0,"max_hp_loss":0.0,"gold_gain":0.0,"event_name":"The Woman in Blue","player_choice":"Bought 1 Potion","floor":2.0,"gold_loss":0.0,"damage_taken":0.0},{"damage_healed":0.0,"max_hp_gain":0.0,"max_hp_loss":0.0,"gold_gain":0.0,"event_name":"Upgrade Shrine","player_choice":"Upgraded","floor":5.0,"gold_loss":0.0,"damage_taken":0.0,"cards_upgraded":["Chill"]},{"damage_healed":0.0,"max_hp_gain":0.0,"max_hp_loss":0.0,"gold_gain":0.0,"event_name":"Upgrade Shrine","player_choice":"Upgraded","floor":19.0,"gold_loss":0.0,"damage_taken":0.0,"cards_upgraded":["Buffer"]},{"damage_healed":0.0,"max_hp_gain":0.0,"max_hp_loss":0.0,"gold_gain":0.0,"event_name":"MindBloom","player_choice":"Fight","floor":36.0,"gold_loss":0.0,"damage_taken":0.0},{"damage_healed":0.0,"max_hp_gain":0.0,"max_hp_loss":0.0,"gold_gain":0.0,"event_name":"SensoryStone","player_choice":"Memory 1","floor":37.0,"gold_loss":0.0,"damage_taken":0.0},{"damage_healed":0,"gold_gain":0,"player_choice":"Fight","damage_taken":0,"max_hp_gain":0,"max_hp_loss":0,"event_name":"Mysterious Sphere","floor":41,"gold_loss":0},{"damage_healed":21,"gold_gain":0,"player_choice":"Writhe","damage_taken":0,"max_hp_gain":0,"max_hp_loss":0,"event_name":"Winding Halls","floor":48,"gold_loss":0,"cards_obtained":["Writhe"]}],"is_beta":false,"boss_relics":[{"not_picked":["Empty Cage","Runic Pyramid"],"picked":"Black Star"},{"not_picked":["Runic Dome","White Beast Statue"],"picked":"Busted Crown"}],"items_purged_floors":[10,44,47],"is_endless":false,"potions_floor_spawned":[1,11,12,14,20,21,27,30,31,39,41,42,45,46],"ascension_level":2}