{"gold_per_floor":[112,124,55,55,71,71,100,100,127,138,13,40,40,365,365,469,469,481,481,481,497,497,524,524,254,254,286,306,406,419,419,419,419],"floor_reached":33,"playtime":2325,"items_purged":["Pain"],"score":375,"play_id":"ce024cb7-11cf-4806-8fb9-99ca61b37753","local_time":"20190530123427","is_ascension_mode":true,"campfire_choices":[{"data":"Genetic Algorithm","floor":6,"key":"SMITH"},{"data":"Sweeping Beam","floor":8,"key":"SMITH"},{"floor":13,"key":"REST"},{"floor":15,"key":"REST"},{"floor":24,"key":"REST"},{"floor":32,"key":"REST"}],"neow_cost":"TEN_PERCENT_HP_LOSS","seed_source_timestamp":871830540032827,"circlet_count":0,"master_deck":["Strike_B+1","Strike_B+1","Defend_B+1","Defend_B+1","Defend_B+1","Defend_B+1","Zap","Dualcast","Conserve Battery","Melter","Genetic Algorithm+1","Conserve Battery","Sweeping Beam+1","Beam Cell","Coolheaded","Gash","Rainbow","Hologram","RitualDagger","Gash","Stack","Seek","Seek","Gash","Chaos+1"],"relics":["Cracked Core","WarpedTongs","Orichalcum","Vajra","Old Coin","Fusion Hammer","Bird Faced Urn","ClockworkSouvenir","Lantern","Ancient Tea Set","Turnip","Bottled Flame","Nloth\u0027s Gift"],"potions_floor_usage":[7,12,16],"damage_taken":[{"damage":1,"enemies":"Cultist","floor":1,"turns":3},{"damage":3,"enemies":"Jaw Worm","floor":2,"turns":4},{"damage":4,"enemies":"2 Louse","floor":5,"turns":4},{"damage":34,"enemies":"Gremlin Nob","floor":7,"turns":5},{"damage":21,"enemies":"Exordium Wildlife","floor":10,"turns":5},{"damage":3,"enemies":"3 Sentries","floor":12,"turns":5},{"damage":23,"enemies":"Gremlin Nob","floor":14,"turns":4},{"damage":18,"enemies":"The Guardian","floor":16,"turns":13},{"damage":0,"enemies":"Spheric Guardian","floor":18,"turns":3},{"damage":9,"enemies":"Shell Parasite","floor":21,"turns":5},{"damage":25,"enemies":"Book of Stabbing","floor":23,"turns":6},{"damage":0,"enemies":"Gremlin Leader","floor":27,"turns":8},{"damage":3,"enemies":"3 Cultists","floor":28,"turns":5},{"damage":0,"enemies":"Colosseum Slavers","floor":29,"turns":3},{"damage":11,"enemies":"Colosseum Nobs","floor":29,"turns":4},{"damage":16,"enemies":"Snake Plant","floor":30,"turns":3},{"damage":60,"enemies":"Collector","floor":33,"turns":11}],"seed_played":"-7240747055696920732","potions_obtained":[{"floor":5,"key":"Block Potion"},{"floor":7,"key":"Ancient Potion"},{"floor":14,"key":"Regen Potion"},{"floor":21,"key":"SpeedPotion"},{"floor":27,"key":"Energy Potion"}],"is_trial":false,"path_per_floor":["M","M","$","?","M","R","E","R","T","M","$","E","R","E","R","B",null,"M","?","?","M","?","E","R","$","T","E","M","?","M","?","R","B"],"character_chosen":"DEFECT","items_purchased":["Genetic Algorithm","Fire Potion","Seek","ClockworkSouvenir"],"campfire_rested":4,"item_purchase_floors":[3,11,25,25],"current_hp_per_floor":[67,64,64,64,60,60,26,26,26,7,7,6,26,5,25,24,68,68,62,62,55,55,32,52,52,52,54,53,46,32,32,52,0],"gold":419,"neow_bonus":"REMOVE_TWO","is_prod":false,"is_daily":false,"chose_seed":false,"campfire_upgraded":2,"win_rate":0,"timestamp":1559234067,"path_taken":["M","?","$","?","M","R","E","R","T","?","$","E","R","E","R","BOSS","M","?","?","M","?","E","R","$","T","E","M","?","M","?","R","BOSS"],"build_version":"2019-01-23","purchased_purges":1,"victory":false,"max_hp_per_floor":[68,68,68,68,68,68,68,68,68,68,68,68,68,68,68,68,68,68,68,68,68,68,68,68,68,68,68,68,68,68,68,68,68],"card_choices":[{"not_picked":["Leap","Reprogram"],"picked":"Conserve Battery","floor":1},{"not_picked":["Self Repair","Stack"],"picked":"Melter","floor":2},{"not_picked":["Skim","Scrape"],"picked":"Conserve Battery","floor":5},{"not_picked":["Rip and Tear","Beam Cell"],"picked":"Sweeping Beam","floor":7},{"not_picked":["Storm","Machine Learning"],"picked":"Beam Cell","floor":10},{"not_picked":["Sweeping Beam","Hologram"],"picked":"Coolheaded","floor":12},{"not_picked":["Hologram","Auto Shields"],"picked":"Gash","floor":14},{"not_picked":["Fission","Creative AI"],"picked":"Rainbow","floor":16},{"not_picked":["Skim","Aggregate"],"picked":"Hologram","floor":18},{"not_picked":["Barrage","Streamline"],"picked":"Stack","floor":21},{"not_picked":["Barrage","Sweeping Beam","Turbo"],"picked":"SKIP","floor":23},{"not_picked":["Chill+1","Sunder"],"picked":"Seek","floor":27},{"not_picked":["Barrage","Steam"],"picked":"Gash","floor":28},{"not_picked":["Leap","Cold Snap"],"picked":"Chaos+1","floor":30}],"player_experience":660807,"relics_obtained":[{"floor":7,"key":"Orichalcum"},{"floor":9,"key":"Blood Vial"},{"floor":12,"key":"Vajra"},{"floor":14,"key":"Old Coin"},{"floor":23,"key":"Bird Faced Urn"},{"floor":26,"key":"Lantern"},{"floor":27,"key":"Ancient Tea Set"},{"floor":29,"key":"Turnip"},{"floor":29,"key":"Bottled Flame"}],"event_choices":[{"damage_healed":0,"gold_gain":0,"player_choice":"Rummage","damage_taken":0,"relics_obtained":["WarpedTongs"],"max_hp_gain":0,"max_hp_loss":0,"event_name":"Accursed Blacksmith","floor":4,"gold_loss":0,"cards_obtained":["Pain"]},{"damage_healed":0,"gold_gain":0,"player_choice":"Joined the Cult","damage_taken":6,"max_hp_gain":0,"max_hp_loss":0,"event_name":"Nest","floor":19,"gold_loss":0,"cards_obtained":["RitualDagger"]},{"damage_healed":0,"gold_gain":0,"player_choice":"Read","damage_taken":0,"max_hp_gain":0,"max_hp_loss":0,"event_name":"The Library","floor":20,"gold_loss":0,"cards_obtained":["Gash"]},{"damage_healed":0,"gold_gain":0,"player_choice":"Simplicity","damage_taken":0,"max_hp_gain":0,"max_hp_loss":0,"event_name":"Back to Basics","floor":22,"gold_loss":0,"cards_upgraded":["Strike_B","Strike_B","Defend_B","Defend_B","Defend_B","Defend_B"]},{"damage_healed":0,"gold_gain":0,"player_choice":"Fight","damage_taken":0,"max_hp_gain":0,"max_hp_loss":0,"event_name":"Colosseum","floor":29,"gold_loss":0},{"damage_healed":0,"gold_gain":0,"player_choice":"Fought Nobs","damage_taken":0,"max_hp_gain":0,"max_hp_loss":0,"event_name":"Colosseum","floor":29,"gold_loss":0},{"damage_healed":0,"gold_gain":0,"player_choice":"Traded Relic","damage_taken":0,"relics_obtained":["Nloth\u0027s Gift"],"max_hp_gain":0,"max_hp_loss":0,"event_name":"N\u0027loth","floor":31,"relics_lost":["Blood Vial"],"gold_loss":0}],"is_beta":false,"boss_relics":[{"not_picked":["FrozenCore","Pandora\u0027s Box"],"picked":"Fusion Hammer"}],"items_purged_floors":[11],"is_endless":false,"potions_floor_spawned":[5,7,14,21,27,28,29],"killed_by":"Collector","ascension_level":3}