{"gold_per_floor":[110,185,185,196,2,2,35,35,109,119,119,135,160,85,85,163,163,180,230,250,266,285,285,313,10,10,10,10,42,62,79,79,151,151,170,183,183,202,202,202,202,202,202,215,229,229,19,29,29,29,29],"floor_reached":51,"playtime":1831,"items_purged":["Strike_R"],"score":1369,"play_id":"f4770b4e-cb17-4dd9-9686-239ec3584553","local_time":"20190426091617","is_ascension_mode":true,"campfire_choices":[{"data":"Bash","floor":6.0,"key":"SMITH"},{"data":"Corruption","floor":8.0,"key":"SMITH"},{"data":"Rampage","floor":11.0,"key":"SMITH"},{"data":"Shockwave","floor":15.0,"key":"SMITH"},{"data":"Double Tap","floor":23.0,"key":"SMITH"},{"data":"True Grit","floor":28.0,"key":"SMITH"},{"data":"Iron Wave","floor":32.0,"key":"SMITH"},{"data":"Pommel Strike","floor":40,"key":"SMITH"},{"data":"Uppercut","floor":46,"key":"SMITH"},{"floor":49,"key":"REST"}],"neow_cost":"NONE","seed_source_timestamp":0,"circlet_count":0,"master_deck":["AscendersBane","Bash+1","Shrug It Off","Iron Wave+1","Corruption+1","Offering","Rampage+1","Anger","Shockwave+1","Double Tap+1","True Grit+1","Shrug It Off","Shrug It Off+1","Headbutt","Shrug It Off+1","Impervious","Limit Break","Carnage","Bludgeon","Uppercut+1","Clothesline","Pommel Strike+1","Warcry+1","Madness","Madness","Shrug It Off+1","Dropkick"],"special_seed":0,"relics":["Burning Blood","NeowsBlessing","Bronze Scales","Mercury Hourglass","Paper Frog","Cursed Key","Ancient Tea Set","Lee\u0027s Waffle","The Courier","Pandora\u0027s Box","Bottled Tornado"],"potions_floor_usage":[44,48,50,50],"damage_taken":[{"damage":0.0,"enemies":"Small Slimes","floor":1.0,"turns":1.0},{"damage":0.0,"enemies":"Cultist","floor":4.0,"turns":1.0},{"damage":0.0,"enemies":"Gremlin Nob","floor":7.0,"turns":1.0},{"damage":2.0,"enemies":"Jaw Worm","floor":10.0,"turns":3.0},{"damage":7.0,"enemies":"Looter","floor":12.0,"turns":2.0},{"damage":23.0,"enemies":"3 Sentries","floor":13.0,"turns":7.0},{"damage":23.0,"enemies":"Hexaghost","floor":16.0,"turns":7.0},{"damage":6.0,"enemies":"3 Byrds","floor":18.0,"turns":3.0},{"damage":13.0,"enemies":"Shell Parasite","floor":20.0,"turns":4.0},{"damage":6.0,"enemies":"Snecko","floor":21.0,"turns":3.0},{"damage":23.0,"enemies":"Shelled Parasite and Fungi","floor":22.0,"turns":3.0},{"damage":15.0,"enemies":"Book of Stabbing","floor":24.0,"turns":4.0},{"damage":14.0,"enemies":"Gremlin Leader","floor":29.0,"turns":5.0},{"damage":6.0,"enemies":"3 Cultists","floor":30.0,"turns":4.0},{"damage":8.0,"enemies":"Cultist and Chosen","floor":31.0,"turns":5.0},{"damage":22.0,"enemies":"Collector","floor":33.0,"turns":7.0},{"damage":12.0,"enemies":"3 Shapes","floor":35.0,"turns":3.0},{"damage":9,"enemies":"3 Darklings","floor":36,"turns":4},{"damage":13,"enemies":"Writhing Mass","floor":38,"turns":5},{"damage":9,"enemies":"Spire Growth","floor":44,"turns":4},{"damage":6,"enemies":"Transient","floor":45,"turns":6},{"damage":22,"enemies":"Sphere and 2 Shapes","floor":48,"turns":4},{"damage":54,"enemies":"Donu and Deca","floor":50,"turns":6},{"damage":6,"enemies":"Awakened One","floor":51,"turns":1}],"seed_played":"-5558843927272162178","potions_obtained":[{"floor":10.0,"key":"FearPotion"},{"floor":12.0,"key":"Energy Potion"},{"floor":16.0,"key":"AttackPotion"},{"floor":21.0,"key":"Block Potion"},{"floor":22.0,"key":"FearPotion"},{"floor":31.0,"key":"FairyPotion"},{"floor":33.0,"key":"AttackPotion"},{"floor":42,"key":"EntropicBrew"},{"floor":48,"key":"Regen Potion"}],"is_trial":false,"path_per_floor":["M","?","?","M","$","R","E","R","T","M","R","M","E","?","R","B",null,"M","?","M","M","M","R","E","$","T","?","R","E","M","M","R","B",null,"M","M","?","M","?","R","$","?","T","M","M","R","$","M","R","B","B"],"character_chosen":"IRONCLAD","items_purchased":["Corruption","Offering","Lee\u0027s Waffle","Bottled Tornado"],"campfire_rested":1,"item_purchase_floors":[5,5,25,47],"current_hp_per_floor":[74,63,63,69,69,69,75,75,75,75,75,74,57,57,57,40,66,66,66,59,59,42,42,33,82,82,82,82,74,74,72,72,56,76,70,67,52,45,45,45,45,45,45,42,42,42,42,26,50,17,11],"gold":29,"neow_bonus":"THREE_ENEMY_KILL","is_prod":false,"is_daily":false,"chose_seed":false,"campfire_upgraded":9,"win_rate":0,"timestamp":1556244977,"path_taken":["M","?","?","M","$","R","E","R","T","M","R","?","E","?","R","BOSS","M","?","M","M","M","R","E","$","T","?","R","E","M","M","R","BOSS","M","M","?","M","?","R","?","?","T","M","?","R","?","M","R","BOSS","BOSS"],"build_version":"2019-01-23","purchased_purges":1,"victory":false,"max_hp_per_floor":[75,75,75,75,75,75,75,75,75,75,75,75,75,75,75,75,75,75,75,75,75,75,75,75,82,82,82,82,82,82,82,82,82,82,82,82,82,82,82,82,82,82,82,82,82,82,82,82,82,82,82],"card_choices":[{"not_picked":["Iron Wave","Cleave"],"picked":"Shrug It Off","floor":1.0},{"not_picked":["Dual Wield","Wild Strike"],"picked":"Iron Wave","floor":4.0},{"not_picked":["Power Through","Anger"],"picked":"Rampage","floor":7.0},{"not_picked":["Cleave","Perfected Strike"],"picked":"Anger","floor":10.0},{"not_picked":["Hemokinesis","Heavy Blade","Body Slam"],"picked":"SKIP","floor":12.0},{"not_picked":["True Grit","Headbutt"],"picked":"Shockwave","floor":13.0},{"not_picked":["Offering","Brutality"],"picked":"Double Tap","floor":16.0},{"not_picked":["Clothesline","Body Slam","Thunderclap"],"picked":"SKIP","floor":18.0},{"not_picked":["Body Slam","Wild Strike"],"picked":"True Grit","floor":20.0},{"not_picked":["Clash","Anger","Second Wind"],"picked":"SKIP","floor":21.0},{"not_picked":["True Grit","Cleave"],"picked":"Shrug It Off","floor":22.0},{"not_picked":["Bludgeon","Perfected Strike"],"picked":"Shrug It Off+1","floor":24.0},{"not_picked":["Armaments","Cleave","Havoc"],"picked":"SKIP","floor":29.0},{"not_picked":["Armaments","Dropkick"],"picked":"Headbutt","floor":30.0},{"not_picked":["Searing Blow","Clothesline"],"picked":"Shrug It Off+1","floor":31.0},{"not_picked":["Brutality","Bludgeon"],"picked":"Impervious","floor":33.0},{"not_picked":["Clash+1","Cleave"],"picked":"Pommel Strike","floor":35.0},{"not_picked":["Infernal Blade","Clothesline"],"picked":"Warcry+1","floor":36},{"not_picked":["Pummel","Armaments","Reckless Charge"],"picked":"SKIP","floor":38},{"not_picked":["Pummel","Disarm+1"],"picked":"Shrug It Off+1","floor":44},{"not_picked":["Whirlwind","Iron Wave+1"],"picked":"Dropkick","floor":45},{"not_picked":["Whirlwind","Reckless Charge","Cleave"],"picked":"SKIP","floor":48}],"player_experience":439612,"relics_obtained":[{"floor":7.0,"key":"Bronze Scales"},{"floor":9.0,"key":"Mercury Hourglass"},{"floor":13.0,"key":"Paper Frog"},{"floor":24.0,"key":"Ancient Tea Set"},{"floor":29.0,"key":"The Courier"}],"event_choices":[{"damage_healed":0.0,"max_hp_gain":0.0,"max_hp_loss":0.0,"gold_gain":75.0,"event_name":"World of Goop","player_choice":"Gather Gold","floor":2.0,"gold_loss":0.0,"damage_taken":11.0},{"cards_removed":["Strike_R"],"damage_healed":0.0,"max_hp_gain":0.0,"max_hp_loss":0.0,"gold_gain":0.0,"event_name":"Purifier","player_choice":"Purged","floor":3.0,"gold_loss":0.0,"damage_taken":0.0},{"cards_removed":["Strike_R"],"damage_healed":0.0,"max_hp_gain":0.0,"max_hp_loss":0.0,"gold_gain":0.0,"event_name":"The Cleric","player_choice":"Card Removal","floor":14.0,"gold_loss":75.0,"damage_taken":0.0},{"damage_healed":0.0,"max_hp_gain":0.0,"max_hp_loss":0.0,"gold_gain":50.0,"event_name":"Nest","player_choice":"Stole From Cult","floor":19.0,"gold_loss":0.0,"damage_taken":0.0},{"cards_removed":["Strike_R"],"damage_healed":0.0,"max_hp_gain":0.0,"max_hp_loss":0.0,"gold_gain":0.0,"event_name":"Back to Basics","player_choice":"Elegance","floor":27.0,"gold_loss":0.0,"damage_taken":0.0},{"damage_healed":0,"gold_gain":0,"player_choice":"Embrace Madness","damage_taken":15,"max_hp_gain":0,"max_hp_loss":0,"event_name":"Winding Halls","floor":37,"gold_loss":0,"cards_obtained":["Madness","Madness"]},{"damage_healed":0,"gold_gain":0,"player_choice":"Ignored","damage_taken":0,"max_hp_gain":0,"max_hp_loss":0,"event_name":"Tomb of Lord Red Mask","floor":39,"gold_loss":0},{"damage_healed":0,"gold_gain":0,"player_choice":"Got Potions","damage_taken":0,"max_hp_gain":0,"max_hp_loss":0,"event_name":"Lab","floor":42,"gold_loss":0}],"is_beta":false,"boss_relics":[{"not_picked":["Tiny House","Runic Pyramid"],"picked":"Cursed Key"},{"not_picked":["Black Star","White Beast Statue"],"picked":"Pandora\u0027s Box"}],"items_purged_floors":[25],"is_endless":false,"potions_floor_spawned":[10,12,16,21,22,31,33,48],"killed_by":"Awakened One","ascension_level":20}