{"gold_per_floor":[19,19,36,52,2,2,19,19,19,19,19,19,35,51,51,124,124,141,141],"floor_reached":19,"playtime":1197,"items_purged":[],"score":262,"play_id":"5bfa13e9-1e51-4d0b-a2ad-abe7f312e725","local_time":"20190516183205","is_ascension_mode":true,"campfire_choices":[{"data":"Blind","floor":6,"key":"SMITH"},{"floor":10,"key":"REST"},{"data":"Undo","floor":12,"key":"SMITH"},{"data":"Streamline","floor":15,"key":"SMITH"}],"neow_cost":"NO_GOLD","seed_source_timestamp":634027424512871,"circlet_count":0,"master_deck":["AscendersBane","Strike_B","Strike_B","Defend_B","Defend_B","Defend_B","Defend_B","Zap","Dualcast","Forethought+1","Blind+1","Undo+1","Fusion","Creative AI","Streamline+1","Sweeping Beam","Fission"],"relics":["Cracked Core","Juzu Bracelet","Philosopher\u0027s Stone"],"potions_floor_usage":[16],"damage_taken":[{"damage":0,"enemies":"Small Slimes","floor":1,"turns":3},{"damage":0,"enemies":"Cultist","floor":3,"turns":4},{"damage":9,"enemies":"2 Louse","floor":4,"turns":3},{"damage":22,"enemies":"Large Slime","floor":7,"turns":11},{"damage":4,"enemies":"3 Louse","floor":13,"turns":7},{"damage":2,"enemies":"Exordium Wildlife","floor":14,"turns":5},{"damage":48,"enemies":"Hexaghost","floor":16,"turns":13},{"damage":32,"enemies":"Spheric Guardian","floor":18,"turns":6},{"damage":29,"enemies":"Colosseum Slavers","floor":19,"turns":1}],"seed_played":"1399055361846876373","potions_obtained":[{"floor":7,"key":"FearPotion"},{"floor":16,"key":"EssenceOfSteel"}],"is_trial":false,"path_per_floor":["M","?","M","M","?","R","M","$","T","R","?","R","M","M","R","B",null,"M","?"],"character_chosen":"DEFECT","items_purchased":[],"campfire_rested":1,"item_purchase_floors":[],"current_hp_per_floor":[68,68,68,59,59,59,37,37,37,59,59,59,55,53,53,5,58,26,0],"gold":141,"neow_bonus":"RANDOM_COLORLESS_2","is_prod":false,"is_daily":false,"chose_seed":false,"campfire_upgraded":3,"win_rate":0,"timestamp":1558056725,"path_taken":["M","?","?","M","?","R","M","$","T","R","?","R","M","M","R","BOSS","M","?"],"build_version":"2019-01-23","purchased_purges":0,"victory":false,"max_hp_per_floor":[75,75,75,75,75,75,75,75,75,75,75,75,75,75,75,75,75,75,75],"card_choices":[{"not_picked":["White Noise","Sweeping Beam"],"picked":"Undo","floor":1},{"not_picked":["Turbo","Gash","Hologram"],"picked":"SKIP","floor":3},{"not_picked":["Loop","Turbo"],"picked":"Fusion","floor":4},{"not_picked":["Hologram","Cold Snap"],"picked":"Creative AI","floor":7},{"not_picked":["Cold Snap","Gash"],"picked":"Streamline","floor":13},{"not_picked":["Coolheaded","Doom and Gloom"],"picked":"Sweeping Beam","floor":14},{"not_picked":["Hyperbeam","Reboot"],"picked":"Fission","floor":16},{"not_picked":["Stack","Barrage","Leap"],"picked":"SKIP","floor":18}],"player_experience":595736,"relics_obtained":[{"floor":9,"key":"Juzu Bracelet"}],"event_choices":[{"damage_healed":0,"gold_gain":0,"player_choice":"Forge","damage_taken":0,"max_hp_gain":0,"max_hp_loss":0,"event_name":"Accursed Blacksmith","floor":2,"gold_loss":0,"cards_upgraded":["Forethought"]},{"cards_removed":["Strike_B"],"damage_healed":0,"gold_gain":0,"player_choice":"Card Removal","damage_taken":0,"max_hp_gain":0,"max_hp_loss":0,"event_name":"The Cleric","floor":5,"gold_loss":50},{"cards_removed":["Strike_B"],"damage_healed":0,"gold_gain":0,"player_choice":"Forget","damage_taken":0,"max_hp_gain":0,"max_hp_loss":0,"event_name":"Living Wall","floor":11,"gold_loss":0},{"damage_healed":0,"gold_gain":0,"player_choice":"Fight","damage_taken":0,"max_hp_gain":0,"max_hp_loss":0,"event_name":"Colosseum","floor":19,"gold_loss":0}],"is_beta":false,"boss_relics":[{"not_picked":["Eternal Feather","Lizard Tail"],"picked":"Philosopher\u0027s Stone"}],"items_purged_floors":[],"is_endless":false,"potions_floor_spawned":[7,16],"killed_by":"Colosseum Slavers","ascension_level":13}