{"gold_per_floor":[117,67,142,160,160,160,180,193,193,205,205,222,66,66,66,164,164,182,194,194,194,194],"floor_reached":22,"playtime":1770,"items_purged":["Defend_B"],"score":176,"play_id":"01f120e0-74b3-48be-89a1-f0b901c301c2","local_time":"20180714182052","is_ascension_mode":false,"campfire_choices":[{"data":"Chill","floor":6,"key":"SMITH"},{"data":"Defragment","floor":11,"key":"SMITH"},{"data":"Hologram","floor":15,"key":"SMITH"}],"neow_cost":"NONE","seed_source_timestamp":163494745894392,"circlet_count":0,"master_deck":["Strike_B","Strike_B","Strike_B","Defend_B","Defend_B","Defend_B","Zap","Dualcast","Biased Cognition","Self Repair","Chill+1","Go for the Eyes","Defragment+1","Blizzard","Leap","Hologram+1","Coolheaded","Reboot","Fusion"],"relics":["Cracked Core","Blood Vial","Coffee Dripper"],"potions_floor_usage":[18,22],"damage_taken":[{"damage":12,"enemies":"2 Louse","floor":1,"turns":3},{"damage":15,"enemies":"Small Slimes","floor":4,"turns":3},{"damage":0,"enemies":"Cultist","floor":7,"turns":3},{"damage":1,"enemies":"Looter","floor":8,"turns":3},{"damage":1,"enemies":"Blue Slaver","floor":10,"turns":3},{"damage":0,"enemies":"2 Fungi Beasts","floor":12,"turns":3},{"damage":36,"enemies":"The Guardian","floor":16,"turns":15},{"damage":1,"enemies":"Shell Parasite","floor":18,"turns":8},{"damage":19,"enemies":"Chosen","floor":19,"turns":6},{"damage":12,"enemies":"Centurion and Healer","floor":22,"turns":10}],"seed_played":"8845425627906231102","potions_obtained":[{"floor":10,"key":"Fire Potion"},{"floor":12,"key":"Block Potion"},{"floor":16,"key":"Poison Potion"}],"is_trial":false,"path_per_floor":["M","?","?","M","?","R","M","M","T","M","R","M","$","?","R","B",null,"M","M","?","?"],"character_chosen":"DEFECT","items_purchased":["Hologram","Coolheaded"],"campfire_rested":0,"item_purchase_floors":[13,13],"current_hp_per_floor":[63,63,52,44,49,49,56,62,62,70,70,79,79,79,79,44,80,80,68,68,68,58],"gold":194,"neow_bonus":"ONE_RANDOM_RARE_CARD","is_prod":false,"is_daily":false,"chose_seed":false,"campfire_upgraded":3,"win_rate":0.0,"timestamp":1531560052,"path_taken":["M","?","?","?","?","R","M","M","T","M","R","M","$","?","R","BOSS","M","M","?","?","M"],"build_version":"2018-07-12","purchased_purges":1,"victory":false,"max_hp_per_floor":[75,75,75,75,80,80,80,80,80,80,80,80,80,80,80,80,80,80,80,80,80,80],"card_choices":[{"not_picked":["Barrage","Gash"],"picked":"Self Repair","floor":1},{"not_picked":["Aggregate","Beam Cell"],"picked":"Chill","floor":4},{"not_picked":["Lockon","Conserve Battery"],"picked":"Go for the Eyes","floor":7},{"not_picked":["Coolheaded","Force Field"],"picked":"Defragment","floor":8},{"not_picked":["Lockon","Go for the Eyes"],"picked":"Blizzard","floor":10},{"not_picked":["Ball Lightning","Rip and Tear"],"picked":"Leap","floor":12},{"not_picked":["Fission","Echo Form"],"picked":"Reboot","floor":16},{"not_picked":["Darkness","Rebound","Static Discharge+1"],"picked":"SKIP","floor":18},{"not_picked":["Go for the Eyes","Force Field+1","Beam Cell"],"picked":"SKIP","floor":19}],"player_experience":155716,"relics_obtained":[{"floor":9,"key":"Blood Vial"}],"event_choices":[{"event_name":"The Cleric","player_choice":"Card Removal","floor":2,"damage_taken":0},{"event_name":"World of Goop","player_choice":"Gather Gold","floor":3,"damage_taken":0},{"event_name":"Big Fish","player_choice":"Donut","floor":5,"damage_taken":0},{"event_name":"Liars Game","player_choice":"disagreed","floor":14,"damage_taken":0},{"event_name":"The Library","player_choice":"Read","floor":20,"damage_taken":0},{"event_name":"Vampires","player_choice":"Ignored","floor":21,"damage_taken":0}],"boss_relics":[{"not_picked":["Empty Cage","Ectoplasm"],"picked":"Coffee Dripper"}],"items_purged_floors":[13],"is_endless":false,"potions_floor_spawned":[10,12,16],"killed_by":"Centurion and Healer","ascension_level":0}