{"gold_per_floor":[116,116,134,59,71,97,97,114,114,114,126,145,155,180,180,284,284,302,302,63,63,63,63,79,91,91,110,123,136,152,152,152,247,247,259,259,259,272,272,305,305,352,406,420,430,465,465,465,465,465],"floor_reached":51,"playtime":1875,"items_purged":["Defend_R"],"score":771,"play_id":"ae5aacb8-5cc8-4fa4-ace4-6296204f1abb","local_time":"20190402225029","is_ascension_mode":false,"campfire_choices":[{"data":"Power Through","floor":7,"key":"SMITH"},{"data":"Whirlwind","floor":10,"key":"SMITH"},{"data":"Strike_R","floor":15,"key":"PURGE"},{"data":"Strike_R","floor":23,"key":"PURGE"},{"data":"Fiend Fire","floor":32,"key":"SMITH"},{"data":"Madness","floor":41,"key":"SMITH"},{"data":"Demon Form","floor":49,"key":"SMITH"}],"neow_cost":"NONE","seed_source_timestamp":1041262362634357,"circlet_count":0,"master_deck":["Strike_R","Strike_R","Bash","Demon Form+1","Hemokinesis","Battle Trance","Whirlwind+1","Power Through+1","Evolve","Rampage","Fiend Fire+1","Battle Trance","Battle Trance","Entrench+1","Power Through+1","Fiend Fire","Carnage+1","Warcry+1","Exhume+1","Madness+1","Madness","Sever Soul+1"],"relics":["Burning Blood","Mercury Hourglass","Peace Pipe","FossilizedHelix","Sozu","PreservedInsect","Sundial","Bottled Tornado","Astrolabe","Art of War","StoneCalendar","Orichalcum","Gambling Chip"],"potions_floor_usage":[6,14,14,16,50],"damage_taken":[{"damage":2,"enemies":"2 Louse","floor":1,"turns":3},{"damage":12,"enemies":"Cultist","floor":3,"turns":3},{"damage":14,"enemies":"Jaw Worm","floor":5,"turns":4},{"damage":36,"enemies":"3 Sentries","floor":6,"turns":4},{"damage":13,"enemies":"Exordium Wildlife","floor":8,"turns":4},{"damage":0,"enemies":"3 Louse","floor":11,"turns":1},{"damage":20,"enemies":"Looter","floor":12,"turns":3},{"damage":8,"enemies":"Red Slaver","floor":13,"turns":4},{"damage":0,"enemies":"Lagavulin","floor":14,"turns":4},{"damage":19,"enemies":"Slime Boss","floor":16,"turns":8},{"damage":10,"enemies":"2 Thieves","floor":18,"turns":3},{"damage":0,"enemies":"Spheric Guardian","floor":24,"turns":3},{"damage":6,"enemies":"3 Cultists","floor":25,"turns":3},{"damage":5,"enemies":"Cultist and Chosen","floor":27,"turns":4},{"damage":0,"enemies":"Centurion and Healer","floor":28,"turns":5},{"damage":9,"enemies":"3 Cultists","floor":29,"turns":4},{"damage":14,"enemies":"Snake Plant","floor":30,"turns":3},{"damage":26,"enemies":"Automaton","floor":33,"turns":9},{"damage":0,"enemies":"3 Shapes","floor":35,"turns":4},{"damage":16,"enemies":"Orb Walker","floor":38,"turns":3},{"damage":5,"enemies":"Reptomancer","floor":40,"turns":5},{"damage":23,"enemies":"2 Orb Walkers","floor":42,"turns":4},{"damage":0,"enemies":"Maw","floor":44,"turns":7},{"damage":9,"enemies":"Writhing Mass","floor":45,"turns":5},{"damage":0,"enemies":"Giant Head","floor":46,"turns":7},{"damage":50,"enemies":"Awakened One","floor":50,"turns":10}],"seed_played":"917786503377023412","potions_obtained":[{"floor":1,"key":"BloodPotion"},{"floor":3,"key":"BloodPotion"},{"floor":5,"key":"AttackPotion"},{"floor":11,"key":"Swift Potion"},{"floor":14,"key":"Strength Potion"}],"is_trial":false,"path_per_floor":["M","?","M","$","M","E","R","M","T","R","M","M","M","E","R","B",null,"M","?","$","?","?","R","M","M","T","M","M","M","M","$","R","B",null,"M","$","?","M","?","E","R","?","T","M","M","E","$","?","R","B",null],"character_chosen":"IRONCLAD","items_purchased":["Sundial"],"campfire_rested":0,"item_purchase_floors":[20],"current_hp_per_floor":[80,80,74,74,66,44,44,37,37,37,43,29,27,41,41,28,80,76,76,76,61,61,61,67,67,67,68,74,71,63,63,63,43,85,85,85,74,64,64,65,65,48,48,54,51,57,57,57,57,13],"gold":465,"neow_bonus":"ONE_RANDOM_RARE_CARD","is_prod":false,"is_daily":false,"chose_seed":false,"campfire_upgraded":5,"win_rate":0,"timestamp":1554213029,"path_taken":["M","?","M","$","M","E","R","M","T","R","?","M","M","E","R","BOSS","M","?","$","?","?","R","M","M","T","M","M","M","M","?","R","BOSS","M","$","?","M","?","E","R","?","T","M","M","E","$","?","R","BOSS"],"build_version":"2019-01-23","purchased_purges":1,"victory":true,"max_hp_per_floor":[80,80,80,80,80,80,80,80,80,80,80,80,80,80,80,80,80,80,80,80,85,85,85,85,85,85,85,85,85,85,85,85,85,85,85,85,85,85,85,85,85,85,85,85,85,85,85,85,85,85],"card_choices":[{"not_picked":["Ghostly Armor","Corruption"],"picked":"Hemokinesis","floor":1},{"not_picked":["True Grit","Pommel Strike"],"picked":"Battle Trance","floor":3},{"not_picked":["Body Slam","Hemokinesis"],"picked":"Whirlwind","floor":5},{"not_picked":["Warcry","Hemokinesis"],"picked":"Power Through","floor":6},{"not_picked":["Thunderclap","Havoc","Feel No Pain"],"picked":"SKIP","floor":8},{"not_picked":["Body Slam","Havoc","Berserk"],"picked":"SKIP","floor":11},{"not_picked":["Seeing Red","Shrug It Off"],"picked":"Evolve","floor":12},{"not_picked":["Shockwave","Thunderclap","Rampage"],"picked":"SKIP","floor":13},{"not_picked":["Pommel Strike","Fire Breathing"],"picked":"Rampage","floor":14},{"not_picked":["Juggernaut","Feed"],"picked":"Fiend Fire","floor":16},{"not_picked":["Clash","Evolve"],"picked":"Battle Trance","floor":18},{"not_picked":["Feel No Pain","Shrug It Off","Warcry"],"picked":"SKIP","floor":24},{"not_picked":["Rupture","Sentinel+1"],"picked":"Entrench+1","floor":25},{"not_picked":["Anger","Wild Strike","Twin Strike+1"],"picked":"SKIP","floor":27},{"not_picked":["Battle Trance","Havoc","Headbutt"],"picked":"SKIP","floor":28},{"not_picked":["Shrug It Off+1","Warcry+1"],"picked":"Power Through+1","floor":29},{"not_picked":["Clothesline","Warcry","Dropkick"],"picked":"SKIP","floor":30},{"not_picked":["Bludgeon","Reaper"],"picked":"Fiend Fire","floor":33},{"not_picked":["Flex","Hemokinesis+1","Warcry+1"],"picked":"SKIP","floor":35},{"not_picked":["Thunderclap","Havoc","True Grit"],"picked":"SKIP","floor":38},{"not_picked":["Berserk","Havoc+1","Inflame+1"],"picked":"SKIP","floor":40},{"not_picked":["Iron Wave","Anger+1"],"picked":"Sever Soul+1","floor":42},{"not_picked":["Armaments+1","Cleave","Shrug It Off"],"picked":"SKIP","floor":44},{"not_picked":["Havoc+1","Twin Strike","Iron Wave+1"],"picked":"SKIP","floor":45},{"not_picked":["Armaments","Feed","Corruption"],"picked":"SKIP","floor":46}],"player_experience":381000,"relics_obtained":[{"floor":6,"key":"Mercury Hourglass"},{"floor":9,"key":"Peace Pipe"},{"floor":14,"key":"FossilizedHelix"},{"floor":26,"key":"Bottled Tornado"},{"floor":40,"key":"Art of War"},{"floor":42,"key":"StoneCalendar"},{"floor":43,"key":"Orichalcum"},{"floor":46,"key":"Gambling Chip"}],"event_choices":[{"damage_healed":0,"gold_gain":0,"player_choice":"Bought 0 Potions","damage_taken":0,"max_hp_gain":0,"max_hp_loss":0,"event_name":"The Woman in Blue","floor":2,"gold_loss":0},{"damage_healed":0,"gold_gain":0,"player_choice":"Opened","damage_taken":0,"relics_obtained":["PreservedInsect"],"max_hp_gain":0,"max_hp_loss":0,"event_name":"The Mausoleum","floor":19,"gold_loss":0},{"damage_healed":0,"gold_gain":0,"player_choice":"Shed Blood","damage_taken":20,"max_hp_gain":5,"max_hp_loss":0,"event_name":"Forgotten Altar","floor":21,"gold_loss":0},{"damage_healed":0,"gold_gain":0,"player_choice":"Read","damage_taken":0,"max_hp_gain":0,"max_hp_loss":0,"event_name":"The Library","floor":22,"gold_loss":0,"cards_obtained":["Battle Trance"]},{"damage_healed":0,"gold_gain":0,"player_choice":"Embrace Madness","damage_taken":11,"max_hp_gain":0,"max_hp_loss":0,"event_name":"Winding Halls","floor":37,"gold_loss":0,"cards_obtained":["Madness","Madness"]},{"damage_healed":0,"gold_gain":0,"player_choice":"Ignored","damage_taken":0,"max_hp_gain":0,"max_hp_loss":0,"event_name":"Tomb of Lord Red Mask","floor":39,"gold_loss":0},{"damage_healed":0,"gold_gain":0,"player_choice":"Fight","damage_taken":0,"max_hp_gain":0,"max_hp_loss":0,"event_name":"Mysterious Sphere","floor":42,"gold_loss":0},{"cards_removed":["Strike_R"],"damage_healed":0,"gold_gain":0,"player_choice":"Purged","damage_taken":0,"max_hp_gain":0,"max_hp_loss":0,"event_name":"Purifier","floor":48,"gold_loss":0}],"is_beta":false,"boss_relics":[{"not_picked":["Empty Cage","Black Star"],"picked":"Sozu"},{"not_picked":["Lizard Tail","Runic Dome"],"picked":"Astrolabe"}],"items_purged_floors":[4],"is_endless":false,"potions_floor_spawned":[1,3,5,11,13,14,18,24,29,33,35,45],"ascension_level":0}