{"gold_per_floor":[116,128,88,99,99,126,126,126,126,143,156,174,24,24,24,127,127,138,138,155,37,37,63,63,3,49,10,22,22,36,53,53,157,157,172,183,183,183,183,183,183,203,227,241,0,0,47,47,47],"floor_reached":50,"playtime":3006,"items_purged":["Regret"],"score":885,"play_id":"3f9df2a4-7c6f-4990-9470-c6df41c01937","local_time":"20180630170506","is_ascension_mode":false,"campfire_choices":[{"floor":15,"key":"REST"},{"floor":24,"key":"REST"},{"floor":32,"key":"REST"},{"data":"Footwork","floor":40,"key":"SMITH"},{"data":"Neutralize","floor":46,"key":"SMITH"}],"neow_cost":"","seed_source_timestamp":168868547820866,"circlet_count":0,"master_deck":["Defend_G+1","Defend_G+1","Defend_G+1","Defend_G+1","Defend_G+1","Strike_G+1","Strike_G+1","Strike_G+1","Strike_G+1","Survivor","Neutralize+1","Footwork+1","Glass Knife+1","Cloak And Dagger","Sucker Punch","Deflect","Infinite Blades","Glass Knife","Doubt","Parasite","Footwork+1","Malaise","Infinite Blades+1","Die Die Die","Infinite Blades+1","Backflip","Flying Knee","Backflip","Flying Knee+1","Venomology","Backflip+1"],"relics":["Ring of the Snake","The Courier","Paper Crane","Centennial Puzzle","Juzu Bracelet","Singing Bowl","Calling Bell","Anchor","Frozen Egg 2","Bird Faced Urn","Boot","Omamori","Busted Crown","Thread and Needle","Bronze Scales","Red Mask","The Specimen"],"potions_floor_usage":[4,6,11,16,20,23,23,28,33,38,44,47,49,49,49],"damage_taken":[{"damage":7,"enemies":"Small Slimes","floor":1,"turns":4},{"damage":0,"enemies":"Cultist","floor":2,"turns":3},{"damage":6,"enemies":"2 Louse","floor":4,"turns":2},{"damage":21,"enemies":"Gremlin Nob","floor":6,"turns":5},{"damage":0,"enemies":"Looter","floor":10,"turns":2},{"damage":3,"enemies":"Large Slime","floor":11,"turns":6},{"damage":0,"enemies":"Blue Slaver","floor":12,"turns":3},{"damage":14,"enemies":"Slime Boss","floor":16,"turns":12},{"damage":21,"enemies":"3 Byrds","floor":18,"turns":6},{"damage":10,"enemies":"2 Thieves","floor":20,"turns":3},{"damage":20,"enemies":"Gremlin Leader","floor":23,"turns":11},{"damage":2,"enemies":"Centurion and Healer","floor":28,"turns":4},{"damage":7,"enemies":"Snecko","floor":30,"turns":7},{"damage":27,"enemies":"Chosen and Byrds","floor":31,"turns":6},{"damage":27,"enemies":"Automaton","floor":33,"turns":14},{"damage":19,"enemies":"3 Shapes","floor":35,"turns":6},{"damage":10,"enemies":"Orb Walker","floor":36,"turns":4},{"damage":9,"floor":38,"turns":10},{"damage":1,"enemies":"3 Darklings","floor":42,"turns":6},{"damage":7,"enemies":"4 Shapes","floor":44,"turns":7},{"damage":6,"floor":47,"turns":5},{"damage":19,"enemies":"Awakened One","floor":49,"turns":20}],"seed_played":"3717319312927612639","potions_obtained":[{"floor":3,"key":"Fruit Juice"},{"floor":3,"key":"EssenceOfSteel"},{"floor":3,"key":"PowerPotion"},{"floor":4,"key":"SkillPotion"},{"floor":6,"key":"GhostInAJar"},{"floor":12,"key":"FearPotion"},{"floor":16,"key":"Fire Potion"},{"floor":23,"key":"GhostInAJar"},{"floor":30,"key":"Dexterity Potion"},{"floor":36,"key":"Swift Potion"},{"floor":42,"key":"Fire Potion"},{"floor":47,"key":"LiquidBronze"}],"is_trial":false,"path_per_floor":["M","M","?","M","?","E","?","?","T","M","M","M","$","?","R","B",null,"M","?","M","$","?","E","R","$","T","$","M","?","M","M","R","B",null,"M","M","?","?","?","R","?","M","T","M","?","R","?","?","B"],"character_chosen":"THE_SILENT","items_purchased":["Juzu Bracelet","Infinite Blades","Infinite Blades+1","Infinite Blades+1","Backflip"],"campfire_rested":3,"item_purchase_floors":[13,13,21,25,27],"current_hp_per_floor":[63,63,63,62,55,34,34,22,22,22,19,19,19,19,41,27,75,56,56,46,46,46,34,56,56,56,56,60,60,61,42,64,47,75,62,62,64,67,67,67,83,85,85,82,82,82,83,83,72],"gold":47,"neow_bonus":"","is_prod":false,"is_daily":false,"chose_seed":false,"campfire_upgraded":2,"win_rate":0,"timestamp":1530371106,"path_taken":["M","M","?","M","?","E","?","?","T","M","?","M","$","?","R","BOSS","M","?","M","$","?","E","R","?","T","$","M","?","M","M","R","BOSS","M","M","?","?","?","R","?","M","T","M","?","R","?","?","BOSS"],"build_version":"2018-06-28","purchased_purges":1,"victory":true,"max_hp_per_floor":[70,70,70,75,75,75,75,75,75,75,75,75,75,75,75,75,75,75,75,75,75,75,75,75,75,75,75,75,75,75,75,75,75,75,77,79,81,83,83,83,83,85,85,87,87,87,87,87,87],"card_choices":[{"not_picked":["Dagger Throw","Poisoned Stab"],"picked":"Dagger Spray","floor":1},{"not_picked":["Poisoned Stab","Heel Hook"],"picked":"Footwork","floor":2},{"not_picked":["Acrobatics","Outmaneuver"],"picked":"Glass Knife","floor":4},{"not_picked":["Bane","Quick Slash"],"picked":"Cloak And Dagger","floor":6},{"not_picked":["Deadly Poison","Storm of Steel"],"picked":"Sucker Punch","floor":10},{"not_picked":["Dagger Throw","PiercingWail"],"picked":"Deflect","floor":11},{"not_picked":["Outmaneuver","Underhanded Strike","Deadly Poison"],"picked":"SKIP","floor":12},{"not_picked":["Tactician","Wraith Form v2"],"picked":"Glass Knife","floor":16},{"not_picked":["Crippling Poison","Acrobatics"],"picked":"Footwork+1","floor":18},{"not_picked":["Slice","Dash"],"picked":"Malaise","floor":20},{"not_picked":["Dagger Throw","PiercingWail"],"picked":"Die Die Die","floor":23},{"not_picked":["Underhanded Strike+1","Outmaneuver"],"picked":"Flying Knee","floor":28},{"not_picked":["Poisoned Stab","Sucker Punch"],"picked":"Backflip","floor":30},{"not_picked":["Acrobatics","Outmaneuver+1"],"picked":"Flying Knee+1","floor":31},{"not_picked":["Tactician","Unload"],"picked":"Venomology","floor":33},{"not_picked":["Dagger Throw"],"picked":"Singing Bowl","floor":35},{"not_picked":["Acrobatics+1"],"picked":"Singing Bowl","floor":36},{"not_picked":["Dramatic Entrance"],"picked":"Singing Bowl","floor":37},{"not_picked":["Crippling Poison"],"picked":"Singing Bowl","floor":38},{"not_picked":["Underhanded Strike"],"picked":"Singing Bowl","floor":42},{"not_picked":["Heel Hook"],"picked":"Singing Bowl","floor":44},{"not_picked":[],"picked":"Backflip+1","floor":47}],"player_experience":57703,"relics_obtained":[{"floor":6,"key":"The Courier"},{"floor":9,"key":"Centennial Puzzle"},{"floor":17,"key":"Anchor"},{"floor":17,"key":"Frozen Egg 2"},{"floor":17,"key":"Bird Faced Urn"},{"floor":23,"key":"Boot"},{"floor":26,"key":"Omamori"},{"floor":38,"key":"Thread and Needle"},{"floor":43,"key":"Bronze Scales"},{"floor":47,"key":"The Specimen"}],"event_choices":[{"event_name":"The Woman in Blue","player_choice":"Bought 3 Potions","floor":3,"damage_taken":0},{"event_name":"Golden Wing","player_choice":"Card Removal","floor":5,"damage_taken":0},{"event_name":"Living Wall","player_choice":"Grow","floor":7,"damage_taken":0},{"event_name":"Scrap Ooze","player_choice":"success","floor":8,"damage_taken":12},{"event_name":"Wheel of Change","player_choice":"Relic","floor":14,"damage_taken":0},{"event_name":"Back to Basics","player_choice":"Simplicity","floor":19,"damage_taken":0},{"event_name":"Cursed Tome","player_choice":"Ignored","floor":22,"damage_taken":0},{"event_name":"Addict","player_choice":"Ignored","floor":29,"damage_taken":0},{"event_name":"SensoryStone","player_choice":"Memory 1","floor":37,"damage_taken":0},{"event_name":"MindBloom","player_choice":"Fight","floor":38,"damage_taken":0},{"event_name":"Falling","player_choice":"Removed Attack","floor":39,"damage_taken":0},{"event_name":"Winding Halls","player_choice":"Writhe","floor":41,"damage_taken":0},{"event_name":"Tomb of Lord Red Mask","player_choice":"Paid","floor":45,"damage_taken":0},{"event_name":"Mysterious Sphere","player_choice":"Fight","floor":47,"damage_taken":0},{"event_name":"SecretPortal","player_choice":"Took Portal.","floor":48,"damage_taken":0}],"boss_relics":[{"not_picked":["Philosopher\u0027s Stone","Fusion Hammer"],"picked":"Calling Bell"},{"not_picked":["Eternal Feather","Runic Pyramid"],"picked":"Busted Crown"}],"items_purged_floors":[21],"is_endless":false,"potions_floor_spawned":[4,6,12,16,23,30,36,42,47],"ascension_level":0}