{"gold_per_floor":[117,117,136,136,146,146,181,181,205,224,243,263,279,279,279,383,383,401,401],"floor_reached":19,"playtime":784,"items_purged":[],"score":171,"play_id":"7ab5ccc6-b287-47d7-9926-c99baa3a9eed","local_time":"20180629105128","daily_mods":["Diverse"],"is_ascension_mode":false,"campfire_choices":[{"data":"Static Discharge","floor":6,"key":"SMITH"},{"data":"Sweeping Beam","floor":8,"key":"SMITH"},{"floor":15,"key":"REST"}],"neow_cost":"","seed_source_timestamp":0,"circlet_count":0,"master_deck":["Strike_R","Strike_R+1","Strike_R","Strike_R+1","Strike_R","Defend_R+1","Defend_R","Defend_R","Defend_R+1","Bash","Steam","Static Discharge+1","Flechettes","Berserk","Sweeping Beam+1","Melter","Cleave","Machine Learning"],"relics":["Burning Blood","Singing Bowl","War Paint","Eternal Feather"],"potions_floor_usage":[7,7,7,13,16,16],"damage_taken":[{"damage":16,"enemies":"Jaw Worm","floor":1,"turns":4},{"damage":1,"enemies":"Cultist","floor":3,"turns":3},{"damage":7,"enemies":"Small Slimes","floor":5,"turns":3},{"damage":34,"enemies":"Lagavulin","floor":7,"turns":6},{"damage":23,"enemies":"Exordium Wildlife","floor":10,"turns":4},{"damage":4,"enemies":"Red Slaver","floor":11,"turns":4},{"damage":13,"enemies":"Blue Slaver","floor":12,"turns":4},{"damage":12,"enemies":"Exordium Thugs","floor":13,"turns":3},{"damage":39,"enemies":"The Guardian","floor":16,"turns":9},{"damage":40,"enemies":"Chosen","floor":18,"turns":6},{"damage":0,"enemies":"2 Thieves","floor":19,"turns":1}],"seed_played":"-5492780262932811119","potions_obtained":[{"floor":2,"key":"PowerPotion"},{"floor":2,"key":"BloodPotion"},{"floor":2,"key":"AttackPotion"},{"floor":7,"key":"SkillPotion"},{"floor":10,"key":"Swift Potion"},{"floor":13,"key":"Swift Potion"},{"floor":18,"key":"Swift Potion"}],"is_trial":true,"path_per_floor":["M","?","M","?","M","R","E","R","T","M","M","M","M","?","R","B",null,"M"],"character_chosen":"IRONCLAD","items_purchased":[],"campfire_rested":1,"item_purchase_floors":[],"current_hp_per_floor":[70,70,75,75,74,74,63,63,63,48,50,43,39,22,47,14,86,54,54],"gold":401,"neow_bonus":"","is_prod":false,"is_daily":false,"chose_seed":false,"campfire_upgraded":2,"win_rate":0,"timestamp":1530262288,"path_taken":["M","?","M","?","M","R","E","R","T","M","M","?","M","?","R","BOSS","M","M"],"build_version":"2018-06-28","purchased_purges":0,"victory":false,"max_hp_per_floor":[80,80,80,80,80,80,82,82,82,84,84,84,86,86,86,86,86,88,88],"card_choices":[{"not_picked":["Rampage","Feel No Pain"],"picked":"Steam","floor":1},{"not_picked":["Reflex","Acrobatics"],"picked":"Static Discharge","floor":3},{"not_picked":["Chaos","Rip and Tear"],"picked":"Sweeping Beam","floor":5},{"not_picked":["True Grit","Hologram","Setup"],"picked":"Singing Bowl","floor":7},{"not_picked":["Quick Slash","Dagger Throw","Carnage"],"picked":"Singing Bowl","floor":10},{"not_picked":["Sucker Punch","Backstab"],"picked":"Melter","floor":11},{"not_picked":["Seeing Red","Bane"],"picked":"Cleave","floor":12},{"not_picked":["Heel Hook","Slice","A Thousand Cuts"],"picked":"Singing Bowl","floor":13},{"not_picked":["Barricade","Reboot"],"picked":"Machine Learning","floor":16},{"not_picked":["Redo","Coolheaded+1","Havoc"],"picked":"Singing Bowl","floor":18}],"player_experience":56919,"relics_obtained":[{"floor":7,"key":"Singing Bowl"},{"floor":9,"key":"War Paint"}],"event_choices":[{"event_name":"The Lab","player_choice":"Got Potions","floor":2,"damage_taken":0},{"event_name":"Match and Keep!","player_choice":"2 cards matched","floor":4,"damage_taken":0},{"event_name":"Shining Light","player_choice":"Entered Light","floor":14,"damage_taken":0}],"boss_relics":[{"not_picked":["Velvet Choker","Busted Crown"],"picked":"Eternal Feather"}],"items_purged_floors":[],"is_endless":false,"potions_floor_spawned":[3,7,10,13,18],"killed_by":"2 Thieves","ascension_level":2}