{"gold_per_floor":[118,118,118,7,23,23,51,51,101,134,144,30,30,42,42,42],"floor_reached":16,"playtime":264,"items_purged":["Strike_B"],"score":259,"play_id":"01cdcbe3-901b-447c-9506-f5046677eea7","local_time":"20190601183857","is_ascension_mode":true,"campfire_choices":[{"data":"Defragment","floor":6,"key":"SMITH"},{"data":"Zap","floor":8,"key":"SMITH"},{"data":"Loop","floor":13,"key":"SMITH"},{"data":"Hologram","floor":15,"key":"SMITH"}],"neow_cost":"NONE","seed_source_timestamp":184876034391031,"circlet_count":0,"master_deck":["AscendersBane","Strike_B","Strike_B","Defend_B","Defend_B","Defend_B","Defend_B","Zap+1","Dualcast","Sweeping Beam","Defragment+1","Ball Lightning","Hologram+1","Leap","Loop+1","Barrage"],"relics":["Cracked Core","NeowsBlessing","WingedGreaves","Ancient Tea Set","Art of War"],"potions_floor_usage":[],"damage_taken":[{"damage":0,"enemies":"Small Slimes","floor":1,"turns":1},{"damage":0,"enemies":"Jaw Worm","floor":5,"turns":1},{"damage":0,"enemies":"Lagavulin","floor":7,"turns":1},{"damage":19,"enemies":"3 Sentries","floor":10,"turns":6},{"damage":0,"enemies":"Cultist","floor":11,"turns":3},{"damage":11,"enemies":"Exordium Thugs","floor":14,"turns":4},{"damage":38,"enemies":"Slime Boss","floor":16,"turns":3}],"seed_played":"-4245605612747094847","potions_obtained":[{"floor":11,"key":"Poison Potion"}],"is_trial":false,"path_per_floor":["M","?","?","$","M","R","E","R","T","E","M","$","R","M","R","B"],"character_chosen":"DEFECT","items_purchased":["Defragment","Ball Lightning","Loop"],"campfire_rested":0,"item_purchase_floors":[4,4,12],"current_hp_per_floor":[64,64,54,54,54,54,54,54,54,35,35,35,35,24,24,0],"gold":42,"neow_bonus":"THREE_ENEMY_KILL","is_prod":false,"is_daily":false,"chose_seed":false,"campfire_upgraded":4,"win_rate":0,"timestamp":1559389137,"path_taken":["M","?","?","$","?","R","E","R","T","E","M","?","R","M","R","BOSS"],"build_version":"2019-01-23","purchased_purges":1,"victory":false,"max_hp_per_floor":[71,71,71,71,71,71,71,71,71,71,71,71,71,71,71,71],"card_choices":[{"not_picked":["Beam Cell","Darkness"],"picked":"Sweeping Beam","floor":1},{"not_picked":["Sweeping Beam","Streamline"],"picked":"Hologram","floor":5},{"not_picked":["Static Discharge","Hello World"],"picked":"Leap","floor":7},{"not_picked":["Gash","Recycle","Reprogram"],"picked":"SKIP","floor":10},{"not_picked":["Streamline","Double Energy","Scrape"],"picked":"SKIP","floor":11},{"not_picked":["Double Energy","Sweeping Beam"],"picked":"Barrage","floor":14}],"player_experience":521892,"relics_obtained":[{"floor":7,"key":"WingedGreaves"},{"floor":9,"key":"Ancient Tea Set"},{"floor":10,"key":"Art of War"}],"event_choices":[{"cards_removed":["Strike_B"],"damage_healed":0,"gold_gain":0,"player_choice":"Forget","damage_taken":0,"max_hp_gain":0,"max_hp_loss":0,"event_name":"Living Wall","floor":2,"gold_loss":0},{"damage_healed":0,"gold_gain":0,"player_choice":"Damaged","damage_taken":10,"max_hp_gain":0,"max_hp_loss":0,"event_name":"Wheel of Change","floor":3,"gold_loss":0}],"is_beta":false,"boss_relics":[],"items_purged_floors":[12],"is_endless":false,"potions_floor_spawned":[11],"killed_by":"Slime Boss","ascension_level":19}