{"gold_per_floor":[119,135,82,93,93,93,124,124,178,207,207,207],"floor_reached":12,"playtime":382,"items_purged":[],"score":159,"play_id":"8ed8a065-727d-41f3-9c71-b994bc6d0ccd","local_time":"20190605221329","is_ascension_mode":true,"campfire_choices":[{"data":"Dagger Spray","floor":6,"key":"SMITH"},{"floor":8,"key":"REST"}],"neow_cost":"NONE","seed_source_timestamp":345400597262771,"circlet_count":0,"master_deck":["AscendersBane","Defend_G","Defend_G","Defend_G","Defend_G","Strike_G","Strike_G","Strike_G","Strike_G","Survivor","Neutralize","Masterful Stab","Poisoned Stab","Dagger Spray+1","PiercingWail","Backflip","Corpse Explosion"],"relics":["Ring of the Snake","Potion Belt","Tiny Chest","Lantern"],"potions_floor_usage":[7,10,12],"damage_taken":[{"damage":0,"enemies":"Small Slimes","floor":1,"turns":4},{"damage":0,"enemies":"2 Louse","floor":2,"turns":3},{"damage":4,"enemies":"Jaw Worm","floor":4,"turns":2},{"damage":33,"enemies":"Lagavulin","floor":7,"turns":6},{"damage":20,"enemies":"Gremlin Nob","floor":10,"turns":4},{"damage":52,"enemies":"Lagavulin","floor":12,"turns":7}],"seed_played":"7403502887219941762","potions_obtained":[{"floor":2,"key":"Block Potion"},{"floor":7,"key":"Regen Potion"},{"floor":10,"key":"Fire Potion"}],"is_trial":false,"path_per_floor":["M","M","$","M","?","R","E","R","T","E","?","E"],"character_chosen":"THE_SILENT","items_purchased":["PiercingWail"],"campfire_rested":1,"item_purchase_floors":[3],"current_hp_per_floor":[59,59,59,55,55,55,22,41,41,35,35,0],"gold":207,"neow_bonus":"TRANSFORM_CARD","is_prod":false,"is_daily":false,"chose_seed":false,"campfire_upgraded":1,"win_rate":0,"timestamp":1559744009,"path_taken":["M","M","$","M","?","R","E","R","T","E","?","E"],"build_version":"2019-01-23","purchased_purges":0,"victory":false,"max_hp_per_floor":[66,66,66,66,66,66,66,66,66,66,66,66],"card_choices":[{"not_picked":["Blade Dance","Underhanded Strike"],"picked":"Poisoned Stab","floor":1},{"not_picked":["Poisoned Stab","Calculated Gamble"],"picked":"Dagger Spray","floor":2},{"not_picked":["Deflect","Predator"],"picked":"Backflip","floor":4},{"not_picked":["Blade Dance","PiercingWail"],"picked":"Corpse Explosion","floor":7},{"not_picked":["Acrobatics","Prepared","Expertise"],"picked":"SKIP","floor":10}],"player_experience":632006,"relics_obtained":[{"floor":7,"key":"Potion Belt"},{"floor":9,"key":"Tiny Chest"},{"floor":10,"key":"Lantern"}],"event_choices":[{"cards_removed":["Defend_G"],"damage_healed":0,"gold_gain":0,"player_choice":"Forget","damage_taken":0,"max_hp_gain":0,"max_hp_loss":0,"event_name":"Living Wall","floor":5,"gold_loss":0},{"damage_healed":0,"gold_gain":0,"player_choice":"Ignored","damage_taken":0,"max_hp_gain":0,"max_hp_loss":0,"event_name":"Shining Light","floor":11,"gold_loss":0}],"is_beta":false,"boss_relics":[],"items_purged_floors":[],"is_endless":false,"potions_floor_spawned":[2,7,10],"killed_by":"Lagavulin","ascension_level":17}