{"gold_per_floor":[112,124,144,155,171,171,187,187,213,213,224,5,5,20,20,118,118,102,27,0,0,14,34,34,63,145,157,157],"floor_reached":28,"playtime":1547,"items_purged":["Strike_B"],"score":234,"play_id":"0c17c171-a7c6-4ebf-af97-af2f9c4578b1","local_time":"20190523214342","is_ascension_mode":false,"campfire_choices":[{"data":"Compile Driver","floor":6.0,"key":"SMITH"},{"data":"Ball Lightning","floor":8.0,"key":"SMITH"},{"data":"Sweeping Beam","floor":13.0,"key":"SMITH"},{"floor":15.0,"key":"REST"},{"floor":24.0,"key":"REST"}],"neow_cost":"NONE","seed_source_timestamp":189222052731000,"circlet_count":0,"master_deck":["Strike_B","Strike_B","Strike_B","Defend_B+1","Defend_B+1","Defend_B","Zap","Dualcast+1","Rebound","Redo","Sweeping Beam+1","Compile Driver+1","Doom and Gloom","Ball Lightning+1","Reboot","Leap","Multi-Cast","Cold Snap","Decay","Tempest","Reprogram+1","Stack+1","Steam+1"],"special_seed":0,"relics":["Cracked Core","Strawberry","Black Star","Question Card","Vajra","Mummified Hand"],"potions_floor_usage":[25],"damage_taken":[{"damage":2.0,"enemies":"Small Slimes","floor":1.0,"turns":3.0},{"damage":2.0,"enemies":"2 Louse","floor":2.0,"turns":3.0},{"damage":6.0,"enemies":"Jaw Worm","floor":3.0,"turns":2.0},{"damage":5.0,"enemies":"Looter","floor":4.0,"turns":2.0},{"damage":3.0,"enemies":"Lots of Slimes","floor":5.0,"turns":3.0},{"damage":2.0,"enemies":"3 Louse","floor":7.0,"turns":3.0},{"damage":5.0,"enemies":"Looter","floor":11.0,"turns":2.0},{"damage":1.0,"enemies":"Exordium Wildlife","floor":14.0,"turns":2.0},{"damage":45.0,"enemies":"Hexaghost","floor":16.0,"turns":10.0},{"damage":18.0,"enemies":"2 Thieves","floor":18.0,"turns":4.0},{"damage":22.0,"enemies":"3 Byrds","floor":22.0,"turns":4.0},{"damage":8.0,"enemies":"Cultist and Chosen","floor":23.0,"turns":5.0},{"damage":29,"enemies":"Book of Stabbing","floor":25,"turns":6},{"damage":18,"enemies":"Snake Plant","floor":27,"turns":5},{"damage":12,"enemies":"Shelled Parasite and Fungi","floor":28,"turns":1}],"seed_played":"-1384473446723327709","potions_obtained":[{"floor":2.0,"key":"EssenceOfSteel"},{"floor":3.0,"key":"EssenceOfSteel"},{"floor":5.0,"key":"PowerPotion"},{"floor":11.0,"key":"SpeedPotion"},{"floor":22.0,"key":"Energy Potion"}],"is_trial":false,"path_per_floor":["M","M","M","M","M","R","M","R","T","?","M","$","R","M","R","B",null,"M","?","?","?","M","M","R","E","T","M","M"],"character_chosen":"DEFECT","items_purchased":["Reboot"],"campfire_rested":2,"item_purchase_floors":[12],"current_hp_per_floor":[73,71,65,60,57,57,55,55,62,46,41,41,41,40,64,19,82,64,64,64,64,42,34,58,29,29,11,0],"gold":157,"neow_bonus":"UPGRADE_CARD","is_prod":false,"is_daily":false,"chose_seed":false,"campfire_upgraded":3,"win_rate":0.0,"timestamp":1558673022,"path_taken":["M","M","M","M","M","R","M","R","T","?","M","$","R","M","R","BOSS","M","?","?","?","?","M","R","E","T","M","M"],"build_version":"2019-01-23","purchased_purges":1,"victory":false,"max_hp_per_floor":[75,75,75,75,75,75,75,75,82,82,82,82,82,82,82,82,82,82,82,82,82,82,82,82,82,82,82,82],"card_choices":[{"not_picked":["Go for the Eyes","Barrage"],"picked":"Rebound","floor":1.0},{"not_picked":["Fusion","Steam"],"picked":"Redo","floor":2.0},{"not_picked":["Hologram","Beam Cell"],"picked":"Sweeping Beam","floor":3.0},{"not_picked":["Defragment","Lockon"],"picked":"Compile Driver","floor":4.0},{"not_picked":["Fission","Go for the Eyes"],"picked":"Doom and Gloom","floor":5.0},{"not_picked":["Rebound","Defragment"],"picked":"Ball Lightning","floor":7.0},{"not_picked":["Scrape","Gash","Sweeping Beam"],"picked":"SKIP","floor":11.0},{"not_picked":["Beam Cell","Gash"],"picked":"Leap","floor":14.0},{"not_picked":["All For One","Echo Form"],"picked":"Multi-Cast","floor":16.0},{"not_picked":["Steam","Tempest"],"picked":"Cold Snap","floor":18.0},{"not_picked":["Compile Driver","Hologram"],"picked":"Tempest","floor":22.0},{"not_picked":["Defragment","Sweeping Beam"],"picked":"Reprogram+1","floor":23.0},{"not_picked":["Lockon","Rebound"],"picked":"Stack+1","floor":25},{"not_picked":["Scrape","Go for the Eyes","Barrage"],"picked":"Steam+1","floor":27}],"player_experience":39944,"relics_obtained":[{"floor":9.0,"key":"Strawberry"},{"floor":25,"key":"Question Card"},{"floor":25,"key":"Vajra"},{"floor":26,"key":"Mummified Hand"}],"event_choices":[{"damage_healed":0.0,"max_hp_gain":0.0,"max_hp_loss":0.0,"gold_gain":0.0,"event_name":"Shining Light","player_choice":"Entered Light","floor":10.0,"gold_loss":0.0,"damage_taken":16.0,"cards_upgraded":["Defend_B","Defend_B"]},{"cards_removed":["Defend_B"],"damage_healed":0.0,"max_hp_gain":0.0,"max_hp_loss":0.0,"gold_gain":0.0,"event_name":"Beggar","player_choice":"Gave Gold","floor":19.0,"gold_loss":75.0,"damage_taken":0.0},{"damage_healed":0.0,"max_hp_gain":0.0,"max_hp_loss":0.0,"gold_gain":0.0,"event_name":"Masked Bandits","player_choice":"Paid Fearfully","floor":20.0,"gold_loss":27.0,"damage_taken":0.0},{"damage_healed":0.0,"max_hp_gain":0.0,"max_hp_loss":0.0,"gold_gain":0.0,"event_name":"Wheel of Change","player_choice":"Cursed","floor":21.0,"gold_loss":0.0,"damage_taken":0.0,"cards_obtained":["Decay"]}],"is_beta":false,"boss_relics":[{"not_picked":["Astrolabe","Cursed Key"],"picked":"Black Star"}],"items_purged_floors":[12],"is_endless":false,"potions_floor_spawned":[2,3,5,11,22],"killed_by":"Shelled Parasite and Fungi","ascension_level":0}