{"gold_per_floor":[110,110,185,150,325,325,358,386,386,413,241,270,270,328,328,430,430,450,104,104,4,37,64,64,80,80,80,80,110,123,149,149,244,244,261,71,91,111,159,159,159,159,208,242,86,186,186,221,221,317,317],"floor_reached":51,"playtime":2324,"items_purged":["Doubt","Backflip"],"score":1459,"play_id":"d820d9e7-4019-4955-8fe0-f463e5b16164","local_time":"20190317174009","daily_mods":["Draft","Heirloom","Flight","DeadlyEvents","Elite Swarm"],"is_ascension_mode":false,"campfire_choices":[{"data":"Dagger Spray","floor":6,"key":"SMITH"},{"data":"Adrenaline","floor":13,"key":"SMITH"},{"data":"Adrenaline","floor":15,"key":"SMITH"},{"data":"Burst","floor":24,"key":"SMITH"},{"data":"Footwork","floor":27,"key":"SMITH"},{"data":"Panacea","floor":32,"key":"SMITH"},{"data":"1","floor":40,"key":"LIFT"},{"data":"2","floor":41,"key":"LIFT"},{"data":"3","floor":42,"key":"LIFT"},{"data":"Panache","floor":47,"key":"SMITH"},{"data":"Cloak And Dagger","floor":49,"key":"SMITH"}],"neow_cost":"","seed_source_timestamp":330577121756108,"circlet_count":0,"master_deck":["Blade Dance+1","Cloak And Dagger+1","Crippling Poison","Dagger Throw+1","Footwork+1","Noxious Fumes+1","Dagger Spray+1","Cloak And Dagger","Backstab","Finisher+1","Cloak And Dagger","Deflect","Concentrate","Burst+1","Adrenaline+1","Corpse Explosion","Panacea+1","Adrenaline+1","After Image","Adrenaline+1","PiercingWail+1","Backstab","Cloak And Dagger","Panache+1","Dagger Throw+1","Burst","Burst","Adrenaline"],"relics":["Ring of the Snake","Unceasing Top","Ancient Tea Set","Bag of Preparation","Matryoshka","Bottled Flame","Boot","Tiny Chest","Busted Crown","DollysMirror","Whetstone","Centennial Puzzle","Art of War","Regal Pillow","Mummified Hand","Darkstone Periapt","Singing Bowl","Pantograph","Mercury Hourglass","WristBlade","Girya","Snake Skull","Blood Vial","Bag of Marbles","Dead Branch","Bronze Scales","Empty Cage"],"potions_floor_usage":[12,33,33],"damage_taken":[{"damage":0,"enemies":"Small Slimes","floor":1,"turns":2},{"damage":0,"enemies":"Gremlin Nob","floor":7,"turns":2},{"damage":13,"enemies":"Lagavulin","floor":8,"turns":5},{"damage":0,"enemies":"3 Sentries","floor":10,"turns":3},{"damage":0,"enemies":"Gremlin Nob","floor":12,"turns":3},{"damage":0,"enemies":"Lagavulin","floor":14,"turns":4},{"damage":0,"enemies":"Slime Boss","floor":16,"turns":2},{"damage":0,"enemies":"Spheric Guardian","floor":18,"turns":1},{"damage":0,"enemies":"Book of Stabbing","floor":22,"turns":2},{"damage":0,"enemies":"Gremlin Leader","floor":23,"turns":1},{"damage":0,"enemies":"Shell Parasite","floor":25,"turns":1},{"damage":0,"enemies":"Book of Stabbing","floor":29,"turns":1},{"damage":0,"enemies":"3 Cultists","floor":30,"turns":2},{"damage":0,"enemies":"Slavers","floor":31,"turns":2},{"damage":0,"enemies":"Collector","floor":33,"turns":4},{"damage":4,"enemies":"3 Shapes","floor":35,"turns":1},{"damage":0,"enemies":"Orb Walker","floor":37,"turns":1},{"damage":0,"enemies":"Jaw Worm Horde","floor":38,"turns":1},{"damage":0,"enemies":"2 Orb Walkers","floor":39,"turns":1},{"damage":0,"enemies":"Nemesis","floor":44,"turns":1},{"damage":0,"enemies":"Mind Bloom Boss Battle","floor":46,"turns":2},{"damage":0,"enemies":"Reptomancer","floor":48,"turns":1},{"damage":32,"enemies":"Awakened One","floor":50,"turns":7}],"seed_played":"8665371714064985314","potions_obtained":[{"floor":1,"key":"Dexterity Potion"},{"floor":8,"key":"AttackPotion"},{"floor":10,"key":"AttackPotion"},{"floor":16,"key":"FearPotion"},{"floor":20,"key":"FairyPotion"},{"floor":20,"key":"Regen Potion"},{"floor":22,"key":"AttackPotion"},{"floor":37,"key":"SpeedPotion"},{"floor":38,"key":"Strength Potion"}],"is_trial":true,"path_per_floor":["M","?","?","?","?","R","E","E","T","E","$","E","R","E","R","B",null,"M","$","?","$","E","E","R","M","T","R","T","E","M","E","R","B",null,"M","$","M","M","?","R","R","R","T","E","$","?","R","E","R","B",null],"character_chosen":"THE_SILENT","items_purchased":["Panacea","DollysMirror","Whetstone","Panache","Bag of Marbles"],"campfire_rested":0,"item_purchase_floors":[11,19,19,36,45],"current_hp_per_floor":[70,56,45,62,62,62,62,49,49,49,49,49,49,49,49,49,70,70,70,70,70,70,70,70,70,70,70,70,72,72,74,74,76,76,72,72,72,74,76,76,76,76,76,76,76,82,82,82,82,50,82],"gold":317,"neow_bonus":"","is_prod":false,"is_daily":false,"chose_seed":false,"campfire_upgraded":8,"win_rate":0,"timestamp":1552812009,"path_taken":["M","?","?","?","?","R","?","E","T","E","$","E","R","E","R","BOSS","M","$","?","$","?","E","R","?","T","R","?","E","?","?","R","BOSS","M","$","M","?","?","R","R","R","T","E","$","?","R","E","R","BOSS"],"build_version":"2019-01-23","purchased_purges":2,"victory":false,"max_hp_per_floor":[70,70,70,70,70,70,70,70,70,70,70,70,70,70,70,70,70,70,70,70,70,70,70,70,70,70,70,70,72,72,74,74,76,76,76,76,76,78,80,80,80,80,80,80,80,82,82,82,82,82,82],"card_choices":[{"not_picked":["All Out Attack","Deadly Poison"],"picked":"Blade Dance","floor":0},{"not_picked":["Flying Knee","Setup"],"picked":"Cloak And Dagger","floor":0},{"not_picked":["Heel Hook","PiercingWail"],"picked":"Crippling Poison","floor":0},{"not_picked":["Escape Plan","Infinite Blades"],"picked":"Well Laid Plans","floor":0},{"not_picked":["Slice","Backflip"],"picked":"Dagger Throw","floor":0},{"not_picked":["Backflip","Terror"],"picked":"Footwork","floor":0},{"not_picked":["Endless Agony","Dagger Throw"],"picked":"Backflip","floor":0},{"not_picked":["Skewer","PiercingWail"],"picked":"Noxious Fumes","floor":0},{"not_picked":["Flying Knee","PiercingWail"],"picked":"Dagger Spray","floor":0},{"not_picked":["Masterful Stab","Underhanded Strike"],"picked":"Cloak And Dagger","floor":0},{"not_picked":["Underhanded Strike","Backflip"],"picked":"Backstab","floor":0},{"not_picked":["Eviscerate","Dagger Throw"],"picked":"Masterful Stab","floor":0},{"not_picked":["PiercingWail","Underhanded Strike"],"picked":"Finisher","floor":0},{"not_picked":["Endless Agony","Deadly Poison"],"picked":"Cloak And Dagger","floor":0},{"not_picked":["Eviscerate","Well Laid Plans"],"picked":"Deflect","floor":0},{"not_picked":["Poisoned Stab","Bouncing Flask"],"picked":"Concentrate","floor":1},{"not_picked":["Unload","Night Terror"],"picked":"Burst","floor":7},{"not_picked":["Bullet Time","Tools of the Trade"],"picked":"Adrenaline","floor":8},{"not_picked":["Doppelganger","Storm of Steel"],"picked":"Corpse Explosion","floor":10},{"not_picked":["Corpse Explosion","Tools of the Trade"],"picked":"Adrenaline","floor":12},{"not_picked":["Wraith Form v2","Bullet Time"],"picked":"After Image","floor":14},{"not_picked":["Backflip"],"picked":"SKIP","floor":18},{"not_picked":["Bullet Time"],"picked":"SKIP","floor":22},{"not_picked":["Tools of the Trade"],"picked":"SKIP","floor":23},{"not_picked":[],"picked":"PiercingWail+1","floor":25},{"not_picked":["Doppelganger"],"picked":"Singing Bowl","floor":29},{"not_picked":[],"picked":"Backstab","floor":30},{"not_picked":["Doppelganger"],"picked":"Singing Bowl","floor":31},{"not_picked":["Phantasmal Killer"],"picked":"Singing Bowl","floor":33},{"not_picked":[],"picked":"Cloak And Dagger","floor":35},{"not_picked":[],"picked":"Dagger Throw+1","floor":37},{"not_picked":["Flying Knee+1"],"picked":"Singing Bowl","floor":38},{"not_picked":["Dodge and Roll+1"],"picked":"Singing Bowl","floor":39},{"not_picked":[],"picked":"Burst","floor":44},{"not_picked":["Deadly Poison"],"picked":"Singing Bowl","floor":46},{"not_picked":[],"picked":"Burst","floor":48},{"not_picked":[],"picked":"Adrenaline","floor":50}],"player_experience":299236,"relics_obtained":[{"floor":7,"key":"Ancient Tea Set"},{"floor":8,"key":"Bag of Preparation"},{"floor":9,"key":"Matryoshka"},{"floor":10,"key":"Bottled Flame"},{"floor":12,"key":"Boot"},{"floor":14,"key":"Tiny Chest"},{"floor":22,"key":"Centennial Puzzle"},{"floor":23,"key":"Art of War"},{"floor":26,"key":"Regal Pillow"},{"floor":26,"key":"Mummified Hand"},{"floor":28,"key":"Darkstone Periapt"},{"floor":28,"key":"Singing Bowl"},{"floor":29,"key":"Pantograph"},{"floor":31,"key":"Mercury Hourglass"},{"floor":39,"key":"Girya"},{"floor":43,"key":"Snake Skull"},{"floor":44,"key":"Blood Vial"},{"floor":46,"key":"Dead Branch"},{"floor":48,"key":"Bronze Scales"}],"event_choices":[{"damage_healed":0,"gold_gain":0,"player_choice":"Entered Light","damage_taken":14,"max_hp_gain":0,"max_hp_loss":0,"event_name":"Shining Light","floor":2,"gold_loss":0,"cards_upgraded":["Noxious Fumes","Blade Dance"]},{"damage_healed":0,"gold_gain":75,"player_choice":"Gather Gold","damage_taken":11,"max_hp_gain":0,"max_hp_loss":0,"event_name":"World of Goop","floor":3,"gold_loss":0},{"damage_healed":17,"gold_gain":0,"player_choice":"Healed","damage_taken":0,"max_hp_gain":0,"max_hp_loss":0,"event_name":"The Cleric","floor":4,"gold_loss":35},{"damage_healed":0,"gold_gain":175,"player_choice":"AGREE","damage_taken":0,"max_hp_gain":0,"max_hp_loss":0,"event_name":"Liars Game","floor":5,"gold_loss":0,"cards_obtained":["Doubt"]},{"damage_healed":0,"gold_gain":0,"player_choice":"Got Potions","damage_taken":0,"max_hp_gain":0,"max_hp_loss":0,"event_name":"Lab","floor":20,"gold_loss":0},{"damage_healed":0,"gold_gain":0,"player_choice":"Fight","damage_taken":0,"max_hp_gain":0,"max_hp_loss":0,"event_name":"Mysterious Sphere","floor":39,"gold_loss":0},{"damage_healed":0,"gold_gain":0,"player_choice":"Fight","damage_taken":0,"max_hp_gain":0,"max_hp_loss":0,"event_name":"MindBloom","floor":46,"gold_loss":0}],"is_beta":false,"boss_relics":[{"not_picked":["Calling Bell","Runic Pyramid"],"picked":"Busted Crown"},{"not_picked":["White Beast Statue","Coffee Dripper"],"picked":"WristBlade"},{"not_picked":["Runic Dome","Astrolabe"],"picked":"Empty Cage"}],"items_purged_floors":[11,21],"is_endless":true,"potions_floor_spawned":[1,8,10,16,18,22,29,30,37,38],"ascension_level":0}