{"gold_per_floor":[109,119,69,83,96,96,96,124,124,124,138,138,63,74,74,178,178,198],"floor_reached":18,"playtime":747,"items_purged":["Defend_G"],"score":164,"play_id":"aedc8b8e-2854-4caf-954c-d223c560dcae","local_time":"20190323143047","is_ascension_mode":false,"campfire_choices":[{"data":"Crippling Poison","floor":6,"key":"SMITH"},{"data":"Well Laid Plans","floor":10,"key":"SMITH"},{"data":"Caltrops","floor":15,"key":"SMITH"}],"neow_cost":"NONE","seed_source_timestamp":148298372529175,"circlet_count":0,"master_deck":["Defend_G","Defend_G","Defend_G","Strike_G","Strike_G","Strike_G","Survivor","Neutralize","Tactician","Caltrops+1","Well Laid Plans+1","Crippling Poison+1","Acrobatics","Leg Sweep","Outmaneuver","Storm of Steel"],"special_seed":0,"relics":["Ring of the Serpent","Pear","Letter Opener"],"potions_floor_usage":[16,16],"damage_taken":[{"damage":0.0,"enemies":"Jaw Worm","floor":1.0,"turns":4.0},{"damage":3.0,"enemies":"Cultist","floor":2.0,"turns":5.0},{"damage":0.0,"enemies":"Small Slimes","floor":4.0,"turns":4.0},{"damage":3,"enemies":"Red Slaver","floor":5,"turns":6},{"damage":21,"enemies":"Gremlin Nob","floor":8,"turns":5},{"damage":5,"enemies":"Exordium Thugs","floor":11,"turns":4},{"damage":0,"enemies":"Gremlin Gang","floor":14,"turns":3},{"damage":21,"enemies":"The Guardian","floor":16,"turns":14},{"damage":14,"enemies":"Chosen","floor":18,"turns":5}],"seed_played":"3522292205429542981","potions_obtained":[{"floor":2.0,"key":"Weak Potion"},{"floor":11,"key":"AttackPotion"},{"floor":14,"key":"SteroidPotion"},{"floor":18,"key":"Block Potion"}],"is_trial":false,"path_per_floor":["M","M","?","M","M","R","?","E","T","R","M","?","$","M","R","B",null,"M"],"character_chosen":"THE_SILENT","items_purchased":[],"campfire_rested":0,"item_purchase_floors":[],"current_hp_per_floor":[70,67,67,67,64,64,64,53,53,53,48,48,48,48,48,27,80,66],"gold":198,"neow_bonus":"REMOVE_CARD","is_prod":false,"is_daily":false,"chose_seed":false,"campfire_upgraded":3,"win_rate":0,"timestamp":1553319047,"path_taken":["M","M","?","M","M","R","?","E","T","R","?","?","$","?","R","BOSS","M"],"build_version":"2019-01-23","purchased_purges":1,"victory":false,"max_hp_per_floor":[70,70,70,70,70,70,70,80,80,80,80,80,80,80,80,80,80,80],"card_choices":[{"not_picked":["Prepared","Well Laid Plans"],"picked":"Tactician","floor":1.0},{"not_picked":["Crippling Poison","Catalyst"],"picked":"Caltrops","floor":2.0},{"not_picked":["Concentrate","Blade Dance"],"picked":"Well Laid Plans","floor":4},{"not_picked":["Prepared","Flechettes"],"picked":"Crippling Poison","floor":5},{"not_picked":["Eviscerate","Accuracy"],"picked":"Acrobatics","floor":8},{"not_picked":["Expertise","Flying Knee"],"picked":"Leg Sweep","floor":11},{"not_picked":["Flechettes","Prepared"],"picked":"Outmaneuver","floor":14},{"not_picked":["Envenom","Glass Knife"],"picked":"Storm of Steel","floor":16}],"player_experience":361997,"relics_obtained":[{"floor":8,"key":"Pear"},{"floor":9,"key":"Letter Opener"}],"event_choices":[{"cards_removed":["Strike_G"],"damage_healed":0.0,"max_hp_gain":0.0,"max_hp_loss":0.0,"gold_gain":0.0,"event_name":"The Cleric","player_choice":"Card Removal","floor":3.0,"gold_loss":50.0,"damage_taken":0.0},{"damage_healed":0,"gold_gain":0,"player_choice":"Ignored","damage_taken":0,"max_hp_gain":0,"max_hp_loss":0,"event_name":"NoteForYourself","floor":7,"gold_loss":0},{"cards_removed":["Defend_G"],"damage_healed":0,"gold_gain":0,"player_choice":"Purged","damage_taken":0,"max_hp_gain":0,"max_hp_loss":0,"event_name":"Purifier","floor":12,"gold_loss":0}],"is_beta":false,"boss_relics":[{"not_picked":["Snecko Eye","White Beast Statue"],"picked":"Ring of the Serpent"}],"items_purged_floors":[13],"is_endless":false,"potions_floor_spawned":[2,11,14,18],"killed_by":"Chosen","ascension_level":0}