{"gold_per_floor":[116,136,14,88,99,99,109,109,109,109,122,136,162,162,162,260,260,280,24,34,34,50,50,65,96,96,108,120,135,135,135,135,240,240,256,256,36,136,136,136,146,158,158,175,188,205,215,234,234,234],"floor_reached":50,"playtime":4135,"items_purged":["Strike_R"],"score":522,"play_id":"c35749a0-6fde-4f40-b9cd-2fcf90cb8bbf","local_time":"20190116183518","is_ascension_mode":false,"campfire_choices":[{"data":"Metallicize","floor":6,"key":"SMITH"},{"data":"Pommel Strike","floor":8,"key":"SMITH"},{"floor":15,"key":"REST"},{"data":"Heavy Blade","floor":23,"key":"SMITH"},{"floor":30,"key":"REST"},{"floor":32,"key":"REST"},{"data":"Limit Break","floor":40,"key":"SMITH"},{"floor":49,"key":"REST"}],"neow_cost":"NONE","seed_source_timestamp":533999345942122,"circlet_count":0,"master_deck":["Strike_R","Strike_R","Strike_R","Defend_R+1","Defend_R","Defend_R","Defend_R","Bash+1","Infernal Blade","Twin Strike","Pommel Strike+1","Metallicize+1","Heavy Blade+1","Twin Strike","Shrug It Off","Feed","Demon Form","Armaments","Mayhem","Spot Weakness","Inflame","Cleave","Heavy Blade+1","Warcry+1","Pommel Strike+1","Evolve","Anger+1","Metallicize+1","Limit Break+1","Havoc+1","Inflame","Intimidate+1","Armaments","Flame Barrier+1","Flex+1","Pummel+1","Rage+1","Clothesline+1","Shockwave+1","Pummel+1"],"relics":["Burning Blood","Mercury Hourglass","The Courier","Ornamental Fan","Bird Faced Urn","Velvet Choker","War Paint","Potion Belt","Mark of Pain","Bottled Tornado","Prayer Wheel","Gremlin Horn"],"potions_floor_usage":[7,13,16,25,33,33,42,45,45,47,47,50],"damage_taken":[{"damage":1,"enemies":"Cultist","floor":1,"turns":3},{"damage":1,"enemies":"2 Louse","floor":2,"turns":3},{"damage":0,"enemies":"Small Slimes","floor":5,"turns":2},{"damage":8,"enemies":"Blue Slaver","floor":7,"turns":3},{"damage":4,"enemies":"Gremlin Gang","floor":11,"turns":3},{"damage":6,"enemies":"Looter","floor":12,"turns":3},{"damage":12,"enemies":"Gremlin Nob","floor":13,"turns":4},{"damage":61,"enemies":"The Guardian","floor":16,"turns":11},{"damage":2,"enemies":"Chosen","floor":18,"turns":3},{"damage":17,"enemies":"Spheric Guardian","floor":20,"turns":4},{"damage":5,"enemies":"Chosen and Byrds","floor":22,"turns":4},{"damage":12,"enemies":"Cultist and Chosen","floor":24,"turns":6},{"damage":38,"enemies":"Book of Stabbing","floor":25,"turns":6},{"damage":29,"enemies":"Shelled Parasite and Fungi","floor":27,"turns":5},{"damage":14,"enemies":"Centurion and Healer","floor":28,"turns":6},{"damage":11,"enemies":"Snecko","floor":29,"turns":3},{"damage":52,"enemies":"Automaton","floor":33,"turns":7},{"damage":33,"enemies":"3 Shapes","floor":35,"turns":5},{"damage":9,"enemies":"Mind Bloom Boss Battle","floor":38,"turns":4},{"damage":16,"enemies":"Orb Walker","floor":41,"turns":3},{"damage":51,"enemies":"Jaw Worm Horde","floor":42,"turns":5},{"damage":19,"enemies":"3 Darklings","floor":44,"turns":4},{"damage":21,"enemies":"Sphere and 2 Shapes","floor":45,"turns":3},{"damage":19,"enemies":"Writhing Mass","floor":46,"turns":5},{"damage":16,"enemies":"Jaw Worm Horde","floor":47,"turns":4},{"damage":14,"enemies":"Sphere and 2 Shapes","floor":48,"turns":6},{"damage":69,"enemies":"Time Eater","floor":50,"turns":4}],"seed_played":"178617936163540793","potions_obtained":[{"floor":2,"key":"LiquidBronze"},{"floor":5,"key":"SkillPotion"},{"floor":7,"key":"AttackPotion"},{"floor":18,"key":"Dexterity Potion"},{"floor":22,"key":"EssenceOfSteel"},{"floor":27,"key":"Swift Potion"},{"floor":31,"key":"Dexterity Potion"},{"floor":31,"key":"EssenceOfSteel"},{"floor":31,"key":"SneckoOil"},{"floor":41,"key":"SneckoOil"},{"floor":42,"key":"Swift Potion"},{"floor":45,"key":"LiquidBronze"},{"floor":48,"key":"Fire Potion"}],"is_trial":false,"path_per_floor":["M","M","$","T","M","R","M","R","T","?","M","M","E","?","R","B",null,"M","$","M","?","M","R","M","E","T","M","M","M","R","?","R","B",null,"M","?","$","?","?","R","M","M","T","M","M","M","M","M","R","B"],"character_chosen":"IRONCLAD","items_purchased":["Pommel Strike","Mayhem","Spot Weakness","Inflame","Bottled Tornado","Inflame"],"campfire_rested":4,"item_purchase_floors":[3,19,19,19,37,37],"current_hp_per_floor":[80,80,80,80,80,80,78,78,78,60,62,62,56,56,80,25,80,80,80,73,73,80,80,82,56,56,39,39,40,64,64,83,39,83,64,64,64,76,76,76,76,42,42,39,34,31,27,29,55,0],"gold":234,"neow_bonus":"UPGRADE_CARD","is_prod":false,"is_daily":false,"chose_seed":false,"campfire_upgraded":4,"win_rate":0.0,"timestamp":1547681718,"path_taken":["M","M","?","?","M","R","M","R","T","?","M","M","E","?","R","BOSS","M","$","M","?","?","R","M","E","T","M","M","M","R","?","R","BOSS","M","?","$","?","?","R","M","?","T","?","M","M","M","M","R","BOSS"],"build_version":"2019-01-10","purchased_purges":1,"victory":false,"max_hp_per_floor":[80,80,80,80,80,80,80,80,80,80,80,80,80,80,80,80,80,80,80,80,80,80,80,83,83,83,83,83,83,83,83,83,83,83,83,83,83,86,86,86,86,89,89,89,89,89,89,89,89,89],"card_choices":[{"not_picked":["Warcry","Sword Boomerang"],"picked":"Infernal Blade","floor":1},{"not_picked":["Sword Boomerang","Armaments"],"picked":"Twin Strike","floor":2},{"not_picked":["Warcry","Twin Strike"],"picked":"Metallicize","floor":5},{"not_picked":["Feel No Pain","Wild Strike"],"picked":"Heavy Blade","floor":7},{"not_picked":["Body Slam","Anger"],"picked":"Twin Strike","floor":11},{"not_picked":["Bloodletting","Anger"],"picked":"Shrug It Off","floor":12},{"not_picked":["Body Slam","Twin Strike"],"picked":"Feed","floor":13},{"not_picked":["Reaper","Brutality"],"picked":"Demon Form","floor":16},{"not_picked":["Headbutt","Wild Strike"],"picked":"Armaments","floor":18},{"not_picked":["Shrug It Off","Flex"],"picked":"Cleave","floor":20},{"not_picked":["Carnage","Perfected Strike+1"],"picked":"Heavy Blade","floor":22},{"not_picked":["Feed","Hemokinesis"],"picked":"Warcry","floor":24},{"not_picked":["Clash","Body Slam+1"],"picked":"Pommel Strike+1","floor":25},{"not_picked":["Metallicize","Anger"],"picked":"Evolve","floor":27},{"not_picked":["Combust+1","Dropkick"],"picked":"Anger+1","floor":28},{"not_picked":["Power Through","Armaments"],"picked":"Metallicize+1","floor":29},{"not_picked":["Reaper","Bludgeon"],"picked":"Limit Break","floor":33},{"not_picked":["Disarm","Twin Strike"],"picked":"Havoc+1","floor":35},{"not_picked":["Feel No Pain","Twin Strike"],"picked":"Intimidate+1","floor":38},{"not_picked":["Clash+1","Reckless Charge"],"picked":"Armaments","floor":41},{"not_picked":["Havoc","Cleave+1"],"picked":"Flame Barrier+1","floor":41},{"not_picked":["Pommel Strike+1","Blood for Blood+1"],"picked":"Flex+1","floor":42},{"not_picked":["Body Slam+1","Reckless Charge+1","Pommel Strike"],"picked":"SKIP","floor":42},{"not_picked":["Twin Strike+1","Shrug It Off"],"picked":"Pummel+1","floor":44},{"not_picked":["Fire Breathing+1","True Grit","Rage"],"picked":"SKIP","floor":44},{"not_picked":["Headbutt+1","Sever Soul"],"picked":"Rage+1","floor":45},{"not_picked":["Armaments","Dark Embrace","Iron Wave"],"picked":"SKIP","floor":45},{"not_picked":["Whirlwind","Uppercut"],"picked":"Clothesline+1","floor":46},{"not_picked":["Corruption+1","Twin Strike","Flex"],"picked":"SKIP","floor":46},{"not_picked":["Armaments+1","Cleave+1"],"picked":"Shockwave+1","floor":47},{"not_picked":["Clash","Entrench","Headbutt+1"],"picked":"SKIP","floor":47},{"not_picked":["Pommel Strike+1","Perfected Strike"],"picked":"Pummel+1","floor":48},{"not_picked":["Sword Boomerang","Armaments","Iron Wave"],"picked":"SKIP","floor":48}],"player_experience":57282,"relics_obtained":[{"floor":4,"key":"Mercury Hourglass"},{"floor":9,"key":"The Courier"},{"floor":13,"key":"Bird Faced Urn"},{"floor":25,"key":"War Paint"},{"floor":26,"key":"Potion Belt"},{"floor":38,"key":"Prayer Wheel"},{"floor":43,"key":"Gremlin Horn"}],"event_choices":[{"damage_healed":0,"gold_gain":0,"player_choice":"Success","damage_taken":18,"relics_obtained":["Ornamental Fan"],"max_hp_gain":0,"max_hp_loss":0,"event_name":"Scrap Ooze","floor":10,"gold_loss":0},{"damage_healed":0,"gold_gain":0,"player_choice":"Ignored","damage_taken":0,"max_hp_gain":0,"max_hp_loss":0,"event_name":"Liars Game","floor":14,"gold_loss":0},{"damage_healed":0,"gold_gain":0,"player_choice":"Upgraded","damage_taken":0,"max_hp_gain":0,"max_hp_loss":0,"event_name":"Upgrade Shrine","floor":21,"gold_loss":0,"cards_upgraded":["Heavy Blade"]},{"damage_healed":0,"gold_gain":0,"player_choice":"Got Potions","damage_taken":0,"max_hp_gain":0,"max_hp_loss":0,"event_name":"Lab","floor":31,"gold_loss":0},{"damage_healed":0,"gold_gain":0,"player_choice":"Ignored","damage_taken":0,"max_hp_gain":0,"max_hp_loss":0,"event_name":"Tomb of Lord Red Mask","floor":36,"gold_loss":0},{"damage_healed":0,"gold_gain":0,"player_choice":"Fight","damage_taken":0,"max_hp_gain":0,"max_hp_loss":0,"event_name":"MindBloom","floor":38,"gold_loss":0},{"cards_removed":["Strike_R"],"damage_healed":0,"gold_gain":0,"player_choice":"Purged","damage_taken":0,"max_hp_gain":0,"max_hp_loss":0,"event_name":"Purifier","floor":39,"gold_loss":0}],"is_beta":false,"boss_relics":[{"not_picked":["Black Star","White Beast Statue"],"picked":"Velvet Choker"},{"not_picked":["Runic Cube","Fusion Hammer"],"picked":"Mark of Pain"}],"items_purged_floors":[3],"is_endless":false,"potions_floor_spawned":[2,5,7,18,22,27,41,42,45,48],"killed_by":"Time Eater","ascension_level":0}