{"gold_per_floor":[116,152,182,39,78,78,115,115,115,115,15,25,55,55,55,130,130,163,163,163,175,211,211,224,224],"floor_reached":25,"playtime":1551,"items_purged":["Strike_B","Strike_B"],"score":325,"play_id":"411d60cd-ed09-4f90-ae16-75ffe849cbd0","local_time":"20190517200637","is_ascension_mode":true,"campfire_choices":[{"floor":6,"key":"REST"},{"floor":8,"key":"REST"},{"floor":10,"key":"REST"},{"floor":15,"key":"REST"},{"floor":23,"key":"REST"}],"neow_cost":"PERCENT_DAMAGE","seed_source_timestamp":5633998554196,"circlet_count":0,"master_deck":["AscendersBane","Zap","Dualcast","HandOfGreed","Impatience","Streamline","Machine Learning","FTL","Electrodynamics","Recycle","Storm","Chill","Barrage","Undo","Biased Cognition","Chaos+1","BootSequence"],"relics":["Cracked Core","Ancient Tea Set","Smiling Mask","Pandora\u0027s Box"],"potions_floor_usage":[12,16,16,21,21,22,24],"damage_taken":[{"damage":1,"enemies":"Cultist","floor":1,"turns":3},{"damage":0,"enemies":"2 Louse","floor":2,"turns":2},{"damage":7,"enemies":"Jaw Worm","floor":3,"turns":2},{"damage":16,"enemies":"Looter","floor":5,"turns":4},{"damage":33,"enemies":"Lots of Slimes","floor":7,"turns":4},{"damage":3,"enemies":"Blue Slaver","floor":12,"turns":2},{"damage":0,"enemies":"Large Slime","floor":13,"turns":4},{"damage":45,"enemies":"Hexaghost","floor":16,"turns":8},{"damage":22,"enemies":"Spheric Guardian","floor":18,"turns":4},{"damage":30,"enemies":"3 Byrds","floor":21,"turns":4},{"damage":9,"enemies":"Sentry and Sphere","floor":22,"turns":4},{"damage":0,"enemies":"Snecko","floor":24,"turns":4},{"damage":36,"enemies":"Centurion and Healer","floor":25,"turns":4}],"seed_played":"3456402184766142567","potions_obtained":[{"floor":5,"key":"Strength Potion"},{"floor":7,"key":"Poison Potion"},{"floor":13,"key":"SkillPotion"},{"floor":20,"key":"Regen Potion"},{"floor":20,"key":"PowerPotion"},{"floor":21,"key":"Block Potion"},{"floor":22,"key":"Block Potion"}],"is_trial":false,"path_per_floor":["M","M","M","$","M","R","M","R","T","R","$","M","M","?","R","B",null,"M","?","?","M","M","R","M","M"],"character_chosen":"DEFECT","items_purchased":["Machine Learning"],"campfire_rested":5,"item_purchase_floors":[4],"current_hp_per_floor":[49,49,42,42,26,48,15,37,37,59,59,56,56,44,66,21,62,40,40,40,22,13,35,35,0],"gold":224,"neow_bonus":"RANDOM_COLORLESS_2","is_prod":false,"is_daily":false,"chose_seed":false,"campfire_upgraded":0,"win_rate":0,"timestamp":1558148797,"path_taken":["M","M","M","$","M","R","?","R","T","R","$","M","M","?","R","BOSS","M","?","?","?","M","R","M","M"],"build_version":"2019-01-23","purchased_purges":2,"victory":false,"max_hp_per_floor":[75,75,75,75,75,75,75,75,75,75,75,75,75,75,75,75,75,75,75,75,75,75,75,75,75],"card_choices":[{"not_picked":["Cold Snap","Gash","Hologram"],"picked":"SKIP","floor":1},{"not_picked":["Go for the Eyes","Barrage"],"picked":"Streamline","floor":2},{"not_picked":["Leap","Aggregate","Sweeping Beam"],"picked":"SKIP","floor":3},{"not_picked":["Rebound","Biased Cognition","Leap"],"picked":"SKIP","floor":5},{"not_picked":["Hologram","Lockon","Redo"],"picked":"SKIP","floor":7},{"not_picked":["Defragment","White Noise","Rebound"],"picked":"SKIP","floor":12},{"not_picked":["Leap","Stack"],"picked":"FTL","floor":13},{"not_picked":["Creative AI","Thunder Strike"],"picked":"Electrodynamics","floor":16},{"not_picked":["Turbo","Rebound","Sweeping Beam"],"picked":"SKIP","floor":18},{"not_picked":["Conserve Battery","Rebound"],"picked":"Chaos+1","floor":21},{"not_picked":["Coolheaded","Tempest"],"picked":"BootSequence","floor":22},{"not_picked":["White Noise","Hologram","Stack"],"picked":"SKIP","floor":24}],"player_experience":610546,"relics_obtained":[{"floor":9,"key":"Ancient Tea Set"}],"event_choices":[{"damage_healed":0,"gold_gain":0,"player_choice":"Success","damage_taken":12,"relics_obtained":["Smiling Mask"],"max_hp_gain":0,"max_hp_loss":0,"event_name":"Scrap Ooze","floor":14,"gold_loss":0},{"damage_healed":0,"gold_gain":0,"player_choice":"Ignored","damage_taken":0,"max_hp_gain":0,"max_hp_loss":0,"event_name":"The Mausoleum","floor":19,"gold_loss":0},{"damage_healed":0,"gold_gain":0,"player_choice":"Got Potions","damage_taken":0,"max_hp_gain":0,"max_hp_loss":0,"event_name":"Lab","floor":20,"gold_loss":0}],"is_beta":false,"boss_relics":[{"not_picked":["Eternal Feather","Coffee Dripper"],"picked":"Pandora\u0027s Box"}],"items_purged_floors":[4,11],"is_endless":false,"potions_floor_spawned":[5,7,13,21,22],"killed_by":"Centurion and Healer","ascension_level":13}