{"gold_per_floor":[117,127,127,202,33,33,33,33,87,87,87,97,114,127,127,226,226,236,268,42,42,60,60,60,92,118,118,132,150,150,168,168,263,263,277,277,292,96,109,109,109,134,134,150,168,125,125,143,143,143],"floor_reached":50,"playtime":2109,"items_purged":["Strike_R"],"score":532,"play_id":"7d513df5-8c10-4735-93e0-fcb5b13d9e78","local_time":"20180629000442","is_ascension_mode":false,"campfire_choices":[{"data":"Armaments","floor":6,"key":"SMITH"},{"data":"Swift Strike","floor":8,"key":"SMITH"},{"data":"Cleave","floor":11,"key":"SMITH"},{"data":"Pummel","floor":15,"key":"SMITH"},{"data":"Perfected Strike","floor":23,"key":"SMITH"},{"data":"Jack Of All Trades","floor":27,"key":"SMITH"},{"data":"Reaper","floor":30,"key":"SMITH"},{"data":"Clash","floor":32,"key":"SMITH"},{"data":"Demon Form","floor":40,"key":"SMITH"},{"data":"Madness","floor":47,"key":"SMITH"},{"floor":49,"key":"REST"}],"neow_cost":"NONE","seed_source_timestamp":926990644427766,"circlet_count":0,"master_deck":["Strike_R","Strike_R","Strike_R","Strike_R","Bash","Cleave+1","Armaments+1","Swift Strike+1","Twin Strike","Pummel+1","Pommel Strike","Reaper+1","Jack Of All Trades+1","Ghostly Armor","Shrug It Off","Battle Trance","Perfected Strike+1","Twin Strike","Burning Pact","Clash+1","Demon Form+1","Disarm+1","Dual Wield+1","Shrug It Off+1","Whirlwind+1","Madness+1","Madness","Shrug It Off+1","Anger+1","Perfected Strike+1","Body Slam+1","Clash+1"],"relics":["Burning Blood","Regal Pillow","Ancient Tea Set","Ornamental Fan","Busted Crown","Red Mask","The Courier","Strawberry","Astrolabe","Pear","Question Card","Molten Egg 2"],"potions_floor_usage":[33,33,45,50,50,50],"damage_taken":[{"damage":0,"enemies":"Small Slimes","floor":1,"turns":3},{"damage":6,"enemies":"2 Louse","floor":2,"turns":3},{"damage":1,"enemies":"Cultist","floor":12,"turns":3},{"damage":7,"enemies":"2 Fungi Beasts","floor":13,"turns":2},{"damage":12,"enemies":"Exordium Wildlife","floor":14,"turns":3},{"damage":41,"enemies":"Hexaghost","floor":16,"turns":9},{"damage":6,"enemies":"Spheric Guardian","floor":18,"turns":3},{"damage":17,"floor":19,"turns":4},{"damage":4,"enemies":"Chosen","floor":22,"turns":4},{"damage":14,"enemies":"Slavers","floor":25,"turns":7},{"damage":6,"enemies":"3 Cultists","floor":28,"turns":4},{"damage":18,"enemies":"Slaver and Parasite","floor":29,"turns":6},{"damage":25,"enemies":"Snecko","floor":31,"turns":4},{"damage":58,"enemies":"Collector","floor":33,"turns":9},{"damage":8,"enemies":"Orb Walker","floor":35,"turns":3},{"damage":0,"enemies":"3 Shapes","floor":37,"turns":4},{"damage":7,"enemies":"3 Darklings","floor":39,"turns":6},{"damage":27,"enemies":"Giant Head","floor":42,"turns":6},{"damage":32,"enemies":"Maw","floor":44,"turns":6},{"damage":67,"enemies":"4 Shapes","floor":45,"turns":6},{"damage":7,"enemies":"Sphere and 2 Shapes","floor":48,"turns":4},{"damage":86,"enemies":"Awakened One","floor":50,"turns":15}],"seed_played":"-4172622801688092175","potions_obtained":[{"floor":2,"key":"BloodPotion"},{"floor":12,"key":"Strength Potion"},{"floor":16,"key":"Poison Potion"},{"floor":25,"key":"SkillPotion"},{"floor":35,"key":"Strength Potion"},{"floor":37,"key":"Poison Potion"},{"floor":42,"key":"AttackPotion"},{"floor":48,"key":"Poison Potion"}],"is_trial":false,"path_per_floor":["M","M","?","?","$","R","$","R","T","T","R","M","M","M","R","B",null,"M","?","$","?","M","R","?","E","T","R","M","M","R","M","R","B",null,"M","?","M","$","M","R","?","E","T","M","M","$","R","M","R"],"character_chosen":"IRONCLAD","items_purchased":["Swift Strike","Jack Of All Trades","Ghostly Armor","Shrug It Off","Pear","Body Slam+1"],"campfire_rested":1,"item_purchase_floors":[5,20,20,20,38,46],"current_hp_per_floor":[80,80,73,62,62,62,62,62,62,62,62,67,66,60,60,25,80,80,69,69,69,71,71,71,71,78,78,87,75,75,65,65,31,87,87,76,82,92,97,97,97,76,76,64,32,32,32,36,80,0],"gold":143,"neow_bonus":"RANDOM_COMMON_RELIC","is_prod":false,"is_daily":false,"chose_seed":false,"campfire_upgraded":10,"win_rate":0,"timestamp":1530198282,"path_taken":["M","M","?","?","$","R","?","R","T","?","R","M","M","M","R","BOSS","M","?","$","?","?","R","?","E","T","R","?","M","R","M","R","BOSS","M","?","?","?","?","R","?","E","T","M","M","?","R","M","R","BOSS"],"build_version":"2018-06-21v2","purchased_purges":1,"victory":false,"max_hp_per_floor":[80,80,80,80,80,80,80,80,80,80,80,80,80,80,80,80,80,80,80,80,80,80,80,80,80,87,87,87,87,87,87,87,87,87,87,87,87,97,97,97,97,97,97,97,97,97,97,97,97,97],"card_choices":[{"not_picked":["Heavy Blade","Flame Barrier"],"picked":"Cleave","floor":1},{"not_picked":["Headbutt","Rage"],"picked":"Armaments","floor":2},{"not_picked":["Rampage","Wild Strike"],"picked":"Twin Strike","floor":12},{"not_picked":["Power Through","Exhume"],"picked":"Pummel","floor":13},{"not_picked":["Cleave","Havoc"],"picked":"Pommel Strike","floor":14},{"not_picked":["Dark Embrace","Barricade"],"picked":"Reaper","floor":16},{"not_picked":[],"picked":"Hemokinesis","floor":18},{"not_picked":[],"picked":"Perfected Strike","floor":22},{"not_picked":["Bloodletting"],"picked":"SKIP","floor":25},{"not_picked":[],"picked":"Twin Strike","floor":28},{"not_picked":[],"picked":"Burning Pact","floor":29},{"not_picked":[],"picked":"Clash","floor":31},{"not_picked":[],"picked":"Demon Form","floor":33},{"not_picked":[],"picked":"Whirlwind+1","floor":35},{"not_picked":["Shrug It Off"],"picked":"SKIP","floor":37},{"not_picked":[],"picked":"Shrug It Off+1","floor":39},{"not_picked":[],"picked":"Anger+1","floor":42},{"not_picked":["Iron Wave+1","Battle Trance"],"picked":"SKIP","floor":44},{"not_picked":["True Grit+1"],"picked":"Perfected Strike+1","floor":45},{"not_picked":["Twin Strike+1"],"picked":"Clash+1","floor":48}],"player_experience":149761,"relics_obtained":[{"floor":9,"key":"Ancient Tea Set"},{"floor":10,"key":"Ornamental Fan"},{"floor":19,"key":"Red Mask"},{"floor":25,"key":"The Courier"},{"floor":26,"key":"Strawberry"},{"floor":42,"key":"Question Card"},{"floor":43,"key":"Molten Egg 2"}],"event_choices":[{"event_name":"Golden Wing","player_choice":"Card Removal","floor":3,"damage_taken":0},{"event_name":"World of Goop","player_choice":"Gather Gold","floor":4,"damage_taken":0},{"event_name":"Masked Bandits","player_choice":"Fought over 236 gold","floor":19,"damage_taken":0},{"event_name":"The Library","player_choice":"Read","floor":21,"damage_taken":0},{"event_name":"Ghosts","player_choice":"Ignored","floor":24,"damage_taken":0},{"event_name":"Winding Halls","player_choice":"Embrace Madness","floor":36,"damage_taken":0},{"event_name":"Purifier","player_choice":"One Purge","floor":41,"damage_taken":0}],"boss_relics":[{"not_picked":["Pandora\u0027s Box","Ectoplasm"],"picked":"Busted Crown"},{"not_picked":["Black Blood","Lizard Tail"],"picked":"Astrolabe"}],"items_purged_floors":[5],"is_endless":false,"potions_floor_spawned":[2,12,16,19,22,25,29,35,37,42,44,48],"killed_by":"Awakened One","ascension_level":0}