{"gold_per_floor":[116,66,66,79,90,115,115,126,126,141,169,200,200],"floor_reached":13,"playtime":333,"items_purged":[],"score":95,"play_id":"df00ac7c-ab7b-41fd-981b-de0a6f81e112","local_time":"20180704225018","is_ascension_mode":false,"campfire_choices":[{"data":"Defragment","floor":7,"key":"SMITH"}],"neow_cost":"NONE","seed_source_timestamp":215737230482240,"circlet_count":0,"master_deck":["Strike_B","Strike_B+1","Strike_B+1","Defend_B","Defend_B","Defend_B","Zap","Dualcast","BootSequence","Redo","Defragment+1","Beam Cell","Tempest","Echo Form"],"relics":["Cracked Core","Centennial Puzzle","Pear","Odd Mushroom","Prayer Wheel"],"potions_floor_usage":[6,6],"damage_taken":[{"damage":4,"enemies":"2 Louse","floor":1,"turns":3},{"damage":0,"enemies":"Jaw Worm","floor":4,"turns":3},{"damage":0,"enemies":"Small Slimes","floor":5,"turns":2},{"damage":8,"enemies":"Gremlin Nob","floor":6,"turns":3},{"damage":0,"enemies":"Exordium Wildlife","floor":8,"turns":2},{"damage":10,"enemies":"Exordium Thugs","floor":10,"turns":3},{"damage":17,"floor":11,"turns":4},{"damage":21,"enemies":"Lagavulin","floor":12,"turns":5},{"damage":23,"enemies":"Large Slime","floor":13,"turns":3}],"seed_played":"-3866591809760023897","potions_obtained":[{"floor":1,"key":"Poison Potion"},{"floor":5,"key":"Regen Potion"},{"floor":6,"key":"Ancient Potion"},{"floor":11,"key":"FearPotion"}],"is_trial":false,"path_per_floor":["M","?","?","M","M","E","R","M","T","M","?","E"],"character_chosen":"DEFECT","items_purchased":[],"campfire_rested":0,"item_purchase_floors":[],"current_hp_per_floor":[71,71,56,56,56,57,57,57,67,57,40,19,0],"gold":200,"neow_bonus":"REMOVE_CARD","is_prod":false,"is_daily":false,"chose_seed":false,"campfire_upgraded":1,"win_rate":0,"timestamp":1530737418,"path_taken":["M","?","?","?","M","E","R","M","T","M","?","E","M"],"build_version":"2018-06-28","purchased_purges":0,"victory":false,"max_hp_per_floor":[75,75,75,75,75,75,75,75,85,85,85,85,85],"card_choices":[{"not_picked":["Hologram","Fusion"],"picked":"BootSequence","floor":1},{"not_picked":["Streamline","Stack","Blizzard"],"picked":"SKIP","floor":4},{"not_picked":["Coolheaded","Streamline"],"picked":"Redo","floor":5},{"not_picked":["Turbo","Gash"],"picked":"Defragment","floor":6},{"not_picked":["Fusion","Sweeping Beam","Compile Driver"],"picked":"SKIP","floor":8},{"not_picked":["Steam Power","Aggregate"],"picked":"Beam Cell","floor":10},{"not_picked":["Double Energy","Hologram"],"picked":"Tempest","floor":11},{"not_picked":["Redo","Rebound"],"picked":"Echo Form","floor":12}],"player_experience":77223,"relics_obtained":[{"floor":6,"key":"Centennial Puzzle"},{"floor":9,"key":"Pear"},{"floor":11,"key":"Odd Mushroom"},{"floor":12,"key":"Prayer Wheel"}],"event_choices":[{"event_name":"The Cleric","player_choice":"Card Removal","floor":2,"damage_taken":0},{"event_name":"Shining Light","player_choice":"Entered Light","floor":3,"damage_taken":0},{"event_name":"Mushrooms","player_choice":"Fought Mushrooms","floor":11,"damage_taken":0}],"boss_relics":[],"items_purged_floors":[],"is_endless":false,"potions_floor_spawned":[1,5,6,11],"killed_by":"Large Slime","ascension_level":0}