{"gold_per_floor":[115,190,202,1,21,21,47,47,47,74,74,24,43,62,62,62],"floor_reached":16,"playtime":618,"items_purged":[],"score":110,"play_id":"76448b00-0c14-4d4a-9847-c222e1ebb484","local_time":"20180716132115","is_ascension_mode":false,"campfire_choices":[{"data":"Zap","floor":6,"key":"SMITH"},{"floor":8,"key":"REST"},{"floor":15,"key":"REST"}],"neow_cost":"NONE","seed_source_timestamp":13521477415457,"circlet_count":0,"master_deck":["Strike_B","Strike_B","Strike_B","Strike_B","Defend_B","Defend_B","Defend_B","Zap+1","Dualcast","Redo","Hologram","BootSequence","Beam Cell","Amplify+1","Conserve Battery+1","Hologram+1"],"relics":["Cracked Core","Art of War","ClockworkSouvenir","Mango","Girya","Toxic Egg 2","Golden Idol"],"potions_floor_usage":[10,16,16,16],"damage_taken":[{"damage":1,"enemies":"Cultist","floor":1,"turns":3},{"damage":6,"enemies":"Jaw Worm","floor":3,"turns":3},{"damage":5,"enemies":"2 Louse","floor":5,"turns":3},{"damage":36,"enemies":"Gremlin Nob","floor":7,"turns":5},{"damage":21,"enemies":"Lagavulin","floor":10,"turns":7},{"damage":0,"enemies":"Looter","floor":13,"turns":3},{"damage":1,"enemies":"3 Louse","floor":14,"turns":4},{"damage":43,"enemies":"The Guardian","floor":16,"turns":13}],"seed_played":"-7951361533075050376","potions_obtained":[{"floor":5,"key":"SkillPotion"},{"floor":7,"key":"Block Potion"},{"floor":10,"key":"FocusPotion"},{"floor":14,"key":"GamblersBrew"}],"is_trial":false,"path_per_floor":["M","?","M","$","M","R","E","R","T","E","?","?","M","M","R"],"character_chosen":"DEFECT","items_purchased":["ClockworkSouvenir"],"campfire_rested":2,"item_purchase_floors":[4],"current_hp_per_floor":[74,63,57,57,52,52,30,56,56,35,13,13,13,12,38,0],"gold":62,"neow_bonus":"RANDOM_COMMON_RELIC","is_prod":false,"is_daily":false,"chose_seed":false,"campfire_upgraded":1,"win_rate":0,"timestamp":1531714875,"path_taken":["M","?","M","$","M","R","E","R","T","E","?","?","M","M","R","BOSS"],"build_version":"2018-07-12","purchased_purges":0,"victory":false,"max_hp_per_floor":[75,75,75,75,75,75,89,89,89,89,89,89,89,89,89,89],"card_choices":[{"not_picked":["Barrage","Steam Power"],"picked":"Redo","floor":1},{"not_picked":["Ball Lightning","Aggregate"],"picked":"Hologram","floor":3},{"not_picked":["Streamline","Loop"],"picked":"BootSequence","floor":5},{"not_picked":["Undo","Genetic Algorithm"],"picked":"Beam Cell","floor":7},{"not_picked":["Sweeping Beam","Ball Lightning"],"picked":"Amplify","floor":10},{"not_picked":["Cold Snap","Fusion+1"],"picked":"Conserve Battery+1","floor":13},{"not_picked":["Steam Power+1","Sweeping Beam"],"picked":"Hologram+1","floor":14}],"player_experience":180896,"relics_obtained":[{"floor":7,"key":"Mango"},{"floor":9,"key":"Girya"},{"floor":10,"key":"Toxic Egg 2"}],"event_choices":[{"event_name":"World of Goop","player_choice":"Gather Gold","floor":2,"damage_taken":0},{"event_name":"Golden Idol","player_choice":"Take Damage","floor":11,"damage_taken":0},{"event_name":"The Cleric","player_choice":"Card Removal","floor":12,"damage_taken":0}],"boss_relics":[],"items_purged_floors":[],"is_endless":false,"potions_floor_spawned":[5,7,10,14],"killed_by":"The Guardian","ascension_level":0}