{"gold_per_floor":[109,284,284,302,272,305,305,330,381,418,444,468,495,525,537,649,661,686,698,726,751,146,177,177,209,232,266,266,41,73,93,93,193,193,204,215,215,227,274,299,299,330,330,343,361,394,394,405,405,405],"floor_reached":51,"playtime":2952,"items_purged":["Doubt"],"score":1146,"play_id":"338b7a7b-a963-4248-b885-f98d953ba563","local_time":"20190505081820","is_ascension_mode":true,"campfire_choices":[{"data":"Zap","floor":7.0,"key":"SMITH"},{"floor":15.0,"key":"REST"},{"floor":24,"key":"REST"},{"floor":28,"key":"REST"},{"data":"Seek","floor":32,"key":"SMITH"},{"data":"White Noise","floor":41,"key":"SMITH"},{"data":"Defragment","floor":49,"key":"SMITH"}],"neow_cost":"NONE","seed_source_timestamp":0,"circlet_count":0,"master_deck":["Strike_B","Strike_B+1","Strike_B","Strike_B","Defend_B+1","Defend_B","Defend_B+1","Defend_B","Zap+1","Dualcast","Steam+1","White Noise+1","Glacier","Cold Snap","Loop+1","Genetic Algorithm","Electrodynamics","White Noise+1","Seek+1","Magnetism","Capacitor","Self Repair","Defragment+1","Mayhem","Consume+1","Defragment","Parasite"],"special_seed":0,"relics":["Cracked Core","NeowsBlessing","Dream Catcher","War Paint","MawBank","Oddly Smooth Stone","Philosopher\u0027s Stone","Membership Card","Bird Faced Urn","Vajra","Smiling Mask","Singing Bowl","Boot","Bag of Preparation","Runic Capacitor","FossilizedHelix","Runic Dome","Girya","Juzu Bracelet","Kunai","Darkstone Periapt","Happy Flower"],"potions_floor_usage":[23,25,27,33,35,40,50,50,50],"damage_taken":[{"damage":0.0,"enemies":"2 Louse","floor":1.0,"turns":1.0},{"damage":0.0,"enemies":"Small Slimes","floor":4.0,"turns":1.0},{"damage":0.0,"enemies":"Gremlin Nob","floor":6.0,"turns":1.0},{"damage":7.0,"enemies":"Lagavulin","floor":8.0,"turns":7.0},{"damage":35.0,"enemies":"Gremlin Nob","floor":10.0,"turns":6.0},{"damage":0.0,"enemies":"Cultist","floor":11.0,"turns":4.0},{"damage":7.0,"enemies":"Large Slime","floor":12.0,"turns":6.0},{"damage":0.0,"enemies":"Exordium Thugs","floor":13.0,"turns":5.0},{"damage":2.0,"enemies":"Looter","floor":14.0,"turns":4.0},{"damage":14.0,"enemies":"Hexaghost","floor":16.0,"turns":12.0},{"damage":17.0,"enemies":"2 Thieves","floor":18.0,"turns":4.0},{"damage":8.0,"enemies":"Chosen","floor":20.0,"turns":6.0},{"damage":9.0,"enemies":"Centurion and Healer","floor":21.0,"turns":7.0},{"damage":13,"enemies":"Gremlin Leader","floor":23,"turns":5},{"damage":32,"enemies":"Book of Stabbing","floor":25,"turns":6},{"damage":28,"enemies":"Gremlin Leader","floor":27,"turns":7},{"damage":10,"enemies":"Slavers","floor":30,"turns":4},{"damage":0,"enemies":"Cultist and Chosen","floor":31,"turns":6},{"damage":22,"enemies":"Collector","floor":33,"turns":6},{"damage":34,"enemies":"3 Darklings","floor":35,"turns":4},{"damage":0,"enemies":"Orb Walker","floor":36,"turns":4},{"damage":0,"enemies":"4 Shapes","floor":38,"turns":4},{"damage":40,"enemies":"2 Orb Walkers","floor":39,"turns":4},{"damage":0,"enemies":"Giant Head","floor":40,"turns":7},{"damage":3,"enemies":"Nemesis","floor":42,"turns":7},{"damage":0,"enemies":"Maw","floor":44,"turns":7},{"damage":0,"enemies":"3 Darklings","floor":45,"turns":3},{"damage":52,"enemies":"Reptomancer","floor":46,"turns":6},{"damage":10,"enemies":"Writhing Mass","floor":48,"turns":5},{"damage":62,"enemies":"Awakened One","floor":50,"turns":9}],"seed_played":"1765520696704704379","potions_obtained":[{"floor":4.0,"key":"Fire Potion"},{"floor":5.0,"key":"EntropicBrew"},{"floor":5.0,"key":"SmokeBomb"},{"floor":6.0,"key":"PowerPotion"},{"floor":11.0,"key":"EntropicBrew"},{"floor":20.0,"key":"Block Potion"},{"floor":25,"key":"SkillPotion"},{"floor":27,"key":"FocusPotion"},{"floor":33,"key":"Fruit Juice"},{"floor":36,"key":"SteroidPotion"},{"floor":37,"key":"Regen Potion"},{"floor":37,"key":"Strength Potion"},{"floor":45,"key":"Regen Potion"},{"floor":48,"key":"SkillPotion"}],"is_trial":false,"path_per_floor":["M","?","?","M","?","E","R","E","T","E","M","M","M","M","R","B",null,"M","?","M","M","$","E","R","E","T","E","R","$","E","M","R","B",null,"M","M","?","M","?","E","R","E","T","M","M","E","?","M","R","B",null],"character_chosen":"DEFECT","items_purchased":["Membership Card","Bird Faced Urn","Vajra","Magnetism","Capacitor","Block Potion","Runic Capacitor","Defragment","Mayhem"],"campfire_rested":3,"item_purchase_floors":[22,22,22,22,22,22,29,29,29],"current_hp_per_floor":[75,75,60,60,60,60,60,53,53,18,18,11,11,9,31,17,61,44,44,36,27,27,28,50,30,30,25,50,50,56,77,77,82,84,71,90,90,92,69,96,96,98,98,100,102,75,75,91,91,81],"gold":405,"neow_bonus":"THREE_ENEMY_KILL","is_prod":false,"is_daily":false,"chose_seed":false,"campfire_upgraded":4,"win_rate":0,"timestamp":1557058700,"path_taken":["M","?","?","M","?","E","R","E","T","E","M","M","?","M","R","BOSS","M","?","M","M","$","E","R","E","T","E","R","?","E","M","R","BOSS","M","M","?","?","?","E","R","E","T","M","M","E","?","M","R","BOSS"],"build_version":"2019-01-23","purchased_purges":1,"victory":true,"max_hp_per_floor":[75,75,75,75,75,75,75,75,75,75,75,75,75,75,75,75,75,75,75,75,75,75,75,75,75,75,77,79,79,81,83,83,85,85,92,92,92,92,94,96,96,98,98,100,102,104,99,107,107,107],"card_choices":[{"not_picked":["Barrage","Gash"],"picked":"Steam","floor":1.0},{"not_picked":["Beam Cell","Redo","Go for the Eyes"],"picked":"SKIP","floor":4.0},{"not_picked":["Loop","Turbo"],"picked":"White Noise","floor":6.0},{"not_picked":["Barrage","Double Energy"],"picked":"Glacier","floor":8.0},{"not_picked":["Aggregate","Echo Form"],"picked":"Cold Snap","floor":10.0},{"not_picked":["Barrage","Streamline","Doom and Gloom"],"picked":"SKIP","floor":11.0},{"not_picked":["Barrage","Skim"],"picked":"Loop","floor":12.0},{"not_picked":["Streamline","Steam","Static Discharge"],"picked":"SKIP","floor":13.0},{"not_picked":["Barrage","FTL"],"picked":"Genetic Algorithm","floor":14.0},{"not_picked":["All For One","Thunder Strike"],"picked":"Electrodynamics","floor":16.0},{"not_picked":["Turbo","Go for the Eyes+1"],"picked":"White Noise+1","floor":18.0},{"not_picked":["Rebound","Barrage"],"picked":"Seek","floor":20.0},{"not_picked":["Hologram+1","Doom and Gloom","Genetic Algorithm"],"picked":"SKIP","floor":21.0},{"not_picked":["Conserve Battery","Melter","Lockon"],"picked":"SKIP","floor":23},{"not_picked":["Melter","Aggregate"],"picked":"Self Repair","floor":25},{"not_picked":["Rainbow","Scrape","Rebound"],"picked":"Singing Bowl","floor":27},{"not_picked":["Ball Lightning","Streamline","Gash"],"picked":"Singing Bowl","floor":28},{"not_picked":["Redo","Ball Lightning","Go for the Eyes+1"],"picked":"Singing Bowl","floor":30},{"not_picked":["Ball Lightning","Sweeping Beam","Barrage"],"picked":"Singing Bowl","floor":31},{"not_picked":["Hyperbeam","Rainbow","Fission"],"picked":"Singing Bowl","floor":33},{"not_picked":["Aggregate","Leap+1","Beam Cell"],"picked":"Singing Bowl","floor":35},{"not_picked":["Glacier","Turbo+1"],"picked":"Consume+1","floor":36},{"not_picked":["Go for the Eyes+1","Darkness+1"],"picked":"Defragment","floor":38},{"not_picked":["Rebound","Gash","Fission"],"picked":"Singing Bowl","floor":39},{"not_picked":["Sunder","Rip and Tear","Hologram"],"picked":"Singing Bowl","floor":40},{"not_picked":["Turbo","Doom and Gloom+1","Blizzard"],"picked":"Singing Bowl","floor":42},{"not_picked":["Steam+1","Rebound+1","Sweeping Beam"],"picked":"Singing Bowl","floor":44},{"not_picked":["Go for the Eyes","Steam+1","Double Energy"],"picked":"Singing Bowl","floor":45},{"not_picked":["Conserve Battery+1","Auto Shields","Gash"],"picked":"Singing Bowl","floor":46},{"not_picked":["Barrage","Skim","Buffer"],"picked":"Singing Bowl","floor":48}],"player_experience":736346,"relics_obtained":[{"floor":6.0,"key":"Dream Catcher"},{"floor":8.0,"key":"War Paint"},{"floor":9.0,"key":"MawBank"},{"floor":10.0,"key":"Oddly Smooth Stone"},{"floor":23,"key":"Smiling Mask"},{"floor":25,"key":"Singing Bowl"},{"floor":26,"key":"Boot"},{"floor":27,"key":"Bag of Preparation"},{"floor":30,"key":"FossilizedHelix"},{"floor":39,"key":"Girya"},{"floor":40,"key":"Juzu Bracelet"},{"floor":42,"key":"Kunai"},{"floor":43,"key":"Darkstone Periapt"},{"floor":46,"key":"Happy Flower"}],"event_choices":[{"damage_healed":0.0,"max_hp_gain":0.0,"max_hp_loss":0.0,"gold_gain":175.0,"event_name":"Liars Game","player_choice":"AGREE","floor":2.0,"gold_loss":0.0,"damage_taken":0.0,"cards_obtained":["Doubt"]},{"damage_healed":0.0,"max_hp_gain":0.0,"max_hp_loss":0.0,"gold_gain":0.0,"event_name":"Shining Light","player_choice":"Entered Light","floor":3.0,"gold_loss":0.0,"damage_taken":15.0,"cards_upgraded":["Strike_B","Defend_B"]},{"damage_healed":0.0,"max_hp_gain":0.0,"max_hp_loss":0.0,"gold_gain":0.0,"event_name":"The Woman in Blue","player_choice":"Bought 2 Potions","floor":5.0,"gold_loss":0.0,"damage_taken":0.0},{"damage_healed":0.0,"max_hp_gain":0.0,"max_hp_loss":0.0,"gold_gain":0.0,"event_name":"Upgrade Shrine","player_choice":"Upgraded","floor":19.0,"gold_loss":0.0,"damage_taken":0.0,"cards_upgraded":["Loop"]},{"damage_healed":0,"gold_gain":0,"player_choice":"Got Potions","damage_taken":0,"max_hp_gain":0,"max_hp_loss":0,"event_name":"Lab","floor":37,"gold_loss":0},{"damage_healed":0,"gold_gain":0,"player_choice":"Fight","damage_taken":0,"max_hp_gain":0,"max_hp_loss":0,"event_name":"Mysterious Sphere","floor":39,"gold_loss":0},{"damage_healed":0,"gold_gain":0,"player_choice":"Max HP","damage_taken":0,"max_hp_gain":0,"max_hp_loss":5,"event_name":"Winding Halls","floor":47,"gold_loss":0}],"is_beta":false,"boss_relics":[{"not_picked":["Astrolabe","Runic Pyramid"],"picked":"Philosopher\u0027s Stone"},{"not_picked":["Cursed Key","Orrery"],"picked":"Runic Dome"}],"items_purged_floors":[22],"is_endless":false,"potions_floor_spawned":[4,6,11,14,20,25,27,33,36,38,45,46,48],"ascension_level":5}