{"gold_per_floor":[109,109,120,120,120,154,177,177,253,270,289,18,51,62,62,166,166,185,197,197,197,211,222,222,241,241,273,292,217,217],"floor_reached":30,"playtime":2009,"items_purged":["Strike_B"],"score":287,"play_id":"2efecfc0-bd4b-4826-945b-7058edf528bb","local_time":"20180714185750","is_ascension_mode":false,"campfire_choices":[{"data":"Zap","floor":8.0,"key":"SMITH"},{"floor":15.0,"key":"REST"},{"data":"Decay","floor":24,"key":"PURGE"}],"neow_cost":"","seed_source_timestamp":165427162740331,"circlet_count":0,"master_deck":["Strike_B","Strike_B","Strike_B","Defend_B","Defend_B+1","Defend_B+1","Defend_B","Zap+1","Dualcast","Redo+1","Cold Snap","Hologram","Melter","Glacier","Beam Cell","Reboot","Conserve Battery+1","Cold Snap","Capacitor","Glacier","All For One+1"],"special_seed":0,"relics":["Cracked Core","Torii","Bag of Preparation","Blue Candle","ClockworkSouvenir","Peace Pipe","Nuclear Battery","Potion Belt","Mango","Molten Egg 2"],"potions_floor_usage":[23],"damage_taken":[{"damage":16.0,"enemies":"Jaw Worm","floor":1.0,"turns":4.0},{"damage":1.0,"enemies":"Cultist","floor":3.0,"turns":3.0},{"damage":11.0,"enemies":"3 Sentries","floor":6.0,"turns":7.0},{"damage":0.0,"enemies":"2 Louse","floor":10.0,"turns":2.0},{"damage":1.0,"enemies":"Exordium Wildlife","floor":11.0,"turns":3.0},{"damage":0.0,"enemies":"Gremlin Nob","floor":13.0,"turns":3.0},{"damage":7.0,"enemies":"Exordium Thugs","floor":14.0,"turns":4.0},{"damage":15.0,"enemies":"Hexaghost","floor":16.0,"turns":16.0},{"damage":4.0,"enemies":"3 Byrds","floor":18.0,"turns":5.0},{"damage":0.0,"enemies":"Chosen","floor":19.0,"turns":4.0},{"damage":15,"enemies":"Snake Plant","floor":22,"turns":6},{"damage":1,"enemies":"Snecko","floor":23,"turns":6},{"damage":1,"enemies":"Sentry and Sphere","floor":25,"turns":4},{"damage":47,"enemies":"Book of Stabbing","floor":27,"turns":9},{"damage":1,"enemies":"Centurion and Healer","floor":28,"turns":7},{"damage":20,"enemies":"3 Cultists","floor":30,"turns":5}],"seed_played":"1098374671780544002","potions_obtained":[{"floor":2.0,"key":"FocusPotion"},{"floor":2.0,"key":"FairyPotion"},{"floor":2.0,"key":"SkillPotion"},{"floor":3.0,"key":"LiquidBronze"},{"floor":10.0,"key":"Strength Potion"},{"floor":11.0,"key":"SkillPotion"},{"floor":22,"key":"SkillPotion"},{"floor":25,"key":"EssenceOfSteel"},{"floor":28,"key":"SmokeBomb"}],"is_trial":false,"path_per_floor":["M","?","M","?","?","E","T","R","T","M","M","$","E","M","R","B",null,"M","M","?","?","M","M","R","M","T","E","M","?"],"character_chosen":"DEFECT","items_purchased":["ClockworkSouvenir"],"campfire_rested":1,"item_purchase_floors":[12],"current_hp_per_floor":[59,59,58,58,43,32,32,32,32,32,31,31,31,24,46,31,75,71,71,71,71,56,55,55,54,68,21,20,20,0],"gold":217,"neow_bonus":"","is_prod":false,"is_daily":false,"chose_seed":false,"campfire_upgraded":1,"win_rate":0.0,"timestamp":1531562270,"path_taken":["M","?","M","?","?","E","?","R","T","M","?","?","E","M","R","BOSS","M","M","?","?","M","?","R","M","T","E","M","?","M"],"build_version":"2018-07-12","purchased_purges":1,"victory":false,"max_hp_per_floor":[75,75,75,75,75,75,75,75,75,75,75,75,75,75,75,75,75,75,75,75,75,75,75,75,75,89,89,89,89,89],"card_choices":[{"not_picked":["Beam Cell","Fusion"],"picked":"Redo","floor":1.0},{"not_picked":["Sweeping Beam","Redo","Reprogram"],"picked":"SKIP","floor":3.0},{"not_picked":["Coolheaded","Conserve Battery"],"picked":"Cold Snap","floor":6.0},{"not_picked":["Double Energy","Redo"],"picked":"Hologram","floor":10.0},{"not_picked":["Steam","Undo"],"picked":"Melter","floor":11.0},{"not_picked":["Darkness","Beam Cell"],"picked":"Glacier","floor":13.0},{"not_picked":["Fusion","Scrape"],"picked":"Beam Cell","floor":14.0},{"not_picked":["Thunder Strike","Rainbow"],"picked":"Reboot","floor":16.0},{"not_picked":["Go for the Eyes","Hologram"],"picked":"Conserve Battery+1","floor":18.0},{"not_picked":["Hologram","Gash","Rip and Tear"],"picked":"SKIP","floor":19.0},{"not_picked":["Barrage+1","Conserve Battery"],"picked":"Cold Snap","floor":22},{"not_picked":["Sweeping Beam+1","Rainbow"],"picked":"Capacitor","floor":23},{"not_picked":["Steam+1","Streamline"],"picked":"Glacier","floor":25},{"not_picked":["Stack","Go for the Eyes"],"picked":"All For One","floor":27},{"not_picked":["Redo","Conserve Battery","Streamline+1"],"picked":"SKIP","floor":28}],"player_experience":157605,"relics_obtained":[{"floor":6.0,"key":"Torii"},{"floor":7.0,"key":"Bag of Preparation"},{"floor":9.0,"key":"Blue Candle"},{"floor":13.0,"key":"Peace Pipe"},{"floor":26,"key":"Mango"},{"floor":27,"key":"Molten Egg 2"}],"event_choices":[{"event_name":"The Lab","player_choice":"Got Potions","floor":2.0,"damage_taken":0.0},{"event_name":"Accursed Blacksmith","player_choice":"Forge","floor":4.0,"damage_taken":0.0},{"event_name":"Shining Light","player_choice":"Entered Light","floor":5.0,"damage_taken":0.0},{"event_name":"The Mausoleum","player_choice":"Yes","floor":20.0,"damage_taken":0.0},{"event_name":"Wheel of Change","player_choice":"Curse","floor":21,"damage_taken":0},{"event_name":"Beggar","player_choice":"Gave Gold","floor":29,"damage_taken":0}],"boss_relics":[{"not_picked":["Ectoplasm","Tiny House"],"picked":"Nuclear Battery"}],"items_purged_floors":[12],"is_endless":false,"potions_floor_spawned":[3,10,11,22,25,28],"killed_by":"3 Cultists","ascension_level":0}