{"gold_per_floor":[115,115,128,128,145,145,95,95,122,149,162,173,173,207,207,308,308,323,23,35,55,55,90,90,15,15,32,32],"floor_reached":28,"playtime":1815,"items_purged":["Strike_G"],"score":384,"play_id":"d66e3330-96de-44f4-97e4-4ece8b803657","local_time":"20190510031801","is_ascension_mode":true,"campfire_choices":[{"data":"Predator","floor":6,"key":"SMITH"},{"data":"Neutralize","floor":8,"key":"SMITH"},{"data":"Quick Slash","floor":13,"key":"SMITH"},{"data":"Blade Dance","floor":15,"key":"SMITH"},{"floor":24,"key":"REST"}],"neow_cost":"NONE","seed_source_timestamp":914756094278432,"circlet_count":0,"master_deck":["AscendersBane","Defend_G","Defend_G","Defend_G","Defend_G","Defend_G","Strike_G+1","Strike_G+1","Survivor","Neutralize+1","Expertise","Predator+1","Terror","Dodge and Roll","PiercingWail","Quick Slash+1","Escape Plan","Blade Dance+1","Corpse Explosion","Noxious Fumes+1","Well Laid Plans","Backflip","Cloak And Dagger","Blur+1","Acrobatics","Decay","Accuracy","Blade Dance"],"relics":["Philosopher\u0027s Stone","Pen Nib","Letter Opener","Matryoshka","Runic Pyramid","Whetstone","Centennial Puzzle","Nunchaku"],"potions_floor_usage":[16,16,23,28],"damage_taken":[{"damage":12,"enemies":"Jaw Worm","floor":1,"turns":4},{"damage":8,"enemies":"Small Slimes","floor":3,"turns":4},{"damage":0,"enemies":"2 Louse","floor":5,"turns":4},{"damage":16,"enemies":"Lagavulin","floor":10,"turns":6},{"damage":3,"enemies":"2 Fungi Beasts","floor":11,"turns":4},{"damage":7,"enemies":"Looter","floor":12,"turns":2},{"damage":14,"enemies":"3 Sentries","floor":14,"turns":8},{"damage":8,"enemies":"Hexaghost","floor":16,"turns":6},{"damage":6,"enemies":"Chosen","floor":18,"turns":3},{"damage":11,"enemies":"Spheric Guardian","floor":20,"turns":6},{"damage":0,"enemies":"3 Cultists","floor":21,"turns":3},{"damage":25,"enemies":"Slavers","floor":23,"turns":3},{"damage":17,"enemies":"Snake Plant","floor":27,"turns":4},{"damage":23,"enemies":"Gremlin Leader","floor":28,"turns":3}],"seed_played":"-124996124305397120","potions_obtained":[{"floor":5,"key":"Strength Potion"},{"floor":10,"key":"Strength Potion"},{"floor":23,"key":"Swift Potion"},{"floor":27,"key":"FearPotion"}],"is_trial":false,"path_per_floor":["M","?","M","?","M","R","?","R","T","E","M","M","R","E","R","B",null,"M","$","M","M","?","E","R","$","T","M","E"],"character_chosen":"THE_SILENT","items_purchased":["Well Laid Plans","Swift Potion","Backflip","Cloak And Dagger","Accuracy"],"campfire_rested":1,"item_purchase_floors":[19,19,19,19,25],"current_hp_per_floor":[51,51,43,66,66,66,66,66,66,50,47,40,40,26,26,18,57,51,51,40,40,40,15,36,36,36,19,0],"gold":32,"neow_bonus":"BOSS_RELIC","is_prod":false,"is_daily":false,"chose_seed":false,"campfire_upgraded":4,"win_rate":0,"timestamp":1557472681,"path_taken":["M","?","M","?","M","R","?","R","T","E","M","?","R","E","R","BOSS","M","$","M","M","?","E","R","$","T","M","E"],"build_version":"2019-01-23","purchased_purges":1,"victory":false,"max_hp_per_floor":[70,70,70,70,70,70,70,70,70,70,70,70,70,70,70,70,70,70,70,70,70,70,70,70,70,70,70,70],"card_choices":[{"not_picked":["Prepared","Underhanded Strike"],"picked":"Expertise","floor":1},{"not_picked":["Blade Dance","Tactician"],"picked":"Terror","floor":3},{"not_picked":["Flying Knee","Slice"],"picked":"Dodge and Roll","floor":5},{"not_picked":["Dodge and Roll","Skewer"],"picked":"PiercingWail","floor":10},{"not_picked":["Endless Agony","Grand Finale"],"picked":"Quick Slash","floor":11},{"not_picked":["Heel Hook","Prepared"],"picked":"Escape Plan","floor":12},{"not_picked":["Quick Slash","Distraction"],"picked":"Blade Dance","floor":14},{"not_picked":["Glass Knife","Burst"],"picked":"Corpse Explosion","floor":16},{"not_picked":["Dagger Spray","Dagger Throw+1"],"picked":"Noxious Fumes+1","floor":18},{"not_picked":["Deflect","Deadly Poison"],"picked":"Blur+1","floor":20},{"not_picked":["Setup","Catalyst"],"picked":"Acrobatics","floor":21},{"not_picked":["Bouncing Flask","Expertise","Reflex"],"picked":"SKIP","floor":23},{"not_picked":["Sucker Punch","Quick Slash+1"],"picked":"Blade Dance","floor":27}],"player_experience":363129,"relics_obtained":[{"floor":9,"key":"Pen Nib"},{"floor":10,"key":"Letter Opener"},{"floor":14,"key":"Matryoshka"},{"floor":23,"key":"Whetstone"},{"floor":26,"key":"Centennial Puzzle"},{"floor":26,"key":"Nunchaku"}],"event_choices":[{"damage_healed":0,"gold_gain":0,"cards_transformed":["Strike_G"],"player_choice":"Change","damage_taken":0,"max_hp_gain":0,"max_hp_loss":0,"event_name":"Living Wall","floor":2,"gold_loss":0,"cards_obtained":["Predator"]},{"damage_healed":23,"gold_gain":0,"player_choice":"Banana","damage_taken":0,"max_hp_gain":0,"max_hp_loss":0,"event_name":"Big Fish","floor":4,"gold_loss":0},{"cards_removed":["Strike_G"],"damage_healed":0,"gold_gain":0,"player_choice":"Card Removal","damage_taken":0,"max_hp_gain":0,"max_hp_loss":0,"event_name":"The Cleric","floor":7,"gold_loss":50},{"damage_healed":0,"gold_gain":0,"player_choice":"Smashed Altar","damage_taken":0,"max_hp_gain":0,"max_hp_loss":0,"event_name":"Forgotten Altar","floor":22,"gold_loss":0,"cards_obtained":["Decay"]}],"is_beta":false,"boss_relics":[{"not_picked":["Snecko Eye","Calling Bell"],"picked":"Runic Pyramid"}],"items_purged_floors":[19],"is_endless":false,"potions_floor_spawned":[5,10,12,23,27],"killed_by":"Gremlin Leader","ascension_level":11}