{"gold_per_floor":[115,115,135,154,170,195,195,220,246,246,259,276,308,328,328,423,423,440,166,178,178,192,192],"floor_reached":23,"playtime":1811,"items_purged":["Defend_R"],"score":272,"play_id":"3e9e5235-3fbf-4523-afa2-7f96169ca7b1","local_time":"20190524204540","is_ascension_mode":true,"campfire_choices":[{"data":"Barricade","floor":10,"key":"SMITH"},{"floor":15,"key":"REST"}],"neow_cost":"NONE","seed_source_timestamp":272108309742800,"circlet_count":0,"master_deck":["Strike_R+1","Strike_R","Strike_R","Strike_R+1","Defend_R","Defend_R","Defend_R","Bash","Cleave","Body Slam","Shrug It Off","Barricade+1","Shrug It Off","Twin Strike","Cleave","Battle Trance","Armaments+1","Flame Barrier"],"relics":["Burning Blood","Du-Vu Doll","Strawberry","Boot","Whetstone","Sozu","Sling"],"potions_floor_usage":[6,16,16,16,23],"damage_taken":[{"damage":1,"enemies":"Cultist","floor":1,"turns":4},{"damage":7,"enemies":"Jaw Worm","floor":3,"turns":3},{"damage":0,"enemies":"Small Slimes","floor":4,"turns":2},{"damage":12,"enemies":"Blue Slaver","floor":5,"turns":5},{"damage":50,"enemies":"Gremlin Nob","floor":6,"turns":5},{"damage":37,"enemies":"3 Sentries","floor":8,"turns":11},{"damage":10,"enemies":"Looter","floor":11,"turns":4},{"damage":3,"enemies":"3 Louse","floor":12,"turns":3},{"damage":24,"enemies":"Gremlin Nob","floor":13,"turns":5},{"damage":10,"enemies":"2 Fungi Beasts","floor":14,"turns":3},{"damage":15,"enemies":"The Guardian","floor":16,"turns":19},{"damage":24,"enemies":"Shell Parasite","floor":18,"turns":15},{"damage":32,"enemies":"2 Thieves","floor":20,"turns":5},{"damage":28,"enemies":"Snake Plant","floor":22,"turns":7},{"damage":42,"enemies":"Book of Stabbing","floor":23,"turns":6}],"seed_played":"4936920791354775186","potions_obtained":[{"floor":3,"key":"FearPotion"},{"floor":6,"key":"Dexterity Potion"},{"floor":8,"key":"Swift Potion"},{"floor":14,"key":"AttackPotion"},{"floor":16,"key":"Swift Potion"}],"is_trial":false,"path_per_floor":["M","?","M","M","M","E","?","E","T","R","M","M","E","M","R","B",null,"M","$","M","?","M","E"],"character_chosen":"IRONCLAD","items_purchased":["Sling"],"campfire_rested":1,"item_purchase_floors":[19],"current_hp_per_floor":[88,81,80,86,80,36,65,41,41,41,37,40,22,18,46,37,95,77,77,51,51,29,0],"gold":192,"neow_bonus":"TEN_PERCENT_HP_BONUS","is_prod":false,"is_daily":false,"chose_seed":false,"campfire_upgraded":1,"win_rate":0,"timestamp":1558755940,"path_taken":["M","?","M","M","M","E","?","E","T","R","M","M","E","M","R","BOSS","M","$","M","?","?","E"],"build_version":"2019-01-23","purchased_purges":1,"victory":false,"max_hp_per_floor":[88,88,88,88,88,88,88,95,95,95,95,95,95,95,95,95,95,95,95,95,95,95,95],"card_choices":[{"not_picked":["Anger","Clothesline"],"picked":"Cleave","floor":1},{"not_picked":["Disarm","Warcry","Wild Strike"],"picked":"SKIP","floor":3},{"not_picked":["Sentinel","Fire Breathing"],"picked":"Body Slam","floor":4},{"not_picked":["Heavy Blade","Feel No Pain"],"picked":"Shrug It Off","floor":5},{"not_picked":["Rupture","Bloodletting"],"picked":"Barricade","floor":6},{"not_picked":["Heavy Blade","Clothesline"],"picked":"Shrug It Off","floor":8},{"not_picked":["Intimidate","Headbutt"],"picked":"Twin Strike","floor":11},{"not_picked":["Havoc","Combust"],"picked":"Cleave","floor":12},{"not_picked":["Ghostly Armor","Dark Embrace","Havoc"],"picked":"SKIP","floor":13},{"not_picked":["Body Slam","True Grit"],"picked":"Battle Trance","floor":14},{"not_picked":["Iron Wave","Thunderclap"],"picked":"Armaments+1","floor":18},{"not_picked":["Whirlwind","Burning Pact","Havoc"],"picked":"SKIP","floor":20},{"not_picked":["Dropkick","Heavy Blade"],"picked":"Flame Barrier","floor":22}],"player_experience":76180,"relics_obtained":[{"floor":6,"key":"Du-Vu Doll"},{"floor":8,"key":"Strawberry"},{"floor":9,"key":"Boot"},{"floor":13,"key":"Whetstone"}],"event_choices":[{"cards_removed":["Strike_R"],"damage_healed":0,"gold_gain":0,"player_choice":"Card Removal","damage_taken":7,"max_hp_gain":0,"max_hp_loss":0,"event_name":"Golden Wing","floor":2,"gold_loss":0},{"damage_healed":29,"gold_gain":0,"player_choice":"Banana","damage_taken":0,"max_hp_gain":0,"max_hp_loss":0,"event_name":"Big Fish","floor":7,"gold_loss":0},{"damage_healed":0,"gold_gain":0,"player_choice":"Leave","damage_taken":0,"max_hp_gain":0,"max_hp_loss":0,"event_name":"FaceTrader","floor":21,"gold_loss":0}],"is_beta":false,"boss_relics":[{"not_picked":["Runic Dome","Lizard Tail"],"picked":"Sozu"}],"items_purged_floors":[19],"is_endless":false,"potions_floor_spawned":[3,6,8,14,16,20,22],"killed_by":"Book of Stabbing","ascension_level":3}