{"gold_per_floor":[114,114,39,53,69,69,85,85,112,144,163,5,5,25,25,25],"floor_reached":16,"playtime":802,"items_purged":["Strike_B"],"score":199,"play_id":"27e58845-bd93-4615-a6dc-288765148903","local_time":"20190605184333","is_ascension_mode":true,"campfire_choices":[{"data":"Zap","floor":6,"key":"SMITH"},{"data":"Darkness","floor":8,"key":"SMITH"},{"data":"Conserve Battery","floor":15,"key":"SMITH"}],"neow_cost":"NONE","seed_source_timestamp":44291315082829,"circlet_count":0,"master_deck":["AscendersBane","Strike_B","Strike_B","Defend_B","Defend_B","Defend_B","Defend_B","Zap+1","Dualcast","Coolheaded","Conserve Battery+1","Darkness+1","Steam","Seek"],"relics":["Cracked Core","NeowsBlessing","Vajra","Anchor","Orichalcum"],"potions_floor_usage":[16],"damage_taken":[{"damage":0,"enemies":"2 Louse","floor":1,"turns":1},{"damage":0,"enemies":"Cultist","floor":4,"turns":1},{"damage":0,"enemies":"Jaw Worm","floor":5,"turns":1},{"damage":4,"enemies":"Blue Slaver","floor":7,"turns":4},{"damage":28,"enemies":"3 Sentries","floor":10,"turns":8},{"damage":5,"enemies":"Exordium Wildlife","floor":11,"turns":5},{"damage":0,"enemies":"2 Fungi Beasts","floor":14,"turns":4},{"damage":23,"enemies":"The Guardian","floor":16,"turns":2}],"seed_played":"7780177352227389075","potions_obtained":[{"floor":1,"key":"Poison Potion"},{"floor":7,"key":"Explosive Potion"},{"floor":10,"key":"PowerPotion"}],"is_trial":false,"path_per_floor":["M","?","$","M","M","R","M","R","T","E","M","$","?","M","R","B"],"character_chosen":"DEFECT","items_purchased":["Orichalcum"],"campfire_rested":0,"item_purchase_floors":[12],"current_hp_per_floor":[64,64,64,64,64,64,60,60,60,32,27,27,20,20,20,0],"gold":25,"neow_bonus":"THREE_ENEMY_KILL","is_prod":false,"is_daily":false,"chose_seed":false,"campfire_upgraded":3,"win_rate":0,"timestamp":1559785413,"path_taken":["M","?","$","M","?","R","M","R","T","E","M","$","?","M","R","BOSS"],"build_version":"2019-01-23","purchased_purges":1,"victory":false,"max_hp_per_floor":[71,71,71,71,71,71,71,71,71,71,71,71,71,71,71,71],"card_choices":[{"not_picked":["Loop","Barrage","Streamline"],"picked":"SKIP","floor":1},{"not_picked":["FTL","Gash","Rebound"],"picked":"SKIP","floor":4},{"not_picked":["Go for the Eyes","Lockon"],"picked":"Conserve Battery","floor":5},{"not_picked":["Steam Power","Force Field"],"picked":"Darkness","floor":7},{"not_picked":["Consume","Genetic Algorithm"],"picked":"Steam","floor":10},{"not_picked":["Conserve Battery","Barrage","Gash"],"picked":"SKIP","floor":11},{"not_picked":["Barrage","Cold Snap"],"picked":"Seek","floor":14}],"player_experience":829746,"relics_obtained":[{"floor":9,"key":"Vajra"},{"floor":10,"key":"Anchor"}],"event_choices":[{"damage_healed":0,"gold_gain":0,"player_choice":"1 cards matched","damage_taken":0,"max_hp_gain":0,"max_hp_loss":0,"event_name":"Match and Keep!","floor":2,"gold_loss":0,"cards_obtained":["Coolheaded"]},{"cards_removed":["Strike_B"],"damage_healed":0,"gold_gain":0,"player_choice":"Card Removal","damage_taken":7,"max_hp_gain":0,"max_hp_loss":0,"event_name":"Golden Wing","floor":13,"gold_loss":0}],"is_beta":false,"boss_relics":[],"items_purged_floors":[3],"is_endless":false,"potions_floor_spawned":[1,7,10],"killed_by":"The Guardian","ascension_level":19}