{"gold_per_floor":[115,131,143,143,93,122,139,166,244,256,256,274,274,87,87,187,187,197,197,215,9,19,19],"floor_reached":23,"playtime":2234,"items_purged":[],"score":228,"play_id":"f262bf83-7f4a-48b4-845b-b250b16d1846","local_time":"20190522213415","is_ascension_mode":false,"campfire_choices":[{"floor":13,"key":"REST"},{"data":"Metallicize","floor":15,"key":"SMITH"}],"neow_cost":"NONE","seed_source_timestamp":101758618872300,"circlet_count":0,"master_deck":["Strike_R","Strike_R","Strike_R","Defend_R","Defend_R","Defend_R","Defend_R","Bash","Cleave","Cleave","Twin Strike","Shrug It Off","Bloodletting","Second Wind","Headbutt","Iron Wave","Metallicize+1","Demon Form","Whirlwind","Rampage","Iron Wave","Metallicize","True Grit","Brutality","Clash","Anger","Iron Wave+1"],"special_seed":0,"relics":["Burning Blood","Mango","Charon\u0027s Ashes","PreservedInsect","Paper Frog","Strawberry","Nloth\u0027s Gift","Vajra"],"potions_floor_usage":[16,18,20],"damage_taken":[{"damage":15,"enemies":"Jaw Worm","floor":1,"turns":5},{"damage":5,"enemies":"2 Louse","floor":2,"turns":3},{"damage":1,"enemies":"Cultist","floor":3,"turns":3},{"damage":22,"enemies":"3 Sentries","floor":6,"turns":5},{"damage":2,"enemies":"Blue Slaver","floor":7,"turns":6},{"damage":38,"enemies":"Gremlin Nob","floor":8,"turns":5},{"damage":10,"enemies":"Gremlin Gang","floor":10,"turns":4},{"damage":6,"enemies":"Red Slaver","floor":12,"turns":4},{"damage":70,"enemies":"Hexaghost","floor":16,"turns":13},{"damage":21,"enemies":"2 Thieves","floor":18,"turns":4},{"damage":26,"enemies":"Chosen","floor":20,"turns":5},{"damage":37,"enemies":"Snake Plant","floor":22,"turns":8},{"damage":50,"enemies":"Book of Stabbing","floor":23,"turns":6}],"seed_played":"-9014461315041551076","potions_obtained":[{"floor":2,"key":"GamblersBrew"},{"floor":8,"key":"SkillPotion"},{"floor":10,"key":"Energy Potion"},{"floor":12,"key":"Fire Potion"},{"floor":22,"key":"Block Potion"}],"is_trial":false,"path_per_floor":["M","M","M","?","?","E","M","E","T","M","?","M","R","$","R","B",null,"M","?","M","$","M","E"],"character_chosen":"IRONCLAD","items_purchased":["Metallicize","Strawberry","Vajra","Anger"],"campfire_rested":1,"item_purchase_floors":[14,14,21,21],"current_hp_per_floor":[79,80,85,96,96,80,84,52,52,48,41,41,71,78,78,14,109,94,94,74,74,43,0],"gold":19,"neow_bonus":"TEN_PERCENT_HP_BONUS","is_prod":false,"is_daily":false,"chose_seed":false,"campfire_upgraded":1,"win_rate":0.0,"timestamp":1558586055,"path_taken":["M","M","M","?","?","E","M","E","T","M","?","M","R","$","R","BOSS","M","?","M","$","?","E"],"build_version":"2019-01-23","purchased_purges":0,"victory":false,"max_hp_per_floor":[88,88,88,102,102,102,102,102,102,102,102,102,102,109,109,109,109,109,109,109,109,109,109],"card_choices":[{"not_picked":["Shrug It Off","Perfected Strike"],"picked":"Cleave","floor":1},{"not_picked":["Flex","Feel No Pain"],"picked":"Cleave","floor":2},{"not_picked":["Flex","Bludgeon"],"picked":"Twin Strike","floor":3},{"not_picked":["Perfected Strike","Body Slam"],"picked":"Shrug It Off","floor":6},{"not_picked":["True Grit","Combust"],"picked":"Bloodletting","floor":7},{"not_picked":["Fire Breathing","Dual Wield"],"picked":"Second Wind","floor":8},{"not_picked":["Pummel","Cleave"],"picked":"Headbutt","floor":10},{"not_picked":["Sever Soul","Body Slam"],"picked":"Iron Wave","floor":12},{"not_picked":["Double Tap","Bludgeon"],"picked":"Demon Form","floor":16},{"not_picked":["Dual Wield","Inflame"],"picked":"Whirlwind","floor":17},{"not_picked":["Clothesline","Body Slam"],"picked":"Rampage","floor":17},{"not_picked":["Dropkick","Pommel Strike"],"picked":"Iron Wave","floor":17},{"not_picked":["Clothesline","Cleave"],"picked":"Metallicize","floor":17},{"not_picked":["Pommel Strike","Sword Boomerang"],"picked":"True Grit","floor":17},{"not_picked":["Blood for Blood+1","Fire Breathing"],"picked":"Brutality","floor":18},{"not_picked":["Infernal Blade","Flex+1"],"picked":"Clash","floor":20},{"not_picked":["Sever Soul+1","Flex"],"picked":"Iron Wave+1","floor":22}],"player_experience":2542,"relics_obtained":[{"floor":6,"key":"Charon\u0027s Ashes"},{"floor":8,"key":"PreservedInsect"},{"floor":9,"key":"Paper Frog"}],"event_choices":[{"damage_healed":0,"gold_gain":0,"player_choice":"Success","damage_taken":3,"relics_obtained":["Mango"],"max_hp_gain":0,"max_hp_loss":0,"event_name":"Scrap Ooze","floor":4,"gold_loss":0},{"cards_removed":["Strike_R"],"damage_healed":0,"gold_gain":0,"player_choice":"Card Removal","damage_taken":0,"max_hp_gain":0,"max_hp_loss":0,"event_name":"The Cleric","floor":5,"gold_loss":50},{"cards_removed":["Strike_R"],"damage_healed":0,"gold_gain":0,"player_choice":"Card Removal","damage_taken":7,"max_hp_gain":0,"max_hp_loss":0,"event_name":"Golden Wing","floor":11,"gold_loss":0},{"damage_healed":0,"gold_gain":0,"player_choice":"Traded Relic","damage_taken":0,"relics_obtained":["Nloth\u0027s Gift"],"max_hp_gain":0,"max_hp_loss":0,"event_name":"N\u0027loth","floor":19,"relics_lost":["Orrery"],"gold_loss":0}],"is_beta":false,"boss_relics":[{"not_picked":["Tiny House","White Beast Statue"],"picked":"Orrery"}],"items_purged_floors":[],"is_endless":false,"potions_floor_spawned":[2,8,10,12,22],"killed_by":"Book of Stabbing","ascension_level":0}