{"gold_per_floor":[119,119,138,138,23,56,71,87,133,133,159,169,199,219,219,298,298,298],"floor_reached":18,"playtime":750,"items_purged":["Strike_R"],"score":362,"play_id":"309547eb-eb32-44d9-b6ea-b2cc84399299","local_time":"20190321114024","is_ascension_mode":true,"campfire_choices":[{"data":"Uppercut","floor":10,"key":"SMITH"},{"data":"Havoc","floor":15,"key":"SMITH"}],"neow_cost":"NONE","seed_source_timestamp":0,"circlet_count":0,"master_deck":["AscendersBane","Defend_R","Defend_R+1","Defend_R+1","Defend_R","Bash","Shrug It Off","Heavy Blade","Carnage","Uppercut+1","Shockwave","Havoc+1","Shrug It Off","Spot Weakness","Reaper"],"special_seed":0,"relics":["Burning Blood","NeowsBlessing","Shuriken","War Paint","Happy Flower","Ancient Tea Set","Empty Cage"],"potions_floor_usage":[11,13,14,14],"damage_taken":[{"damage":0.0,"enemies":"2 Louse","floor":1.0,"turns":1.0},{"damage":0.0,"enemies":"Small Slimes","floor":3.0,"turns":1.0},{"damage":0.0,"enemies":"Gremlin Nob","floor":6.0,"turns":1.0},{"damage":0,"enemies":"Cultist","floor":7,"turns":3},{"damage":21,"enemies":"Lots of Slimes","floor":8,"turns":5},{"damage":33,"enemies":"Lagavulin","floor":11,"turns":8},{"damage":0,"enemies":"2 Fungi Beasts","floor":12,"turns":4},{"damage":8,"enemies":"3 Sentries","floor":13,"turns":9},{"damage":12,"enemies":"Exordium Thugs","floor":14,"turns":5},{"damage":19,"enemies":"Slime Boss","floor":16,"turns":11},{"damage":38,"enemies":"3 Byrds","floor":18,"turns":6}],"seed_played":"-1726534823801451947","potions_obtained":[{"floor":3.0,"key":"SkillPotion"},{"floor":11,"key":"SkillPotion"},{"floor":12,"key":"Ancient Potion"},{"floor":13,"key":"AttackPotion"},{"floor":14,"key":"SkillPotion"}],"is_trial":false,"path_per_floor":["M","?","M","?","$","E","M","M","T","R","E","M","E","M","R","B",null,"M"],"character_chosen":"IRONCLAD","items_purchased":["Carnage"],"campfire_rested":0,"item_purchase_floors":[5],"current_hp_per_floor":[74,74,75,75,75,75,75,60,60,60,33,39,37,31,31,18,61,38],"gold":298,"neow_bonus":"THREE_ENEMY_KILL","is_prod":false,"is_daily":false,"chose_seed":false,"campfire_upgraded":2,"win_rate":0,"timestamp":1553143224,"path_taken":["M","?","M","?","$","E","M","?","T","R","E","M","E","M","R","BOSS","M"],"build_version":"2019-01-23","purchased_purges":1,"victory":false,"max_hp_per_floor":[75,75,75,75,75,75,75,75,75,75,75,75,75,75,75,75,75,75],"card_choices":[{"not_picked":["Anger","Cleave"],"picked":"Shrug It Off","floor":1.0},{"not_picked":["Sword Boomerang","Cleave"],"picked":"Heavy Blade","floor":3.0},{"not_picked":["Clash","Perfected Strike"],"picked":"Uppercut","floor":6.0},{"not_picked":["Body Slam","Burning Pact","Rage"],"picked":"SKIP","floor":7},{"not_picked":["Seeing Red","Carnage","Flex"],"picked":"SKIP","floor":8},{"not_picked":["Rupture","Dark Embrace"],"picked":"Shockwave","floor":11},{"not_picked":["Armaments","Shrug It Off"],"picked":"Havoc","floor":12},{"not_picked":["Perfected Strike","Dual Wield"],"picked":"Shrug It Off","floor":13},{"not_picked":["Uppercut","Headbutt"],"picked":"Spot Weakness","floor":14},{"not_picked":["Berserk","Dark Embrace"],"picked":"Reaper","floor":16}],"player_experience":402052,"relics_obtained":[{"floor":6.0,"key":"Shuriken"},{"floor":9,"key":"War Paint"},{"floor":11,"key":"Happy Flower"},{"floor":13,"key":"Ancient Tea Set"}],"event_choices":[{"cards_removed":["Strike_R"],"damage_healed":0.0,"max_hp_gain":0.0,"max_hp_loss":0.0,"gold_gain":0.0,"event_name":"Living Wall","player_choice":"Forget","floor":2.0,"gold_loss":0.0,"damage_taken":0.0},{"cards_removed":["Strike_R"],"damage_healed":0.0,"max_hp_gain":0.0,"max_hp_loss":0.0,"gold_gain":0.0,"event_name":"Purifier","player_choice":"Purged","floor":4.0,"gold_loss":0.0,"damage_taken":0.0}],"is_beta":false,"boss_relics":[{"not_picked":["Lizard Tail","White Beast Statue"],"picked":"Empty Cage"}],"items_purged_floors":[5],"is_endless":false,"potions_floor_spawned":[3,11,12,13,14],"killed_by":"3 Byrds","ascension_level":15}