{"gold_per_floor":[114,64,64,64,78,78,3,3,55,71,71,71,96,106,106,211,211,226,245,40,58,69,69,45,45,115,133,153,153,171,217,217,318,318,335,355,406,406,406,441,441,20,47,64,64,79,29,49,49,49],"floor_reached":51,"playtime":2732,"items_purged":["Strike_B","Defend_B"],"score":742,"play_id":"157e45c3-6dd6-49f0-84f1-5cea17e38414","local_time":"20180704202607","is_ascension_mode":false,"campfire_choices":[{"data":"White Noise","floor":6,"key":"SMITH"},{"data":"Strike_B","floor":8,"key":"SMITH"},{"floor":12,"key":"REST"},{"data":"Loop","floor":15,"key":"SMITH"},{"floor":23,"key":"REST"},{"data":"Echo Form","floor":32,"key":"SMITH"},{"floor":41,"key":"REST"},{"floor":45,"key":"REST"},{"data":"Auto Shields","floor":49,"key":"SMITH"}],"neow_cost":"NONE","seed_source_timestamp":204671892998828,"circlet_count":0,"master_deck":["Strike_B+1","Strike_B+1","Defend_B","Defend_B+1","Defend_B","Zap","Dualcast","Leap","White Noise+1","Redo","Static Discharge","Loop+1","Echo Form+1","Fusion","Electrodynamics","Ball Lightning","Storm","White Noise","Conserve Battery","Redo+1","Machine Learning+1","Ghostly","Ghostly","Ghostly","Ghostly","Ghostly","Melter","Reboot","Go for the Eyes+1","Loop+1","Auto Shields+1"],"relics":["Cracked Core","Anchor","Vajra","Ancient Tea Set","Omamori","Odd Mushroom","Inserter","Frozen Egg 2","Pen Nib","Cursed Key","Sundial","Orichalcum","Mummified Hand","Oddly Smooth Stone"],"potions_floor_usage":[16,16,22,28,28,37,40,40,50,50,50],"damage_taken":[{"damage":2,"enemies":"Small Slimes","floor":1,"turns":4},{"damage":2,"enemies":"Cultist","floor":5,"turns":4},{"damage":0,"enemies":"2 Louse","floor":10,"turns":2},{"damage":0,"floor":13,"turns":4},{"damage":0,"enemies":"Looter","floor":14,"turns":3},{"damage":4,"enemies":"Slime Boss","floor":16,"turns":6},{"damage":16,"enemies":"3 Byrds","floor":18,"turns":3},{"damage":21,"enemies":"Shell Parasite","floor":19,"turns":7},{"damage":23,"enemies":"Snake Plant","floor":21,"turns":3},{"damage":1,"enemies":"Centurion and Healer","floor":22,"turns":4},{"damage":12,"enemies":"Snecko","floor":27,"turns":4},{"damage":6,"enemies":"Snake Plant","floor":28,"turns":4},{"damage":3,"enemies":"Cultist and Chosen","floor":30,"turns":5},{"damage":5,"enemies":"Automaton","floor":33,"turns":10},{"damage":8,"enemies":"3 Darklings","floor":35,"turns":5},{"damage":3,"enemies":"Orb Walker","floor":36,"turns":5},{"damage":22,"floor":37,"turns":5},{"damage":15,"enemies":"Nemesis","floor":40,"turns":9},{"damage":0,"enemies":"Maw","floor":44,"turns":7},{"damage":0,"enemies":"3 Darklings","floor":46,"turns":3},{"damage":0,"enemies":"4 Shapes","floor":48,"turns":5},{"damage":0,"enemies":"Awakened One","floor":50,"turns":10}],"seed_played":"16795590149955346","potions_obtained":[{"floor":5,"key":"SpeedPotion"},{"floor":13,"key":"Dexterity Potion"},{"floor":21,"key":"Weak Potion"},{"floor":22,"key":"Weak Potion"},{"floor":27,"key":"SkillPotion"},{"floor":33,"key":"Dexterity Potion"},{"floor":35,"key":"Block Potion"},{"floor":37,"key":"Weak Potion"},{"floor":40,"key":"LiquidBronze"},{"floor":48,"key":"Energy Potion"}],"is_trial":false,"path_per_floor":["M","?","?","?","M","R","$","R","T","M","?","R","?","M","R","B",null,"M","M","$","M","M","R","$","?","T","M","M","?","M","T","R","B",null,"M","M","?","?","?","E","R","$","T","M","R","M","$","M","R","B"],"character_chosen":"DEFECT","items_purchased":["Electrodynamics","Ball Lightning","Conserve Battery","Mummified Hand","Loop+1","Swift Potion"],"campfire_rested":4,"item_purchase_floors":[20,20,24,42,42,47],"current_hp_per_floor":[73,73,61,46,44,44,44,44,44,44,44,66,66,66,66,62,75,59,38,38,15,14,36,36,36,36,24,18,18,15,15,15,10,37,36,33,11,11,20,5,16,16,16,16,27,27,27,27,27,27],"gold":49,"neow_bonus":"RANDOM_COMMON_RELIC","is_prod":false,"is_daily":false,"chose_seed":false,"campfire_upgraded":5,"win_rate":0,"timestamp":1530728767,"path_taken":["M","?","?","?","?","R","?","R","T","?","?","R","?","M","R","BOSS","M","M","$","M","?","R","?","?","T","?","M","?","?","?","R","BOSS","M","M","?","?","?","E","R","$","T","M","R","M","$","M","R","BOSS"],"build_version":"2018-06-28","purchased_purges":2,"victory":true,"max_hp_per_floor":[75,75,75,75,75,75,75,75,75,75,75,75,75,75,75,75,75,75,75,75,75,75,75,75,75,75,75,75,37,37,37,37,37,37,37,37,37,37,37,37,37,37,37,37,37,37,37,37,37,37],"card_choices":[{"not_picked":["Rebound","Beam Cell"],"picked":"Leap","floor":1},{"not_picked":["Go for the Eyes","Steam"],"picked":"White Noise","floor":5},{"not_picked":["Turbo","Rebound"],"picked":"Redo","floor":10},{"not_picked":["Sweeping Beam","Biased Cognition"],"picked":"Static Discharge","floor":13},{"not_picked":["Static Discharge","Redo"],"picked":"Loop","floor":14},{"not_picked":["Electrodynamics","Rainbow"],"picked":"Echo Form","floor":16},{"not_picked":["Coolheaded","Compile Driver","Steam Power+1"],"picked":"SKIP","floor":18},{"not_picked":["Turbo+1","Cold Snap"],"picked":"Fusion","floor":19},{"not_picked":["Compile Driver","Go for the Eyes"],"picked":"Storm","floor":21},{"not_picked":["Turbo","Stack"],"picked":"White Noise","floor":22},{"not_picked":["Steam","Blizzard"],"picked":"Redo+1","floor":27},{"not_picked":["Sweeping Beam","Cold Snap"],"picked":"Machine Learning+1","floor":28},{"not_picked":["Glacier","Hologram+1"],"picked":"Melter","floor":30},{"not_picked":["Rainbow","Electrodynamics+1"],"picked":"Reboot","floor":33},{"not_picked":["Compile Driver","Genetic Algorithm"],"picked":"Go for the Eyes+1","floor":35},{"not_picked":["Doom and Gloom","Beam Cell+1","Barrage"],"picked":"SKIP","floor":36},{"not_picked":["Stack","Doom and Gloom+1","Beam Cell"],"picked":"SKIP","floor":40},{"not_picked":["Scrape","Ball Lightning+1","Streamline+1"],"picked":"SKIP","floor":44},{"not_picked":["Compile Driver","Blizzard+1"],"picked":"Auto Shields","floor":46},{"not_picked":["Reprogram+1","Sweeping Beam+1","Capacitor+1"],"picked":"SKIP","floor":48}],"player_experience":71683,"relics_obtained":[{"floor":9,"key":"Ancient Tea Set"},{"floor":13,"key":"Odd Mushroom"},{"floor":26,"key":"Frozen Egg 2"},{"floor":31,"key":"Pen Nib"},{"floor":37,"key":"Sundial"},{"floor":40,"key":"Orichalcum"},{"floor":43,"key":"Oddly Smooth Stone"}],"event_choices":[{"event_name":"The Cleric","player_choice":"Card Removal","floor":2,"damage_taken":0},{"event_name":"Scrap Ooze","player_choice":"success","floor":3,"damage_taken":12},{"event_name":"Shining Light","player_choice":"Entered Light","floor":4,"damage_taken":0},{"event_name":"Accursed Blacksmith","player_choice":"Rummage","floor":11,"damage_taken":0},{"event_name":"Mushrooms","player_choice":"Fought Mushrooms","floor":13,"damage_taken":0},{"event_name":"Drug Dealer","player_choice":"Ignored","floor":25,"damage_taken":0},{"event_name":"Ghosts","player_choice":"Became a Ghost","floor":29,"damage_taken":0},{"event_name":"Mysterious Sphere","player_choice":"Fight","floor":37,"damage_taken":0},{"event_name":"Tomb of Lord Red Mask","player_choice":"Ignored","floor":38,"damage_taken":0},{"event_name":"Winding Halls","player_choice":"Writhe","floor":39,"damage_taken":0}],"boss_relics":[{"not_picked":["Philosopher\u0027s Stone","Ectoplasm"],"picked":"Inserter"},{"not_picked":["Snecko Eye","Black Star"],"picked":"Cursed Key"}],"items_purged_floors":[7,42],"is_endless":false,"potions_floor_spawned":[5,13,21,22,27,33,35,37,40,48],"ascension_level":0}