{"gold_per_floor":[114,114,127,141,91,91,123,123,147,72,147,147,147,159,159,259,259,273,291,47,60,60,60,78,97,143,242,242,242,91,103,103,201,201,214,89,108,108,108,108,137,152,152,172,172,191,191,41,41,41],"floor_reached":51,"playtime":1728,"items_purged":["Strike_R","Strike_R","Inflame+1","Defend_R+1"],"score":825,"play_id":"879005ce-7319-431c-b02e-38fec65a14c7","local_time":"20190604191916","is_ascension_mode":false,"campfire_choices":[{"data":"Bash","floor":6.0,"key":"SMITH"},{"data":"Inflame","floor":8.0,"key":"SMITH"},{"floor":13.0,"key":"REST"},{"floor":15.0,"key":"REST"},{"data":"Shrug It Off","floor":23.0,"key":"SMITH"},{"floor":29.0,"key":"REST"},{"floor":32.0,"key":"REST"},{"data":"Strike_R","floor":40,"key":"SMITH"},{"floor":49,"key":"REST"}],"neow_cost":"PERCENT_DAMAGE","seed_source_timestamp":43487152545643,"circlet_count":0,"master_deck":["Strike_R+1","Bash+1","Shrug It Off+1","Dropkick+1","Clash+1"],"special_seed":0,"relics":["Burning Blood","Vajra","War Paint","Lizard Tail","PreservedInsect","Regal Pillow","Juzu Bracelet","Velvet Choker","Kunai","Gremlin Horn"],"potions_floor_usage":[33,42,50],"damage_taken":[{"damage":0.0,"enemies":"2 Louse","floor":1.0,"turns":2.0},{"damage":3.0,"enemies":"Small Slimes","floor":3.0,"turns":3.0},{"damage":7.0,"enemies":"Jaw Worm","floor":4.0,"turns":5.0},{"damage":27.0,"enemies":"Gremlin Nob","floor":7.0,"turns":4.0},{"damage":4.0,"enemies":"2 Fungi Beasts","floor":14.0,"turns":3.0},{"damage":84.0,"enemies":"Hexaghost","floor":16.0,"turns":11.0},{"damage":2.0,"enemies":"Chosen","floor":18.0,"turns":4.0},{"damage":28.0,"enemies":"Shell Parasite","floor":19.0,"turns":10.0},{"damage":31.0,"enemies":"Shelled Parasite and Fungi","floor":21.0,"turns":12.0},{"damage":8.0,"enemies":"Snake Plant","floor":24.0,"turns":5.0},{"damage":3.0,"enemies":"Centurion and Healer","floor":25.0,"turns":4.0},{"damage":8.0,"enemies":"3 Cultists","floor":31.0,"turns":5.0},{"damage":88,"enemies":"Automaton","floor":33,"turns":13},{"damage":15,"enemies":"3 Shapes","floor":35,"turns":7},{"damage":4,"enemies":"Orb Walker","floor":37,"turns":3},{"damage":11,"enemies":"Giant Head","floor":41,"turns":8},{"damage":43,"enemies":"Sphere and 2 Shapes","floor":42,"turns":8},{"damage":21,"enemies":"4 Shapes","floor":44,"turns":5},{"damage":22,"enemies":"Spire Growth","floor":46,"turns":5},{"damage":93,"enemies":"Donu and Deca","floor":50,"turns":17}],"seed_played":"6551492253521357138","potions_obtained":[{"floor":3.0,"key":"Regen Potion"},{"floor":7.0,"key":"Regen Potion"},{"floor":14.0,"key":"EntropicBrew"},{"floor":18.0,"key":"Weak Potion"},{"floor":19.0,"key":"Explosive Potion"},{"floor":24.0,"key":"PowerPotion"},{"floor":33,"key":"BloodPotion"},{"floor":35,"key":"FairyPotion"},{"floor":42,"key":"SpeedPotion"}],"is_trial":false,"path_per_floor":["M","?","M","M","?","R","E","R","T","$","?","?","R","M","R","B",null,"M","M","$","M","?","R","M","M","T","?","?","R","$","M","R","B",null,"M","$","M","$","?","R","E","M","T","M","?","M","?","$","R","B",null],"character_chosen":"IRONCLAD","items_purchased":["PreservedInsect","Juzu Bracelet"],"campfire_rested":5,"item_purchase_floors":[20,30],"current_hp_per_floor":[62,67,70,69,69,69,53,53,53,53,42,42,67,69,85,17,85,85,63,63,38,38,38,36,39,39,39,39,79,79,77,85,48,85,76,76,78,78,78,78,73,44,44,29,74,58,58,58,74,13],"gold":41,"neow_bonus":"REMOVE_TWO","is_prod":false,"is_daily":false,"chose_seed":false,"campfire_upgraded":4,"win_rate":0,"timestamp":1559668756,"path_taken":["M","?","M","M","?","R","E","R","T","?","?","?","R","?","R","BOSS","M","M","$","M","?","R","M","M","T","?","?","R","$","M","R","BOSS","M","$","M","$","?","R","E","M","T","M","?","M","?","?","R","BOSS"],"build_version":"2019-01-23","purchased_purges":4,"victory":true,"max_hp_per_floor":[80,85,85,85,85,85,85,85,85,85,85,85,85,85,85,85,85,85,85,85,85,85,85,85,85,85,85,85,85,85,85,85,85,85,85,85,85,85,85,85,85,85,85,85,74,74,74,74,74,74],"card_choices":[{"not_picked":["Havoc","Clothesline","Warcry"],"picked":"SKIP","floor":1.0},{"not_picked":["Clash","Thunderclap"],"picked":"Inflame","floor":3.0},{"not_picked":["Headbutt","Perfected Strike","Wild Strike"],"picked":"SKIP","floor":4.0},{"not_picked":["Seeing Red","Clothesline","Wild Strike"],"picked":"SKIP","floor":7.0},{"not_picked":["Combust","Armaments","Offering"],"picked":"SKIP","floor":14.0},{"not_picked":["Clothesline","Anger","Headbutt"],"picked":"SKIP","floor":18.0},{"not_picked":["Blood for Blood","Thunderclap"],"picked":"Shrug It Off","floor":19.0},{"not_picked":["Twin Strike+1","Cleave"],"picked":"Dropkick+1","floor":21.0},{"not_picked":["Clothesline+1","Reckless Charge","Armaments+1"],"picked":"SKIP","floor":24.0},{"not_picked":["True Grit","Second Wind","Corruption"],"picked":"SKIP","floor":25.0},{"not_picked":["Perfected Strike+1","Combust","Cleave"],"picked":"SKIP","floor":31.0},{"not_picked":["True Grit","Perfected Strike","Pommel Strike+1"],"picked":"SKIP","floor":35},{"not_picked":["Cleave+1","Sentinel+1","Burning Pact"],"picked":"SKIP","floor":37},{"not_picked":["Flex","Cleave"],"picked":"Clash+1","floor":41},{"not_picked":["Perfected Strike","Exhume","Iron Wave"],"picked":"SKIP","floor":42},{"not_picked":["Anger+1","Thunderclap","Havoc+1"],"picked":"SKIP","floor":44},{"not_picked":["Pommel Strike+1","Armaments+1","Heavy Blade+1"],"picked":"SKIP","floor":46}],"player_experience":305992,"relics_obtained":[{"floor":7.0,"key":"Vajra"},{"floor":9.0,"key":"War Paint"},{"floor":26.0,"key":"Regal Pillow"},{"floor":41,"key":"Kunai"},{"floor":43,"key":"Gremlin Horn"}],"event_choices":[{"damage_healed":0.0,"max_hp_gain":5.0,"max_hp_loss":0.0,"gold_gain":0.0,"event_name":"Big Fish","player_choice":"Donut","floor":2.0,"gold_loss":0.0,"damage_taken":0.0},{"cards_removed":["Strike_R"],"damage_healed":0.0,"max_hp_gain":0.0,"max_hp_loss":0.0,"gold_gain":0.0,"event_name":"The Cleric","player_choice":"Card Removal","floor":5.0,"gold_loss":50.0,"damage_taken":0.0},{"damage_healed":0.0,"max_hp_gain":0.0,"max_hp_loss":0.0,"gold_gain":75.0,"event_name":"World of Goop","player_choice":"Gather Gold","floor":11.0,"gold_loss":0.0,"damage_taken":11.0},{"cards_removed":["Defend_R"],"damage_healed":0.0,"max_hp_gain":0.0,"max_hp_loss":0.0,"gold_gain":0.0,"event_name":"Bonfire Elementals","player_choice":"Offered Basic","floor":12.0,"gold_loss":0.0,"damage_taken":0.0},{"damage_healed":0.0,"max_hp_gain":0.0,"max_hp_loss":0.0,"gold_gain":99.0,"event_name":"Nest","player_choice":"Stole From Cult","floor":27.0,"gold_loss":0.0,"damage_taken":0.0},{"damage_healed":0.0,"max_hp_gain":0.0,"max_hp_loss":0.0,"gold_gain":0.0,"event_name":"Cursed Tome","player_choice":"Ignored","floor":28.0,"gold_loss":0.0,"damage_taken":0.0},{"damage_healed":0,"gold_gain":0,"player_choice":"Bought 0 Potions","damage_taken":0,"max_hp_gain":0,"max_hp_loss":0,"event_name":"The Woman in Blue","floor":39,"gold_loss":0},{"damage_healed":74,"gold_gain":0,"player_choice":"Heal","damage_taken":0,"max_hp_gain":0,"max_hp_loss":11,"event_name":"The Moai Head","floor":45,"gold_loss":0},{"cards_removed":["Defend_R"],"damage_healed":0,"gold_gain":0,"player_choice":"Card Removal","damage_taken":0,"max_hp_gain":0,"max_hp_loss":0,"event_name":"Wheel of Change","floor":47,"gold_loss":0}],"is_beta":false,"boss_relics":[{"not_picked":["Mark of Pain","Philosopher\u0027s Stone"],"picked":"Lizard Tail"},{"not_picked":["Runic Dome","Runic Pyramid"],"picked":"Velvet Choker"}],"items_purged_floors":[10,20,36,48],"is_endless":false,"potions_floor_spawned":[3,7,14,18,19,24,33,35,42],"ascension_level":0}