{"path_per_floor":["M","?","$","M","M","E","M","M","T","R","M","E","$","M","R","B",null,"M","?","M","?","M","R","?","M","T","$","?","E","R","E","R","B",null,"M","?","M","?","$","R","$","R","T","?","M","$","M","E","R","B"],"character_chosen":"THE_SILENT","items_purchased":["Pen Nib","Apotheosis","Blood Vial","Vajra","Accuracy"],"gold_per_floor":[210,385,45,57,73,102,116,126,126,126,140,167,16,28,28,125,125,138,138,150,65,75,75,75,85,109,109,109,138,138,165,165,266,296,306,306,323,323,91,91,19,19,19,0,12,12,28,59,59,59],"floor_reached":51,"campfire_rested":6,"playtime":2873,"current_hp_per_floor":[69,69,69,69,69,52,46,33,33,54,54,44,44,37,58,30,70,49,49,41,41,38,59,59,57,57,57,57,57,70,54,70,72,72,72,62,64,64,64,74,74,74,74,74,74,74,76,76,76,74],"items_purged":["Regret"],"gold":59,"score":863,"play_id":"1b15a92b-fba8-4d15-8d9d-19dd02e0fc99","local_time":"20180421150428","is_prod":false,"is_daily":false,"chose_seed":false,"is_ascension_mode":true,"campfire_upgraded":1,"timestamp":1524290668,"path_taken":["M","?","$","M","?","E","M","?","T","R","M","E","?","M","R","BOSS","M","?","M","?","?","R","?","?","T","$","?","E","R","E","R","BOSS","M","?","M","?","$","R","$","R","T","?","M","?","M","E","R","BOSS"],"build_version":"2018-04-19","seed_source_timestamp":0,"purchased_purges":1,"victory":true,"master_deck":["Defend_G","Defend_G","Defend_G","Defend_G","Defend_G","Survivor","Neutralize","Underhanded Strike","Apotheosis+1","PiercingWail","Die Die Die","Dagger Throw","Slice","Setup+1","Blur+1","Tools of the Trade","Quick Slash+1","Backflip+1","Deflect+1","Bite","Bite","Bite","Bite","Acrobatics+1","Night Terror+1","Backstab+1","Injury","Clumsy","Infinite Blades+1","Finesse+1","Finesse+1","Finesse+1","Accuracy+1","Acrobatics+1","PiercingWail+1"],"max_hp_per_floor":[70,70,70,70,70,70,70,70,70,70,70,70,70,70,70,70,70,70,70,70,70,70,70,70,70,70,70,70,70,70,70,70,72,72,72,72,74,74,74,74,74,74,74,74,74,74,76,76,76,76],"relics":["Ring of the Snake","Pen Nib","Happy Flower","Letter Opener","Toxic Egg 2","Runic Dome","Ninja Scroll","Singing Bowl","Ancient Tea Set","Du-Vu Doll","Calling Bell","Tiny Chest","Shuriken","Ice Cream","Vajra","Torii","Red Mask","Shovel","Omamori"],"card_choices":[{"not_picked":["Bane","Dodge and Roll"],"picked":"Underhanded Strike","floor":1.0},{"not_picked":["Bane","Prepared"],"picked":"PiercingWail","floor":5.0},{"not_picked":["PiercingWail","Deflect"],"picked":"Die Die Die","floor":6.0},{"not_picked":["Flying Knee","Sucker Punch"],"picked":"Dagger Throw","floor":7.0},{"not_picked":["Riddle With Holes","Sucker Punch"],"picked":"Slice","floor":11.0},{"not_picked":["Distraction","Dagger Throw"],"picked":"Setup","floor":12.0},{"not_picked":["PiercingWail","Quick Slash"],"picked":"Blur","floor":14.0},{"not_picked":["Venomology","Unload"],"picked":"Tools of the Trade","floor":16.0},{"not_picked":["Bane","Deflect"],"picked":"Quick Slash","floor":18.0},{"not_picked":["Outmaneuver","Flechettes"],"picked":"Backflip","floor":20.0},{"not_picked":["Outmaneuver","Caltrops"],"picked":"Deflect","floor":22.0},{"not_picked":["Bane","Underhanded Strike"],"picked":"Acrobatics","floor":25.0},{"not_picked":["Reflex","Dagger Spray"],"picked":"Night Terror","floor":29.0},{"not_picked":["Riddle With Holes","All Out Attack"],"picked":"Backstab","floor":31.0},{"not_picked":["Prepared","Predator"],"picked":"Infinite Blades","floor":35.0},{"not_picked":["Bandage Up","Transmutation"],"picked":"Finesse","floor":36.0},{"not_picked":["Apotheosis","Panacea"],"picked":"Finesse","floor":36.0},{"not_picked":["Secret Technique","Jack Of All Trades"],"picked":"Finesse","floor":36.0},{"not_picked":["Bane","Flying Knee"],"picked":"Acrobatics","floor":45.0},{"not_picked":["Bane","Glass Knife"],"picked":"PiercingWail","floor":48}],"player_experience":129703,"potions_floor_usage":[50],"damage_taken":[{"damage":1.0,"enemies":"2 Louse","floor":1.0,"turns":4.0},{"damage":0.0,"enemies":"Small Slimes","floor":4.0,"turns":5.0},{"damage":0.0,"enemies":"Cultist","floor":5.0,"turns":4.0},{"damage":17.0,"enemies":"3 Sentries","floor":6.0,"turns":11.0},{"damage":6.0,"enemies":"Gremlin Gang","floor":7.0,"turns":4.0},{"damage":13.0,"enemies":"Exordium Thugs","floor":8.0,"turns":4.0},{"damage":0.0,"enemies":"Lots of Slimes","floor":11.0,"turns":1.0},{"damage":10.0,"enemies":"Lagavulin","floor":12.0,"turns":6.0},{"damage":9.0,"enemies":"Looter","floor":14.0,"turns":3.0},{"damage":30.0,"enemies":"The Guardian","floor":16.0,"turns":14.0},{"damage":21.0,"enemies":"2 Thieves","floor":18.0,"turns":4.0},{"damage":10.0,"enemies":"3 Byrds","floor":20.0,"turns":5.0},{"damage":5.0,"enemies":"Centurion and Healer","floor":22.0,"turns":4.0},{"damage":11.0,"enemies":"Snake Plant","floor":25.0,"turns":3.0},{"damage":21.0,"enemies":"Slavers","floor":29.0,"turns":5.0},{"damage":34.0,"enemies":"Gremlin Leader","floor":31.0,"turns":8.0},{"damage":0.0,"enemies":"Automaton","floor":33.0,"turns":17.0},{"damage":0.0,"enemies":"3 Darklings","floor":35.0,"turns":1.0},{"damage":0.0,"enemies":"3 Shapes","floor":37.0,"turns":2.0},{"damage":0.0,"enemies":"Sphere and 2 Shapes","floor":45.0,"turns":3.0},{"damage":0.0,"enemies":"3 Darklings","floor":47.0,"turns":3.0},{"damage":0,"enemies":"Giant Head","floor":48,"turns":6},{"damage":36,"enemies":"Awakened One","floor":50,"turns":15}],"event_choices":[{"event_name":"Liars Game","player_choice":"agreed","floor":2.0,"damage_taken":0.0},{"event_name":"Purifier","player_choice":"One Purge","floor":19.0,"damage_taken":0.0},{"event_name":"Addict","player_choice":"Obtained Relic","floor":21.0,"damage_taken":0.0},{"event_name":"Vampires","player_choice":"Became a vampire (Vial)","floor":24.0,"damage_taken":0.0},{"event_name":"Upgrade Shrine","player_choice":"Upgraded","floor":28.0,"damage_taken":0.0},{"event_name":"SensoryStone","player_choice":"Memory 3","floor":36.0,"damage_taken":0.0},{"event_name":"Tomb of Lord Red Mask","player_choice":"Paid","floor":44.0,"damage_taken":0.0}],"boss_relics":[],"potions_floor_spawned":[5,7,11,12,14,20,22,25,48],"seed_played":"-8100797539268265985","ascension_level":1,"is_trial":false}