{"gold_per_floor":[110,120,45,58,58,58,69,24,49,61,105,117,129,153,165,251,263,295,307,319,606,635,676,688,700,712,740,752],"floor_reached":28,"playtime":1213,"items_purged":["Strike_B"],"score":401,"play_id":"5db46cc1-f75b-492e-9ce0-4108edbb48b7","local_time":"20190521084716","is_ascension_mode":true,"campfire_choices":[{"data":"Rainbow","floor":6,"key":"SMITH"},{"data":"Buffer","floor":10,"key":"SMITH"},{"data":"Fission","floor":13,"key":"SMITH"},{"data":"Go for the Eyes","floor":15,"key":"SMITH"},{"floor":24,"key":"REST"}],"neow_cost":"TEN_PERCENT_HP_LOSS","seed_source_timestamp":57999671312766,"circlet_count":0,"master_deck":["AscendersBane","Strike_B+1","Strike_B+1","Defend_B","Defend_B","Defend_B","Defend_B","Zap","Dualcast","Cold Snap","Self Repair","Rainbow+1","Undo","Buffer+1","Ball Lightning","Go for the Eyes+1","Fission+1","Echo Form+1","Auto Shields","Conserve Battery","Cold Snap+1"],"relics":["Cracked Core","Prayer Wheel","MawBank","Whetstone","Philosopher\u0027s Stone","Omamori","PreservedInsect","Blue Candle"],"potions_floor_usage":[11,11,22,28],"damage_taken":[{"damage":1,"enemies":"Small Slimes","floor":1,"turns":3},{"damage":4,"enemies":"Jaw Worm","floor":2,"turns":4},{"damage":0,"enemies":"Cultist","floor":4,"turns":3},{"damage":0,"enemies":"Large Slime","floor":7,"turns":4},{"damage":6,"enemies":"Gremlin Nob","floor":11,"turns":6},{"damage":0,"enemies":"Looter","floor":14,"turns":3},{"damage":12,"enemies":"The Guardian","floor":16,"turns":12},{"damage":0,"enemies":"Spheric Guardian","floor":18,"turns":5},{"damage":0,"enemies":"Chosen","floor":22,"turns":5},{"damage":44,"enemies":"Slavers","floor":23,"turns":8},{"damage":0,"enemies":"Snecko","floor":27,"turns":5},{"damage":61,"enemies":"Chosen and Byrds","floor":28,"turns":5}],"seed_played":"-8074708458836695035","potions_obtained":[{"floor":1,"key":"EssenceOfSteel"},{"floor":7,"key":"Swift Potion"},{"floor":11,"key":"GamblersBrew"},{"floor":23,"key":"Dexterity Potion"}],"is_trial":false,"path_per_floor":["M","M","$","M","?","R","M","$","T","R","E","?","R","M","R","B",null,"M","?","?","?","M","E","R","?","T","M","M"],"character_chosen":"DEFECT","items_purchased":["Go for the Eyes"],"campfire_rested":1,"item_purchase_floors":[8],"current_hp_per_floor":[63,64,64,64,69,69,69,69,69,69,69,69,69,69,69,57,66,69,69,69,69,69,32,52,52,52,59,0],"gold":752,"neow_bonus":"ONE_RARE_RELIC","is_prod":false,"is_daily":false,"chose_seed":false,"campfire_upgraded":4,"win_rate":0,"timestamp":1558453636,"path_taken":["M","M","$","M","?","R","M","$","T","R","E","?","R","M","R","BOSS","M","?","?","?","?","E","R","?","T","M","M"],"build_version":"2019-01-23","purchased_purges":1,"victory":false,"max_hp_per_floor":[64,64,64,64,69,69,69,69,69,69,69,69,69,69,69,69,69,69,69,69,69,69,69,69,69,69,69,69],"card_choices":[{"not_picked":["Hologram","Sweeping Beam"],"picked":"Cold Snap","floor":1},{"not_picked":["Static Discharge","Barrage"],"picked":"Self Repair","floor":1},{"not_picked":["Turbo","Compile Driver"],"picked":"Rainbow","floor":2},{"not_picked":["Coolheaded","Storm","Recycle"],"picked":"SKIP","floor":2},{"not_picked":["Sweeping Beam","Storm"],"picked":"Undo","floor":4},{"not_picked":["Streamline","Steam","Compile Driver"],"picked":"SKIP","floor":4},{"not_picked":["Stack","Sweeping Beam"],"picked":"Buffer","floor":7},{"not_picked":["Barrage","Turbo"],"picked":"Ball Lightning","floor":7},{"not_picked":["Steam","Redo"],"picked":"Fission","floor":11},{"not_picked":["Stack","Coolheaded","Barrage"],"picked":"SKIP","floor":14},{"not_picked":["Redo","Coolheaded","Rebound"],"picked":"SKIP","floor":14},{"not_picked":["Rainbow","Amplify"],"picked":"Echo Form","floor":16},{"not_picked":["Steam","Streamline"],"picked":"Auto Shields","floor":18},{"not_picked":["Beam Cell","Turbo"],"picked":"Conserve Battery","floor":18},{"not_picked":["Rebound","Barrage","Go for the Eyes"],"picked":"SKIP","floor":22},{"not_picked":["Heatsinks","Gash","Barrage"],"picked":"SKIP","floor":22},{"not_picked":["Scrape","Hyperbeam","Beam Cell"],"picked":"SKIP","floor":23},{"not_picked":["Conserve Battery","Tempest"],"picked":"Cold Snap+1","floor":27},{"not_picked":["Compile Driver","Barrage","Leap"],"picked":"SKIP","floor":27}],"player_experience":660063,"relics_obtained":[{"floor":9,"key":"MawBank"},{"floor":11,"key":"Whetstone"},{"floor":23,"key":"PreservedInsect"},{"floor":26,"key":"Blue Candle"}],"event_choices":[{"damage_healed":0,"gold_gain":0,"player_choice":"Donut","damage_taken":0,"max_hp_gain":5,"max_hp_loss":0,"event_name":"Big Fish","floor":5,"gold_loss":0},{"cards_removed":["Strike_B"],"damage_healed":0,"gold_gain":0,"player_choice":"Offered Basic","damage_taken":0,"max_hp_gain":0,"max_hp_loss":0,"event_name":"Bonfire Elementals","floor":12,"gold_loss":0},{"damage_healed":0,"gold_gain":0,"player_choice":"Ignored","damage_taken":0,"max_hp_gain":0,"max_hp_loss":0,"event_name":"Vampires","floor":19,"gold_loss":0},{"damage_healed":0,"gold_gain":0,"player_choice":"Opened","damage_taken":0,"relics_obtained":["Omamori"],"max_hp_gain":0,"max_hp_loss":0,"event_name":"The Mausoleum","floor":20,"gold_loss":0},{"damage_healed":0,"gold_gain":275,"player_choice":"Desecrate","damage_taken":0,"max_hp_gain":0,"max_hp_loss":0,"event_name":"Golden Shrine","floor":21,"gold_loss":0,"cards_obtained":["Regret"]},{"damage_healed":0,"gold_gain":0,"player_choice":"Upgraded","damage_taken":0,"max_hp_gain":0,"max_hp_loss":0,"event_name":"Upgrade Shrine","floor":25,"gold_loss":0,"cards_upgraded":["Echo Form"]}],"is_beta":false,"boss_relics":[{"not_picked":["Busted Crown","FrozenCore"],"picked":"Philosopher\u0027s Stone"}],"items_purged_floors":[3],"is_endless":false,"potions_floor_spawned":[1,7,11,23],"killed_by":"Chosen and Byrds","ascension_level":14}