{"gold_per_floor":[118,118,131,147,7,7,34,34,34,66,66],"floor_reached":11,"playtime":434,"items_purged":[],"score":142,"play_id":"2394dc32-9b1d-4038-8f64-bf061bd8d31a","local_time":"20190321104051","is_ascension_mode":true,"campfire_choices":[{"data":"Bash","floor":6.0,"key":"SMITH"},{"data":"Havoc","floor":8,"key":"SMITH"}],"neow_cost":"NONE","seed_source_timestamp":4837629909677,"circlet_count":0,"master_deck":["AscendersBane","Strike_R","Strike_R","Strike_R","Defend_R","Defend_R","Defend_R","Defend_R","Bash+1","Metallicize","Sword Boomerang","Spot Weakness","Inflame","Feed","Havoc+1","Exhume"],"special_seed":0,"relics":["Burning Blood","Blue Candle","Matryoshka","Darkstone Periapt"],"potions_floor_usage":[10,11],"damage_taken":[{"damage":0.0,"enemies":"Small Slimes","floor":1.0,"turns":3.0},{"damage":1.0,"enemies":"Cultist","floor":3.0,"turns":3.0},{"damage":7.0,"enemies":"2 Louse","floor":4.0,"turns":4.0},{"damage":26,"enemies":"Gremlin Nob","floor":7,"turns":4},{"damage":24,"enemies":"3 Sentries","floor":10,"turns":6},{"damage":42,"enemies":"Gremlin Gang","floor":11,"turns":3}],"seed_played":"-1360569667802327777","potions_obtained":[{"floor":1.0,"key":"PowerPotion"},{"floor":7,"key":"Weak Potion"},{"floor":10,"key":"Dexterity Potion"}],"is_trial":false,"path_per_floor":["M","?","M","M","$","R","E","R","T","E","M"],"character_chosen":"IRONCLAD","items_purchased":["Feed"],"campfire_rested":0,"item_purchase_floors":[5],"current_hp_per_floor":[74,74,75,74,74,74,54,54,54,39,0],"gold":66,"neow_bonus":"TRANSFORM_CARD","is_prod":false,"is_daily":false,"chose_seed":false,"campfire_upgraded":2,"win_rate":0,"timestamp":1553139651,"path_taken":["M","?","M","?","$","R","E","R","T","E","M"],"build_version":"2019-01-23","purchased_purges":0,"victory":false,"max_hp_per_floor":[75,75,75,75,75,75,75,75,75,78,78],"card_choices":[{"not_picked":["Infernal Blade","Perfected Strike"],"picked":"Sword Boomerang","floor":1.0},{"not_picked":["Thunderclap","Perfected Strike"],"picked":"Spot Weakness","floor":3.0},{"not_picked":["Cleave","Power Through"],"picked":"Inflame","floor":4.0},{"not_picked":["True Grit","Perfected Strike"],"picked":"Havoc","floor":7},{"not_picked":["Havoc","Heavy Blade"],"picked":"Exhume","floor":10}],"player_experience":401618,"relics_obtained":[{"floor":7,"key":"Blue Candle"},{"floor":9,"key":"Matryoshka"},{"floor":10,"key":"Darkstone Periapt"}],"event_choices":[{"cards_removed":["Strike_R"],"damage_healed":0.0,"max_hp_gain":0.0,"max_hp_loss":0.0,"gold_gain":0.0,"event_name":"Bonfire Elementals","player_choice":"Offered Basic","floor":2.0,"gold_loss":0.0,"damage_taken":0.0}],"is_beta":false,"boss_relics":[],"items_purged_floors":[],"is_endless":false,"potions_floor_spawned":[1,7,10],"killed_by":"Gremlin Gang","ascension_level":15}