{"gold_per_floor":[210,135,149,159,178,205,225,239,265,265,275,303,303,334,346,462,474,496,526,2,16,16,16,42,42,66,77,93,4,4,21,21,21],"floor_reached":33,"playtime":2604,"items_purged":["Strike_B"],"score":370,"play_id":"1db4c3a6-f550-442c-92e6-3fe85abc1168","local_time":"20190529004514","is_ascension_mode":true,"campfire_choices":[{"floor":10.0,"key":"REST"},{"floor":15.0,"key":"REST"},{"floor":23.0,"key":"REST"},{"floor":25.0,"key":"REST"},{"floor":30.0,"key":"REST"},{"floor":32.0,"key":"REST"}],"neow_cost":"NONE","seed_source_timestamp":93947521339400,"circlet_count":0,"master_deck":["Strike_B","Strike_B","Strike_B","Defend_B","Defend_B","Defend_B","Defend_B","Zap","Dualcast","Sweeping Beam","Streamline","FTL","Coolheaded","Glacier","Hello World","Cold Snap","Hologram","Conserve Battery","Cold Snap","White Noise","Electrodynamics","Skim","Turbo+1","Defragment","Hologram+1","Conserve Battery","Conserve Battery","Flash of Steel","Rebound+1"],"special_seed":0,"relics":["Cracked Core","Prayer Wheel","Centennial Puzzle","Dodecahedron","MawBank","Runic Capacitor","Oddly Smooth Stone","Vajra","Boot","Bronze Scales"],"potions_floor_usage":[33],"damage_taken":[{"damage":1.0,"enemies":"Cultist","floor":1.0,"turns":3.0},{"damage":3.0,"enemies":"Small Slimes","floor":3.0,"turns":3.0},{"damage":7.0,"enemies":"Jaw Worm","floor":4.0,"turns":2.0},{"damage":0.0,"enemies":"2 Fungi Beasts","floor":5.0,"turns":2.0},{"damage":27.0,"enemies":"3 Sentries","floor":6.0,"turns":7.0},{"damage":5.0,"enemies":"Lots of Slimes","floor":7.0,"turns":2.0},{"damage":7.0,"enemies":"Large Slime","floor":8.0,"turns":5.0},{"damage":10.0,"enemies":"3 Louse","floor":11.0,"turns":3.0},{"damage":0.0,"enemies":"Gremlin Nob","floor":12.0,"turns":4.0},{"damage":12.0,"enemies":"Lots of Slimes","floor":14.0,"turns":6.0},{"damage":14.0,"enemies":"Hexaghost","floor":16.0,"turns":15.0},{"damage":21.0,"enemies":"2 Thieves","floor":18.0,"turns":4.0},{"damage":15.0,"enemies":"Shell Parasite","floor":19.0,"turns":11.0},{"damage":23.0,"enemies":"Snake Plant","floor":21.0,"turns":7.0},{"damage":43.0,"enemies":"Gremlin Leader","floor":24.0,"turns":7.0},{"damage":5.0,"enemies":"Snecko","floor":27.0,"turns":5.0},{"damage":10.0,"enemies":"Cultist and Chosen","floor":28.0,"turns":6.0},{"damage":8.0,"enemies":"Chosen and Byrds","floor":31.0,"turns":4.0},{"damage":59,"enemies":"Automaton","floor":33,"turns":12}],"seed_played":"-9122224031330579264","potions_obtained":[{"floor":3.0,"key":"Poison Potion"},{"floor":5.0,"key":"SpeedPotion"},{"floor":6.0,"key":"PowerPotion"},{"floor":12.0,"key":"FearPotion"},{"floor":14.0,"key":"AttackPotion"},{"floor":16.0,"key":"Regen Potion"},{"floor":19.0,"key":"FearPotion"},{"floor":24.0,"key":"Block Potion"},{"floor":28.0,"key":"Ancient Potion"}],"is_trial":false,"path_per_floor":["M","$","M","M","M","E","M","M","T","R","M","E","?","M","R","B",null,"M","M","$","M","?","R","E","R","T","M","M","$","R","M","R","B"],"character_chosen":"DEFECT","items_purchased":["Runic Capacitor","Oddly Smooth Stone","Vajra","Defragment","Flash of Steel"],"campfire_rested":6,"item_purchase_floors":[20,20,20,20,29],"current_hp_per_floor":[74,74,71,64,64,37,32,25,25,47,37,37,25,13,35,21,75,54,54,54,31,31,53,10,32,32,27,17,17,39,31,53,0],"gold":21,"neow_bonus":"HUNDRED_GOLD","is_prod":false,"is_daily":false,"chose_seed":false,"campfire_upgraded":0,"win_rate":0,"timestamp":1559115914,"path_taken":["M","?","M","M","M","E","M","M","T","R","M","E","?","M","R","BOSS","M","M","$","M","?","R","E","R","T","M","M","$","R","M","R","BOSS"],"build_version":"2019-01-23","purchased_purges":1,"victory":false,"max_hp_per_floor":[75,75,75,75,75,75,75,75,75,75,75,75,75,75,75,75,75,75,75,75,75,75,75,75,75,75,75,75,75,75,75,75,75],"card_choices":[{"not_picked":["Barrage","Redo"],"picked":"Sweeping Beam","floor":1.0},{"not_picked":["Coolheaded","Sweeping Beam"],"picked":"Streamline","floor":3.0},{"not_picked":["Reprogram","Lockon"],"picked":"FTL","floor":4.0},{"not_picked":["Compile Driver","Go for the Eyes"],"picked":"Coolheaded","floor":5.0},{"not_picked":["Seek","BootSequence"],"picked":"Glacier","floor":6.0},{"not_picked":["Steam","Beam Cell"],"picked":"Hello World","floor":7.0},{"not_picked":["Coolheaded","Hologram"],"picked":"Cold Snap","floor":7.0},{"not_picked":["Leap","Loop"],"picked":"Hologram","floor":8.0},{"not_picked":["Rebound","Streamline"],"picked":"Conserve Battery","floor":8.0},{"not_picked":["Steam Power","Chaos"],"picked":"Cold Snap","floor":11.0},{"not_picked":["Static Discharge","Tempest","Go for the Eyes"],"picked":"SKIP","floor":11.0},{"not_picked":["Redo","Aggregate","Glacier"],"picked":"SKIP","floor":12.0},{"not_picked":["Recycle","Stack"],"picked":"White Noise","floor":14.0},{"not_picked":["Multi-Cast","Redo","Loop"],"picked":"SKIP","floor":14.0},{"not_picked":["Biased Cognition","Machine Learning"],"picked":"Electrodynamics","floor":16.0},{"not_picked":["Barrage","Hello World+1"],"picked":"Skim","floor":18.0},{"not_picked":["Lockon","Self Repair","Coolheaded"],"picked":"SKIP","floor":18.0},{"not_picked":["Conserve Battery","Redo"],"picked":"Turbo+1","floor":19.0},{"not_picked":["Beam Cell","Skim","Hologram"],"picked":"SKIP","floor":19.0},{"not_picked":["Reprogram+1","Heatsinks"],"picked":"Hologram+1","floor":21.0},{"not_picked":["Leap","Streamline","Compile Driver"],"picked":"SKIP","floor":21.0},{"not_picked":["Reinforced Body","Turbo","Hologram"],"picked":"SKIP","floor":24.0},{"not_picked":["Heatsinks","Reboot"],"picked":"Conserve Battery","floor":27.0},{"not_picked":["Turbo","Compile Driver","FTL"],"picked":"SKIP","floor":27.0},{"not_picked":["Barrage","Ball Lightning"],"picked":"Conserve Battery","floor":28.0},{"not_picked":["Conserve Battery","Scrape","Hologram"],"picked":"SKIP","floor":28.0},{"not_picked":["Consume","Steam"],"picked":"Rebound+1","floor":31.0},{"not_picked":["Hello World","Capacitor","Go for the Eyes"],"picked":"SKIP","floor":31.0}],"player_experience":107350,"relics_obtained":[{"floor":6.0,"key":"Prayer Wheel"},{"floor":9.0,"key":"Centennial Puzzle"},{"floor":12.0,"key":"Dodecahedron"},{"floor":24.0,"key":"Boot"},{"floor":26.0,"key":"Bronze Scales"}],"event_choices":[{"damage_healed":0.0,"max_hp_gain":0.0,"max_hp_loss":0.0,"gold_gain":0.0,"event_name":"Scrap Ooze","player_choice":"Success","floor":13.0,"gold_loss":0.0,"damage_taken":12.0,"relics_obtained":["MawBank"]}],"is_beta":false,"boss_relics":[{"not_picked":["Runic Pyramid","Busted Crown","Snecko Eye"]}],"items_purged_floors":[2],"is_endless":false,"potions_floor_spawned":[3,5,6,12,14,16,19,24,28],"killed_by":"Automaton","ascension_level":4}