{"gold_per_floor":[109,122,72,83,83,111,174,186,198,210,251,263,51,80,80,80],"floor_reached":16,"playtime":1101,"items_purged":["Strike_R"],"score":116,"play_id":"d271b53f-7443-4e95-98c9-2539d898e00d","local_time":"20190522231007","is_ascension_mode":false,"campfire_choices":[{"floor":8,"key":"REST"},{"data":"Searing Blow","floor":10,"key":"SMITH"},{"floor":12,"key":"REST"},{"floor":15,"key":"REST"}],"neow_cost":"NONE","seed_source_timestamp":108689667803300,"circlet_count":0,"master_deck":["Strike_R","Strike_R","Strike_R","Defend_R","Defend_R","Defend_R","Defend_R","Bash","Intimidate","Dropkick","Searing Blow+1","Thunderclap","Dual Wield","Pommel Strike","Iron Wave","Headbutt"],"relics":["Burning Blood","Darkstone Periapt","MawBank","Letter Opener","Pen Nib","Lantern","Bag of Marbles"],"potions_floor_usage":[7],"damage_taken":[{"damage":0,"enemies":"2 Louse","floor":1,"turns":3},{"damage":1,"enemies":"Jaw Worm","floor":2,"turns":5},{"damage":0,"enemies":"Small Slimes","floor":4,"turns":3},{"damage":55,"enemies":"3 Sentries","floor":6,"turns":13},{"damage":31,"enemies":"Gremlin Nob","floor":7,"turns":5},{"damage":34,"enemies":"Gremlin Nob","floor":11,"turns":5},{"damage":22,"enemies":"3 Sentries","floor":14,"turns":8},{"damage":55,"enemies":"The Guardian","floor":16,"turns":9}],"seed_played":"8406032158921346313","potions_obtained":[{"floor":1,"key":"Ancient Potion"},{"floor":2,"key":"BloodPotion"},{"floor":11,"key":"GamblersBrew"}],"is_trial":false,"path_per_floor":["M","M","?","M","?","E","?","R","T","R","E","R","$","E","R","B"],"character_chosen":"IRONCLAD","items_purchased":["Lantern"],"campfire_rested":3,"item_purchase_floors":[13],"current_hp_per_floor":[80,80,80,80,85,36,19,44,44,44,16,41,41,25,50,0],"gold":80,"neow_bonus":"THREE_CARDS","is_prod":false,"is_daily":false,"chose_seed":false,"campfire_upgraded":1,"win_rate":0.0,"timestamp":1558591807,"path_taken":["M","M","?","M","?","E","?","R","T","R","E","R","$","E","R","BOSS"],"build_version":"2019-01-23","purchased_purges":1,"victory":false,"max_hp_per_floor":[80,80,80,80,85,85,85,85,85,85,85,85,85,85,85,85],"card_choices":[{"not_picked":["Heavy Blade","Headbutt"],"picked":"Intimidate","floor":0},{"not_picked":["Shockwave","Thunderclap"],"picked":"Dropkick","floor":1},{"not_picked":["Twin Strike","Body Slam"],"picked":"Searing Blow","floor":2},{"not_picked":["Shockwave","Flex"],"picked":"Thunderclap","floor":4},{"not_picked":["Anger","Clothesline"],"picked":"Dual Wield","floor":6},{"not_picked":["Combust","Heavy Blade"],"picked":"Pommel Strike","floor":7},{"not_picked":["Warcry","True Grit"],"picked":"Iron Wave","floor":11},{"not_picked":["Anger","Entrench"],"picked":"Headbutt","floor":14}],"player_experience":6536,"relics_obtained":[{"floor":6,"key":"Darkstone Periapt"},{"floor":7,"key":"MawBank"},{"floor":9,"key":"Letter Opener"},{"floor":11,"key":"Pen Nib"},{"floor":14,"key":"Bag of Marbles"}],"event_choices":[{"cards_removed":["Strike_R"],"damage_healed":0,"gold_gain":0,"player_choice":"Card Removal","damage_taken":0,"max_hp_gain":0,"max_hp_loss":0,"event_name":"The Cleric","floor":3,"gold_loss":50},{"damage_healed":0,"gold_gain":0,"player_choice":"Donut","damage_taken":0,"max_hp_gain":5,"max_hp_loss":0,"event_name":"Big Fish","floor":5,"gold_loss":0},{"damage_healed":0,"gold_gain":0,"player_choice":"Searched \u00272\u0027 times","damage_taken":0,"max_hp_gain":0,"max_hp_loss":0,"event_name":"Dead Adventurer","floor":7,"gold_loss":0}],"is_beta":false,"boss_relics":[],"items_purged_floors":[13],"is_endless":false,"potions_floor_spawned":[1,2,11],"killed_by":"The Guardian","ascension_level":0}