{"gold_per_floor":[112,112,129,129,146,176,176,176],"floor_reached":8,"playtime":311,"items_purged":[],"score":106,"play_id":"87e27ae3-08d2-4c5a-9cac-5566beb329f1","local_time":"20190525122835","is_ascension_mode":true,"campfire_choices":[{"data":"Zap","floor":7,"key":"SMITH"}],"neow_cost":"NONE","seed_source_timestamp":178083972343778,"circlet_count":0,"master_deck":["AscendersBane","Strike_B","Strike_B","Strike_B","Defend_B","Defend_B","Defend_B","Defend_B","Zap+1","Dualcast","Static Discharge","Coolheaded+1","Conserve Battery","Fission"],"relics":["Cracked Core","NeowsBlessing","Question Card"],"potions_floor_usage":[6],"damage_taken":[{"damage":0,"enemies":"Jaw Worm","floor":1,"turns":1},{"damage":0,"enemies":"Cultist","floor":3,"turns":1},{"damage":0,"enemies":"2 Louse","floor":5,"turns":1},{"damage":21,"enemies":"3 Sentries","floor":6,"turns":8},{"damage":37,"enemies":"Exordium Thugs","floor":8,"turns":5}],"seed_played":"-2176189604008813847","potions_obtained":[{"floor":5,"key":"Fire Potion"}],"is_trial":false,"path_per_floor":["M","?","M","?","M","E","R","M"],"character_chosen":"DEFECT","items_purchased":[],"campfire_rested":0,"item_purchase_floors":[],"current_hp_per_floor":[64,57,57,57,57,36,36,0],"gold":176,"neow_bonus":"THREE_ENEMY_KILL","is_prod":false,"is_daily":false,"chose_seed":false,"campfire_upgraded":1,"win_rate":0,"timestamp":1558812515,"path_taken":["M","?","M","?","?","E","R","M"],"build_version":"2019-01-23","purchased_purges":0,"victory":false,"max_hp_per_floor":[71,71,71,71,71,71,71,71],"card_choices":[{"not_picked":["Go for the Eyes","Double Energy"],"picked":"Static Discharge","floor":1},{"not_picked":["Scrape","Rip and Tear"],"picked":"Coolheaded","floor":3},{"not_picked":["Steam Power","Cold Snap"],"picked":"Conserve Battery","floor":5},{"not_picked":["Hologram","Go for the Eyes"],"picked":"Fission","floor":6}],"player_experience":745642,"relics_obtained":[{"floor":6,"key":"Question Card"}],"event_choices":[{"cards_removed":["Strike_B"],"damage_healed":0,"gold_gain":0,"player_choice":"Card Removal","damage_taken":7,"max_hp_gain":0,"max_hp_loss":0,"event_name":"Golden Wing","floor":2,"gold_loss":0},{"damage_healed":0,"gold_gain":0,"player_choice":"Upgraded","damage_taken":0,"max_hp_gain":0,"max_hp_loss":0,"event_name":"Upgrade Shrine","floor":4,"gold_loss":0,"cards_upgraded":["Coolheaded"]}],"is_beta":false,"boss_relics":[],"items_purged_floors":[],"is_endless":false,"potions_floor_spawned":[5],"killed_by":"Exordium Thugs","ascension_level":18}