{"gold_per_floor":[115,215,226,226,245,273,273,44,71,71,89,109,109,122,122,225,225,239,239,44,44,55,80,80,94,148,165,181,181],"floor_reached":29,"playtime":1700,"items_purged":["Defend_B"],"score":247,"play_id":"b4427493-76cc-427c-8d95-09bc4b10715f","local_time":"20190422123116","is_ascension_mode":false,"campfire_choices":[{"floor":7,"key":"REST"},{"data":"Redo","floor":10,"key":"SMITH"},{"data":"Redo","floor":13,"key":"SMITH"},{"floor":15,"key":"REST"},{"floor":24,"key":"REST"}],"neow_cost":"NONE","seed_source_timestamp":950777651708912,"circlet_count":0,"master_deck":["Strike_B","Strike_B","Strike_B","Strike_B","Zap+1","Dualcast","Compile Driver","Barrage","Redo+1","Compile Driver","Redo+1","Seek","Electrodynamics","Barrage","Double Energy","Master of Strategy","BootSequence","Ball Lightning+1","Double Energy","Biased Cognition"],"relics":["Cracked Core","Regal Pillow","War Paint","Smiling Mask","Empty Cage","Nilry\u0027s Codex","Potion Belt","Happy Flower"],"potions_floor_usage":[23,23,23,29],"damage_taken":[{"damage":2,"enemies":"2 Louse","floor":1,"turns":3},{"damage":6,"enemies":"Cultist","floor":3,"turns":3},{"damage":8,"enemies":"Small Slimes","floor":5,"turns":2},{"damage":30,"enemies":"Gremlin Nob","floor":6,"turns":4},{"damage":0,"enemies":"3 Louse","floor":11,"turns":3},{"damage":13,"enemies":"Red Slaver","floor":12,"turns":2},{"damage":10,"enemies":"Looter","floor":14,"turns":2},{"damage":54,"enemies":"Slime Boss","floor":16,"turns":10},{"damage":32,"enemies":"Shell Parasite","floor":18,"turns":4},{"damage":0,"enemies":"Spheric Guardian","floor":22,"turns":3},{"damage":12,"enemies":"Slavers","floor":23,"turns":3},{"damage":21,"enemies":"Snake Plant","floor":25,"turns":3},{"damage":32,"enemies":"Shelled Parasite and Fungi","floor":27,"turns":4},{"damage":0,"enemies":"Cultist and Chosen","floor":28,"turns":3},{"damage":6,"enemies":"Gremlin Leader","floor":29,"turns":1}],"seed_played":"-5757314935000348957","potions_obtained":[{"floor":1,"key":"Block Potion"},{"floor":5,"key":"SteroidPotion"},{"floor":11,"key":"FearPotion"},{"floor":14,"key":"Block Potion"},{"floor":27,"key":"Dexterity Potion"}],"is_trial":false,"path_per_floor":["M","?","M","?","M","E","R","$","T","R","M","M","R","M","R","B",null,"M","?","$","?","M","E","R","M","T","M","M","E"],"character_chosen":"DEFECT","items_purchased":["War Paint","Master of Strategy"],"campfire_rested":3,"item_purchase_floors":[8,20],"current_hp_per_floor":[73,73,67,72,64,34,73,73,73,73,73,60,60,50,80,26,80,48,48,48,32,32,20,59,38,38,6,6,0],"gold":181,"neow_bonus":"REMOVE_CARD","is_prod":false,"is_daily":false,"chose_seed":false,"campfire_upgraded":2,"win_rate":0.0,"timestamp":1555961476,"path_taken":["M","?","?","?","M","E","R","$","T","R","M","M","R","M","R","BOSS","M","?","$","?","M","E","R","M","T","M","M","E"],"build_version":"2019-01-23","purchased_purges":1,"victory":false,"max_hp_per_floor":[75,75,75,80,80,80,80,80,80,80,80,80,80,80,80,80,80,80,80,80,80,80,80,80,80,80,80,80,80],"card_choices":[{"not_picked":["Undo","Skim"],"picked":"Compile Driver","floor":1},{"not_picked":["Recycle","Hologram"],"picked":"Barrage","floor":3},{"not_picked":["Gash","Beam Cell"],"picked":"Redo","floor":5},{"not_picked":["Doom and Gloom","Coolheaded"],"picked":"Compile Driver","floor":6},{"not_picked":["Conserve Battery","Gash"],"picked":"Redo","floor":11},{"not_picked":["Hologram","Leap","Recycle"],"picked":"SKIP","floor":12},{"not_picked":["Gash","Conserve Battery"],"picked":"Seek","floor":14},{"not_picked":["Core Surge","Reboot"],"picked":"Electrodynamics","floor":16},{"not_picked":["Heatsinks","Beam Cell+1"],"picked":"Barrage","floor":18},{"not_picked":["Turbo","Conserve Battery"],"picked":"BootSequence","floor":22},{"not_picked":["Glacier","Hologram"],"picked":"Ball Lightning+1","floor":23},{"not_picked":["Sweeping Beam","Hologram","Gash"],"picked":"SKIP","floor":25},{"not_picked":["White Noise","Lockon"],"picked":"Double Energy","floor":27},{"not_picked":["Redo","Capacitor"],"picked":"Biased Cognition","floor":28}],"player_experience":51930,"relics_obtained":[{"floor":6,"key":"Regal Pillow"},{"floor":9,"key":"Smiling Mask"},{"floor":21,"key":"Nilry\u0027s Codex"},{"floor":23,"key":"Potion Belt"},{"floor":26,"key":"Happy Flower"}],"event_choices":[{"damage_healed":0,"gold_gain":100,"player_choice":"Pray","damage_taken":0,"max_hp_gain":0,"max_hp_loss":0,"event_name":"Golden Shrine","floor":2,"gold_loss":0},{"damage_healed":0,"gold_gain":0,"player_choice":"Donut","damage_taken":0,"max_hp_gain":5,"max_hp_loss":0,"event_name":"Big Fish","floor":4,"gold_loss":0},{"damage_healed":0,"gold_gain":0,"player_choice":"Read","damage_taken":0,"max_hp_gain":0,"max_hp_loss":0,"event_name":"The Library","floor":19,"gold_loss":0,"cards_obtained":["Double Energy"]},{"damage_healed":0,"gold_gain":0,"player_choice":"Obtained Book","damage_taken":16,"max_hp_gain":0,"max_hp_loss":0,"event_name":"Cursed Tome","floor":21,"gold_loss":0}],"is_beta":false,"boss_relics":[{"not_picked":["Runic Pyramid","Snecko Eye"],"picked":"Empty Cage"}],"items_purged_floors":[8],"is_endless":false,"potions_floor_spawned":[1,5,11,12,14,18,22,27],"killed_by":"Gremlin Leader","ascension_level":0}