{"gold_per_floor":[17,32,44,44,119,119,135,2,28,45,45,45,63,76,76,148,148,161,161,161,173,173],"floor_reached":22,"playtime":1355,"items_purged":[],"score":338,"play_id":"ed842606-a4f8-4405-8e1c-1e45f632aa38","local_time":"20190527212932","is_ascension_mode":true,"campfire_choices":[{"data":"Zap","floor":6,"key":"SMITH"},{"floor":12,"key":"REST"},{"floor":15,"key":"REST"}],"neow_cost":"NO_GOLD","seed_source_timestamp":237272227396040,"circlet_count":0,"master_deck":["AscendersBane","Strike_B","Strike_B+1","Defend_B","Defend_B","Defend_B","Defend_B","Zap+1","Dualcast","Melter","Glacier","Coolheaded","Sweeping Beam+1","Blizzard","Chill","BootSequence","Sunder","Seek","Echo Form","Chill"],"relics":["Cracked Core","Whetstone","Centennial Puzzle","Runic Pyramid"],"potions_floor_usage":[16,21],"damage_taken":[{"damage":1,"enemies":"Cultist","floor":1,"turns":3},{"damage":0,"enemies":"2 Louse","floor":2,"turns":2},{"damage":1,"enemies":"Jaw Worm","floor":3,"turns":3},{"damage":12,"enemies":"Large Slime","floor":7,"turns":7},{"damage":8,"enemies":"3 Louse","floor":10,"turns":3},{"damage":3,"enemies":"Lots of Slimes","floor":13,"turns":4},{"damage":9,"enemies":"2 Fungi Beasts","floor":14,"turns":3},{"damage":48,"enemies":"Slime Boss","floor":16,"turns":12},{"damage":21,"enemies":"3 Byrds","floor":18,"turns":5},{"damage":37,"enemies":"Colosseum Slavers","floor":20,"turns":4},{"damage":10,"enemies":"2 Thieves","floor":21,"turns":3},{"damage":11,"enemies":"Snecko","floor":22,"turns":3}],"seed_played":"-566740413586189472","potions_obtained":[{"floor":1,"key":"Regen Potion"},{"floor":2,"key":"SpeedPotion"},{"floor":16,"key":"Swift Potion"}],"is_trial":false,"path_per_floor":["M","M","M","$","?","R","M","$","T","M","?","R","M","M","R","B",null,"M","?","?","M","M"],"character_chosen":"DEFECT","items_purchased":["Blizzard","Chill"],"campfire_rested":2,"item_purchase_floors":[8,8],"current_hp_per_floor":[63,63,62,62,51,51,39,39,39,31,13,34,31,22,43,10,56,35,49,12,2,0],"gold":173,"neow_bonus":"REMOVE_TWO","is_prod":false,"is_daily":false,"chose_seed":false,"campfire_upgraded":1,"win_rate":0,"timestamp":1559017772,"path_taken":["M","M","?","?","?","R","M","$","T","M","?","R","M","M","R","BOSS","M","?","?","M","M"],"build_version":"2019-01-23","purchased_purges":0,"victory":false,"max_hp_per_floor":[71,71,71,71,71,71,71,71,71,71,71,71,71,71,71,71,71,71,71,71,71,71],"card_choices":[{"not_picked":["Go for the Eyes","Aggregate"],"picked":"Melter","floor":1},{"not_picked":["Sweeping Beam","Go for the Eyes"],"picked":"Glacier","floor":2},{"not_picked":["Go for the Eyes","Conserve Battery"],"picked":"Coolheaded","floor":3},{"not_picked":["Leap","FTL"],"picked":"Sweeping Beam","floor":7},{"not_picked":["Static Discharge","Conserve Battery"],"picked":"BootSequence","floor":10},{"not_picked":["Steam Power","Tempest"],"picked":"Sunder","floor":13},{"not_picked":["Leap","Storm"],"picked":"Seek","floor":14},{"not_picked":["Rainbow","Seek"],"picked":"Echo Form","floor":16},{"not_picked":["Rebound","Steam+1","Force Field"],"picked":"SKIP","floor":18},{"not_picked":["Genetic Algorithm","Cold Snap"],"picked":"Chill","floor":21}],"player_experience":776729,"relics_obtained":[{"floor":9,"key":"Whetstone"}],"event_choices":[{"damage_healed":0,"gold_gain":75,"player_choice":"Gather Gold","damage_taken":11,"max_hp_gain":0,"max_hp_loss":0,"event_name":"World of Goop","floor":5,"gold_loss":0},{"damage_healed":0,"gold_gain":0,"player_choice":"Success","damage_taken":18,"relics_obtained":["Centennial Puzzle"],"max_hp_gain":0,"max_hp_loss":0,"event_name":"Scrap Ooze","floor":11,"gold_loss":0},{"damage_healed":14,"gold_gain":0,"player_choice":"Heal","damage_taken":0,"max_hp_gain":0,"max_hp_loss":0,"event_name":"The Library","floor":19,"gold_loss":0},{"damage_healed":0,"gold_gain":0,"player_choice":"Fight","damage_taken":0,"max_hp_gain":0,"max_hp_loss":0,"event_name":"Colosseum","floor":20,"gold_loss":0},{"damage_healed":0,"gold_gain":0,"player_choice":"Fled From Nobs","damage_taken":0,"max_hp_gain":0,"max_hp_loss":0,"event_name":"Colosseum","floor":20,"gold_loss":0}],"is_beta":false,"boss_relics":[{"not_picked":["Philosopher\u0027s Stone","FrozenCore"],"picked":"Runic Pyramid"}],"items_purged_floors":[],"is_endless":false,"potions_floor_spawned":[1,2,16],"killed_by":"Snecko","ascension_level":18}