{"gold_per_floor":[116,130,55,55,55,91,91,104,104,104,104,139,160,179,179,272,272,287,287,301,301,301],"floor_reached":22,"playtime":1991,"items_purged":["Strike_B"],"score":405,"play_id":"f1e2d0b9-6fed-4282-bb9e-8ec67eae45cc","local_time":"20190524214940","is_ascension_mode":true,"campfire_choices":[{"data":"Zap","floor":7,"key":"SMITH"},{"data":"Coolheaded","floor":10,"key":"SMITH"},{"data":"Loop","floor":15,"key":"SMITH"}],"neow_cost":"NONE","seed_source_timestamp":135144360188355,"circlet_count":0,"master_deck":["AscendersBane","Strike_B","Strike_B","Strike_B","Defend_B","Defend_B","Defend_B","Defend_B","Zap+1","Dualcast","Conserve Battery","Reboot","Coolheaded+1","Loop+1","Sweeping Beam","Meteor Strike","Meteor Strike","Compile Driver","Ball Lightning","Machine Learning"],"relics":["Cracked Core","NeowsBlessing","Golden Idol","Mercury Hourglass","Bag of Marbles","Omamori","Fusion Hammer","Oddly Smooth Stone"],"potions_floor_usage":[13,16],"damage_taken":[{"damage":0,"enemies":"Cultist","floor":1,"turns":1},{"damage":0,"enemies":"Small Slimes","floor":2,"turns":1},{"damage":0,"enemies":"Gremlin Nob","floor":6,"turns":1},{"damage":2,"enemies":"Jaw Worm","floor":8,"turns":2},{"damage":16,"enemies":"3 Sentries","floor":12,"turns":8},{"damage":9,"enemies":"Large Slime","floor":13,"turns":4},{"damage":4,"enemies":"2 Fungi Beasts","floor":14,"turns":3},{"damage":26,"enemies":"The Guardian","floor":16,"turns":12},{"damage":11,"enemies":"Spheric Guardian","floor":18,"turns":3},{"damage":28,"enemies":"Chosen","floor":20,"turns":5},{"damage":19,"enemies":"3 Cultists","floor":22,"turns":3}],"seed_played":"3637564497577545891","potions_obtained":[{"floor":6,"key":"SneckoOil"},{"floor":12,"key":"Fire Potion"},{"floor":13,"key":"Energy Potion"}],"is_trial":false,"path_per_floor":["M","M","$","?","?","E","R","M","T","R","?","E","M","M","R","B",null,"M","?","M","?","M"],"character_chosen":"DEFECT","items_purchased":[],"campfire_rested":0,"item_purchase_floors":[],"current_hp_per_floor":[64,64,64,64,64,64,64,62,62,62,62,46,37,33,33,7,50,39,39,11,11,0],"gold":301,"neow_bonus":"THREE_ENEMY_KILL","is_prod":false,"is_daily":false,"chose_seed":false,"campfire_upgraded":3,"win_rate":0,"timestamp":1558759780,"path_taken":["M","?","$","?","?","E","R","M","T","R","?","E","M","M","R","BOSS","M","?","?","?","M"],"build_version":"2019-01-23","purchased_purges":1,"victory":false,"max_hp_per_floor":[71,71,71,64,64,64,64,64,64,64,64,64,64,64,64,64,64,64,64,64,64,64],"card_choices":[{"not_picked":["Melter","Hologram"],"picked":"Conserve Battery","floor":1},{"not_picked":["Leap","Gash"],"picked":"Reboot","floor":2},{"not_picked":["Chaos","FTL","Barrage"],"picked":"SKIP","floor":6},{"not_picked":["Conserve Battery","Scrape"],"picked":"Coolheaded","floor":8},{"not_picked":["Skim","Steam"],"picked":"Loop","floor":12},{"not_picked":["Rebound","Heatsinks"],"picked":"Sweeping Beam","floor":13},{"not_picked":["Hello World","Melter"],"picked":"Meteor Strike","floor":14},{"not_picked":["Multi-Cast","Creative AI"],"picked":"Meteor Strike","floor":16},{"not_picked":["Coolheaded","Reinforced Body"],"picked":"Compile Driver","floor":18},{"not_picked":["Rebound","Lockon"],"picked":"Ball Lightning","floor":20}],"player_experience":732301,"relics_obtained":[{"floor":6,"key":"Mercury Hourglass"},{"floor":9,"key":"Bag of Marbles"},{"floor":12,"key":"Omamori"}],"event_choices":[{"damage_healed":0,"gold_gain":0,"player_choice":"Lose Max HP","damage_taken":0,"relics_obtained":["Golden Idol"],"max_hp_gain":0,"max_hp_loss":7,"event_name":"Golden Idol","floor":4,"gold_loss":0},{"damage_healed":0,"gold_gain":0,"player_choice":"Leave","damage_taken":0,"max_hp_gain":0,"max_hp_loss":0,"event_name":"The Cleric","floor":5,"gold_loss":0},{"damage_healed":0,"gold_gain":0,"player_choice":"Ignored","damage_taken":0,"max_hp_gain":0,"max_hp_loss":0,"event_name":"Liars Game","floor":11,"gold_loss":0},{"damage_healed":0,"gold_gain":0,"player_choice":"Gave Potion","damage_taken":0,"relics_obtained":["Oddly Smooth Stone"],"max_hp_gain":0,"max_hp_loss":0,"event_name":"WeMeetAgain","floor":19,"gold_loss":0},{"damage_healed":0,"gold_gain":0,"player_choice":"1 cards matched","damage_taken":0,"max_hp_gain":0,"max_hp_loss":0,"event_name":"Match and Keep!","floor":21,"gold_loss":0,"cards_obtained":["Machine Learning"]}],"is_beta":false,"boss_relics":[{"not_picked":["FrozenCore","Coffee Dripper"],"picked":"Fusion Hammer"}],"items_purged_floors":[3],"is_endless":false,"potions_floor_spawned":[6,12,13],"killed_by":"3 Cultists","ascension_level":17}