{"gold_per_floor":[112,122,122,122,140,140,197,222,249,259,259,259,108,58,58,162,162,143,143,8,21,31,31],"floor_reached":23,"playtime":933,"items_purged":["Strike_B","Normality"],"score":189,"play_id":"2f4dc4e9-5e51-4a0b-9070-0aa668cae271","local_time":"20180704194008","is_ascension_mode":false,"campfire_choices":[{"data":"Melter","floor":6,"key":"SMITH"},{"data":"Go for the Eyes","floor":12,"key":"SMITH"},{"floor":15,"key":"REST"}],"neow_cost":"NONE","seed_source_timestamp":203720271544710,"circlet_count":0,"master_deck":["Strike_B","Strike_B","Defend_B","Defend_B","Defend_B+1","Defend_B","Zap","Dualcast","Capacitor+1","Force Field","Melter+1","Darkness","Go for the Eyes+1","Hello World","Echo Form","Capacitor","Melter","Self Repair","Consume"],"relics":["Cracked Core","NeowsBlessing","Tiny Chest","Lantern","Ancient Tea Set","White Beast Statue","Incense Burner"],"potions_floor_usage":[7,18,21,22,23],"damage_taken":[{"damage":0,"enemies":"Small Slimes","floor":1,"turns":1},{"damage":0,"enemies":"Cultist","floor":2,"turns":1},{"damage":0,"enemies":"Jaw Worm","floor":5,"turns":1},{"damage":11,"enemies":"3 Sentries","floor":7,"turns":6},{"damage":10,"enemies":"Large Slime","floor":10,"turns":5},{"damage":35,"enemies":"The Guardian","floor":16,"turns":9},{"damage":27,"enemies":"2 Thieves","floor":18,"turns":4},{"damage":18,"enemies":"Chosen","floor":21,"turns":4},{"damage":23,"enemies":"Centurion and Healer","floor":22,"turns":7},{"damage":21,"enemies":"Book of Stabbing","floor":23,"turns":1}],"seed_played":"-7816297264675856995","potions_obtained":[{"floor":2,"key":"Block Potion"},{"floor":16,"key":"SkillPotion"},{"floor":18,"key":"Explosive Potion"},{"floor":21,"key":"Fruit Juice"},{"floor":22,"key":"GamblersBrew"}],"is_trial":false,"path_per_floor":["M","M","$","?","M","R","E","T","T","M","?","R","$","?","R","B",null,"M","?","$","M","M"],"character_chosen":"DEFECT","items_purchased":["Hello World","Melter"],"campfire_rested":1,"item_purchase_floors":[13,20],"current_hp_per_floor":[75,75,75,60,60,60,49,49,49,39,39,39,39,39,61,26,75,48,48,48,30,19,0],"gold":31,"neow_bonus":"THREE_ENEMY_KILL","is_prod":false,"is_daily":false,"chose_seed":false,"campfire_upgraded":2,"win_rate":0,"timestamp":1530726008,"path_taken":["M","M","$","?","?","R","E","?","T","M","?","R","?","?","R","BOSS","M","?","$","M","M","E"],"build_version":"2018-06-28","purchased_purges":2,"victory":false,"max_hp_per_floor":[75,75,75,75,75,75,75,75,75,75,75,75,75,75,75,75,75,75,75,75,75,80,80],"card_choices":[{"not_picked":["Gash","Scrape"],"picked":"Capacitor","floor":1},{"not_picked":["Scrape","Streamline"],"picked":"Force Field","floor":2},{"not_picked":["Force Field","Rebound"],"picked":"Melter","floor":5},{"not_picked":["Turbo","Reprogram"],"picked":"Darkness","floor":7},{"not_picked":["Stack","Redo"],"picked":"Go for the Eyes","floor":10},{"not_picked":["Fission","Buffer"],"picked":"Echo Form","floor":16},{"not_picked":["Scrape","Doom and Gloom"],"picked":"Capacitor","floor":18},{"not_picked":["Undo","Storm"],"picked":"Self Repair","floor":21},{"not_picked":["Compile Driver+1","Stack"],"picked":"Consume","floor":22}],"player_experience":70750,"relics_obtained":[{"floor":7,"key":"Tiny Chest"},{"floor":8,"key":"Lantern"},{"floor":9,"key":"Ancient Tea Set"}],"event_choices":[{"event_name":"Shining Light","player_choice":"Entered Light","floor":4,"damage_taken":0},{"event_name":"Golden Idol","player_choice":"Ignored","floor":11,"damage_taken":0},{"event_name":"The Cleric","player_choice":"Card Removal","floor":14,"damage_taken":0},{"event_name":"Accursed Blacksmith","player_choice":"Rummage","floor":19,"damage_taken":0}],"boss_relics":[{"not_picked":["Tiny House","Eternal Feather"],"picked":"White Beast Statue"}],"items_purged_floors":[13,20],"is_endless":false,"potions_floor_spawned":[2,16,18,21,22],"killed_by":"Book of Stabbing","ascension_level":0}