{"gold_per_floor":[118,118,43,59,78,78,90,90,90,9,42,7,27,41,41,41],"floor_reached":16,"playtime":602,"items_purged":["Strike_B"],"score":199,"play_id":"7041db20-d03d-4ac9-b192-8382b1402cf2","local_time":"20190531190908","is_ascension_mode":true,"campfire_choices":[{"data":"Ball Lightning","floor":6.0,"key":"SMITH"},{"data":"Glacier","floor":8.0,"key":"SMITH"},{"data":"Conserve Battery","floor":15.0,"key":"SMITH"}],"neow_cost":"PERCENT_DAMAGE","seed_source_timestamp":0,"circlet_count":0,"master_deck":["AscendersBane","Strike_B","Defend_B","Defend_B","Defend_B","Defend_B","Zap","Dualcast","Glacier+1","Ball Lightning+1","Ball Lightning","Compile Driver","Core Surge","Conserve Battery+1"],"special_seed":0,"relics":["Cracked Core","Pear","Sundial"],"potions_floor_usage":[16],"damage_taken":[{"damage":10.0,"enemies":"Jaw Worm","floor":1.0,"turns":5.0},{"damage":0.0,"enemies":"Cultist","floor":4.0,"turns":3.0},{"damage":6.0,"enemies":"Small Slimes","floor":5.0,"turns":3.0},{"damage":1.0,"enemies":"Looter","floor":7.0,"turns":3.0},{"damage":24.0,"enemies":"Gremlin Nob","floor":11.0,"turns":4.0},{"damage":2.0,"enemies":"Exordium Wildlife","floor":13.0,"turns":3.0},{"damage":7.0,"enemies":"Large Slime","floor":14.0,"turns":4.0},{"damage":66,"enemies":"Slime Boss","floor":16,"turns":14}],"seed_played":"471096727159257131","potions_obtained":[{"floor":7.0,"key":"GamblersBrew"},{"floor":11.0,"key":"Ancient Potion"},{"floor":13.0,"key":"Poison Potion"}],"is_trial":false,"path_per_floor":["M","?","$","M","M","R","M","R","T","$","E","?","M","M","R","B"],"character_chosen":"DEFECT","items_purchased":["Core Surge"],"campfire_rested":0,"item_purchase_floors":[10],"current_hp_per_floor":[36,71,71,71,65,65,64,64,74,74,50,70,68,61,61,0],"gold":41,"neow_bonus":"TRANSFORM_TWO_CARDS","is_prod":false,"is_daily":false,"chose_seed":false,"campfire_upgraded":3,"win_rate":0,"timestamp":1559354948,"path_taken":["M","?","?","M","M","R","?","R","T","$","E","?","M","M","R","BOSS"],"build_version":"2019-01-23","purchased_purges":1,"victory":false,"max_hp_per_floor":[71,71,71,71,71,71,71,71,81,81,81,81,81,81,81,81],"card_choices":[{"not_picked":["Compile Driver","Steam"],"picked":"Ball Lightning","floor":1.0},{"not_picked":["Aggregate","Go for the Eyes"],"picked":"Ball Lightning","floor":4.0},{"not_picked":["Rip and Tear","Undo","Capacitor"],"picked":"SKIP","floor":5.0},{"not_picked":["Coolheaded","Barrage"],"picked":"Compile Driver","floor":7.0},{"not_picked":["Gash","Force Field","Go for the Eyes"],"picked":"SKIP","floor":11.0},{"not_picked":["Rebound","Cold Snap","Consume"],"picked":"SKIP","floor":13.0},{"not_picked":["Stack","Barrage"],"picked":"Conserve Battery","floor":14.0}],"player_experience":801017,"relics_obtained":[{"floor":9.0,"key":"Pear"},{"floor":11.0,"key":"Sundial"}],"event_choices":[{"cards_removed":["Rip and Tear"],"damage_healed":35.0,"max_hp_gain":0.0,"max_hp_loss":0.0,"gold_gain":0.0,"event_name":"Bonfire Elementals","player_choice":"Offered Uncommon","floor":2.0,"gold_loss":0.0,"damage_taken":0.0},{"damage_healed":20.0,"max_hp_gain":0.0,"max_hp_loss":0.0,"gold_gain":0.0,"event_name":"The Cleric","player_choice":"Healed","floor":12.0,"gold_loss":35.0,"damage_taken":0.0}],"is_beta":false,"boss_relics":[],"items_purged_floors":[3],"is_endless":false,"potions_floor_spawned":[7,11,13],"killed_by":"Slime Boss","ascension_level":19}