{"gold_per_floor":[14,14,89,104,115,115,197,217,217,249,95,95,112,126,126,126],"floor_reached":16,"playtime":941,"items_purged":["Strike_B"],"score":194,"play_id":"62592a06-942a-4574-a683-109ef264a235","local_time":"20190527221952","is_ascension_mode":true,"campfire_choices":[{"data":"Zap","floor":6,"key":"SMITH"},{"data":"All For One","floor":15,"key":"SMITH"}],"neow_cost":"NO_GOLD","seed_source_timestamp":240706813665639,"circlet_count":0,"master_deck":["AscendersBane","Strike_B","Defend_B","Defend_B","Defend_B","Defend_B","Zap+1","Dualcast","Fusion","Steam","All For One+1","Chill","Conserve Battery","Hologram"],"relics":["Cracked Core","Matryoshka","Regal Pillow","Darkstone Periapt","Pear","Peace Pipe","Calipers"],"potions_floor_usage":[10,10,14],"damage_taken":[{"damage":7,"enemies":"Small Slimes","floor":1,"turns":3},{"damage":10,"enemies":"2 Louse","floor":4,"turns":3},{"damage":4,"enemies":"Jaw Worm","floor":5,"turns":4},{"damage":6,"enemies":"Exordium Wildlife","floor":8,"turns":3},{"damage":19,"enemies":"3 Sentries","floor":10,"turns":6},{"damage":0,"enemies":"Red Slaver","floor":13,"turns":4},{"damage":0,"enemies":"2 Fungi Beasts","floor":14,"turns":4},{"damage":13,"enemies":"Hexaghost","floor":16,"turns":9}],"seed_played":"4065193978142307694","potions_obtained":[{"floor":1,"key":"AttackPotion"},{"floor":4,"key":"PowerPotion"},{"floor":13,"key":"PowerPotion"}],"is_trial":false,"path_per_floor":["M","?","?","M","M","R","T","M","T","E","$","?","M","M","R","B"],"character_chosen":"DEFECT","items_purchased":["Chill"],"campfire_rested":0,"item_purchase_floors":[11],"current_hp_per_floor":[57,52,41,31,27,27,27,21,31,12,12,12,12,12,12,0],"gold":126,"neow_bonus":"REMOVE_TWO","is_prod":false,"is_daily":false,"chose_seed":false,"campfire_upgraded":2,"win_rate":0,"timestamp":1559020792,"path_taken":["M","?","?","M","M","R","?","?","T","E","?","?","M","M","R","BOSS"],"build_version":"2019-01-23","purchased_purges":1,"victory":false,"max_hp_per_floor":[71,71,71,71,71,71,71,71,81,81,81,81,81,81,81,81],"card_choices":[{"not_picked":["Double Energy","Self Repair"],"picked":"Fusion","floor":1},{"not_picked":["Stack","Leap","Redo"],"picked":"SKIP","floor":4},{"not_picked":["Capacitor","Lockon","Reprogram"],"picked":"SKIP","floor":5},{"not_picked":["Capacitor","Lockon","Reprogram"],"picked":"SKIP","floor":5},{"not_picked":["Tempest","Barrage"],"picked":"Steam","floor":8},{"not_picked":["Sunder","Lockon"],"picked":"All For One","floor":10},{"not_picked":["Redo","Aggregate"],"picked":"Conserve Battery","floor":13},{"not_picked":["Barrage","Rebound"],"picked":"Hologram","floor":14}],"player_experience":780113,"relics_obtained":[{"floor":7,"key":"Regal Pillow"},{"floor":7,"key":"Darkstone Periapt"},{"floor":9,"key":"Pear"},{"floor":9,"key":"Peace Pipe"},{"floor":10,"key":"Calipers"}],"event_choices":[{"damage_healed":0,"gold_gain":0,"player_choice":"Success","damage_taken":5,"relics_obtained":["Matryoshka"],"max_hp_gain":0,"max_hp_loss":0,"event_name":"Scrap Ooze","floor":2,"gold_loss":0},{"damage_healed":0,"gold_gain":75,"player_choice":"Gather Gold","damage_taken":11,"max_hp_gain":0,"max_hp_loss":0,"event_name":"World of Goop","floor":3,"gold_loss":0},{"damage_healed":0,"gold_gain":0,"player_choice":"Searched \u00270\u0027 times","damage_taken":0,"max_hp_gain":0,"max_hp_loss":0,"event_name":"Dead Adventurer","floor":12,"gold_loss":0}],"is_beta":false,"boss_relics":[],"items_purged_floors":[11],"is_endless":false,"potions_floor_spawned":[1,4,13],"killed_by":"Hexaghost","ascension_level":18}