{"gold_per_floor":[113,38,38,38,57,85,85,116,116,130,130,146,174,186,186,263,263,283,296,316,241,191,222,222,251,251,284,284,299,328,194,194,273,273,290,307,327,327,346,374,374,404,404,417,451,463,109,137,137,137,137,137,137,4,34,34],"floor_reached":57,"playtime":1805,"items_purged":["Strike_B","Strike_B","Strike_B","Consume","Defend_B"],"score":3911,"play_id":"ec2c033f-5d18-4591-b4c8-64f50dadc170","local_time":"20190529110158","is_ascension_mode":true,"campfire_choices":[{"data":"Hologram","floor":7,"key":"SMITH"},{"data":"Defragment","floor":11,"key":"SMITH"},{"data":"Defragment","floor":15,"key":"SMITH"},{"data":"Coolheaded","floor":24,"key":"SMITH"},{"data":"Capacitor","floor":32,"key":"SMITH"},{"floor":46,"key":"RECALL"},{"data":"Loop","floor":49,"key":"SMITH"},{"data":"Electrodynamics","floor":53,"key":"SMITH"}],"neow_cost":"PERCENT_DAMAGE","seed_source_timestamp":48401436859455,"circlet_count":0,"master_deck":["AscendersBane","Defend_B","Defend_B","Defend_B","Zap","Dualcast","Multi-Cast","Hologram+1","Core Surge","Defragment+1","Reinforced Body","Defragment+1","Tempest","Echo Form","Coolheaded+1","Recycle","Seek+1","Capacitor+1","Multi-Cast+1","Coolheaded+1","Loop+1","Coolheaded+1","Electrodynamics+1","Tempest+1","Undo+1","Capacitor"],"relics":["Cracked Core","Incense Burner","Anchor","Sundial","Calling Bell","Smiling Mask","Gremlin Horn","Nunchaku","Art of War","PreservedInsect","Question Card","Toxic Egg 2","Kunai","Snecko Eye","Bag of Preparation","Regal Pillow","Pocketwatch","MawBank","Mango","Ginger","Pear"],"potions_floor_usage":[56,56],"damage_taken":[{"damage":0,"enemies":"Cultist","floor":1,"turns":2},{"damage":0,"enemies":"Small Slimes","floor":5,"turns":1},{"damage":0,"enemies":"Lagavulin","floor":6,"turns":1},{"damage":0,"enemies":"3 Sentries","floor":8,"turns":1},{"damage":0,"enemies":"2 Louse","floor":10,"turns":1},{"damage":0,"enemies":"Large Slime","floor":12,"turns":2},{"damage":0,"enemies":"Gremlin Nob","floor":13,"turns":2},{"damage":0,"enemies":"Blue Slaver","floor":14,"turns":2},{"damage":0,"enemies":"The Guardian","floor":16,"turns":2},{"damage":0,"enemies":"Spheric Guardian","floor":18,"turns":1},{"damage":12,"enemies":"2 Thieves","floor":19,"turns":4},{"damage":0,"enemies":"Centurion and Healer","floor":20,"turns":1},{"damage":0,"enemies":"Gremlin Leader","floor":23,"turns":2},{"damage":0,"enemies":"Slavers","floor":25,"turns":1},{"damage":0,"enemies":"Gremlin Leader","floor":27,"turns":1},{"damage":0,"enemies":"Snecko","floor":29,"turns":1},{"damage":0,"enemies":"Slavers","floor":30,"turns":1},{"damage":0,"enemies":"Automaton","floor":33,"turns":3},{"damage":0,"enemies":"Orb Walker","floor":35,"turns":1},{"damage":0,"enemies":"3 Darklings","floor":36,"turns":1},{"damage":0,"enemies":"4 Shapes","floor":37,"turns":1},{"damage":0,"enemies":"Transient","floor":39,"turns":1},{"damage":0,"enemies":"Reptomancer","floor":40,"turns":1},{"damage":0,"enemies":"Giant Head","floor":42,"turns":1},{"damage":0,"enemies":"3 Darklings","floor":44,"turns":1},{"damage":0,"enemies":"Reptomancer","floor":45,"turns":1},{"damage":0,"enemies":"Giant Head","floor":48,"turns":1},{"damage":0,"enemies":"Awakened One","floor":50,"turns":2},{"damage":0,"enemies":"Donu and Deca","floor":51,"turns":1},{"damage":0,"enemies":"Shield and Spear","floor":55,"turns":1},{"damage":0,"enemies":"The Heart","floor":56,"turns":7}],"seed_played":"-6839032892605087631","potions_obtained":[{"floor":8,"key":"Poison Potion"},{"floor":12,"key":"SteroidPotion"},{"floor":18,"key":"PowerPotion"},{"floor":23,"key":"Dexterity Potion"},{"floor":37,"key":"PowerPotion"}],"is_trial":false,"path_per_floor":["M","$","?","?","M","E","R","E","T","M","R","M","E","M","R","B",null,"M","M","M","?","$","E","R","E","T","E","?","M","E","$","R","B",null,"M","M","M","?","M","E","?","E","T","M","E","R","$","E","R","B","B",null,"R","$","E","B",null],"character_chosen":"DEFECT","items_purchased":["Capacitor","Mango","Capacitor"],"campfire_rested":0,"item_purchase_floors":[31,47,54],"current_hp_per_floor":[46,46,69,69,69,69,69,69,69,69,69,69,69,69,69,69,71,71,59,59,59,59,59,59,59,59,59,39,39,39,39,39,39,67,67,67,67,67,67,67,67,67,67,67,67,67,81,81,81,81,81,88,88,88,98,98],"gold":34,"neow_bonus":"THREE_RARE_CARDS","is_prod":false,"is_daily":false,"chose_seed":false,"campfire_upgraded":7,"win_rate":0,"timestamp":1559095318,"path_taken":["M","?","?","?","M","E","R","E","T","M","R","M","E","M","R","BOSS","M","M","M","?","$","E","R","E","T","E","?","M","E","$","R","BOSS","M","M","M","?","M","E","?","E","T","M","E","R","$","E","R","BOSS","BOSS","R","$","E","BOSS"],"build_version":"2019-01-23","purchased_purges":5,"victory":true,"max_hp_per_floor":[71,71,71,71,71,71,71,71,71,71,71,71,71,71,71,71,71,71,71,71,71,71,71,71,71,71,71,76,76,76,76,76,76,76,76,76,76,76,76,76,76,76,76,76,76,76,90,90,90,90,90,90,90,90,100,100],"card_choices":[{"not_picked":["Thunder Strike","Reboot"],"picked":"Multi-Cast","floor":0},{"not_picked":["Leap","Storm"],"picked":"Consume","floor":1},{"not_picked":["Beam Cell","Turbo"],"picked":"Hologram","floor":5},{"not_picked":["White Noise","Coolheaded"],"picked":"Core Surge","floor":6},{"not_picked":["Barrage","Turbo","Redo"],"picked":"SKIP","floor":8},{"not_picked":["Darkness","Streamline"],"picked":"Defragment","floor":10},{"not_picked":["Steam","Barrage"],"picked":"Reinforced Body","floor":12},{"not_picked":["BootSequence","Go for the Eyes"],"picked":"Defragment","floor":13},{"not_picked":["Steam","Blizzard"],"picked":"Tempest","floor":14},{"not_picked":["Buffer","Fission"],"picked":"Echo Form","floor":16},{"not_picked":["Stack","Steam","Hologram"],"picked":"SKIP","floor":18},{"not_picked":["BootSequence","Rebound"],"picked":"Coolheaded","floor":19},{"not_picked":["Auto Shields","Hologram"],"picked":"Recycle","floor":20},{"not_picked":["Gash","Redo","Rebound"],"picked":"SKIP","floor":23},{"not_picked":["Hello World","Reinforced Body","White Noise"],"picked":"SKIP","floor":25},{"not_picked":["Force Field","Barrage+1","Hello World"],"picked":"Blizzard+1","floor":27},{"not_picked":["Darkness+1","Compile Driver+1","Rip and Tear","Steam Power+1"],"picked":"SKIP","floor":29},{"not_picked":["Turbo+1","FTL","Go for the Eyes"],"picked":"Seek+1","floor":30},{"not_picked":["Electrodynamics","Seek+1","Rainbow+1"],"picked":"Multi-Cast+1","floor":33},{"not_picked":["Go for the Eyes+1","Force Field+1","Steam+1"],"picked":"Coolheaded+1","floor":35},{"not_picked":["Cold Snap","Hologram+1","Leap+1","Beam Cell+1"],"picked":"SKIP","floor":36},{"not_picked":["Stack+1","Streamline","Force Field+1"],"picked":"Loop","floor":37},{"not_picked":["Rebound+1","Chaos+1","Consume+1"],"picked":"Coolheaded+1","floor":39},{"not_picked":["Leap+1","Coolheaded+1","Stack+1"],"picked":"Electrodynamics","floor":40},{"not_picked":["Fusion+1","Amplify+1","Streamline","Double Energy+1"],"picked":"SKIP","floor":42},{"not_picked":["Conserve Battery+1","Stack+1","Hello World","Turbo+1"],"picked":"SKIP","floor":44},{"not_picked":["Gash+1","Recycle+1","Auto Shields+1"],"picked":"Tempest+1","floor":45},{"not_picked":["Self Repair","Steam+1","Steam Power+1"],"picked":"Undo+1","floor":48},{"not_picked":["Lockon","Recycle+1","Compile Driver","Turbo+1"],"picked":"SKIP","floor":55}],"player_experience":592552,"relics_obtained":[{"floor":6,"key":"Incense Burner"},{"floor":8,"key":"Anchor"},{"floor":13,"key":"Sundial"},{"floor":17,"key":"Smiling Mask"},{"floor":17,"key":"Gremlin Horn"},{"floor":17,"key":"Nunchaku"},{"floor":23,"key":"Art of War"},{"floor":25,"key":"PreservedInsect"},{"floor":26,"key":"Question Card"},{"floor":27,"key":"Toxic Egg 2"},{"floor":30,"key":"Kunai"},{"floor":40,"key":"Bag of Preparation"},{"floor":42,"key":"Regal Pillow"},{"floor":43,"key":"Pocketwatch"},{"floor":45,"key":"MawBank"},{"floor":48,"key":"Ginger"},{"floor":55,"key":"Pear"}],"event_choices":[{"damage_healed":23,"gold_gain":0,"player_choice":"Banana","damage_taken":0,"max_hp_gain":0,"max_hp_loss":0,"event_name":"Big Fish","floor":3,"gold_loss":0},{"damage_healed":0,"gold_gain":0,"player_choice":"Leave","damage_taken":0,"max_hp_gain":0,"max_hp_loss":0,"event_name":"The Cleric","floor":4,"gold_loss":0},{"cards_removed":["Strike_B"],"damage_healed":0,"gold_gain":0,"player_choice":"Gave Gold","damage_taken":0,"max_hp_gain":0,"max_hp_loss":0,"event_name":"Beggar","floor":21,"gold_loss":75},{"damage_healed":0,"gold_gain":0,"player_choice":"Shed Blood","damage_taken":25,"max_hp_gain":5,"max_hp_loss":0,"event_name":"Forgotten Altar","floor":28,"gold_loss":0},{"cards_removed":["Blizzard"],"damage_healed":0,"gold_gain":0,"player_choice":"Removed Attack","damage_taken":0,"max_hp_gain":0,"max_hp_loss":0,"event_name":"Falling","floor":38,"gold_loss":0},{"damage_healed":0,"gold_gain":0,"player_choice":"Got Potions","damage_taken":0,"max_hp_gain":0,"max_hp_loss":0,"event_name":"Lab","floor":41,"gold_loss":0}],"is_beta":false,"boss_relics":[{"not_picked":["Coffee Dripper","Fusion Hammer"],"picked":"Calling Bell"},{"not_picked":["Busted Crown","Eternal Feather"],"picked":"Snecko Eye"}],"items_purged_floors":[2,22,31,47,54],"is_endless":false,"potions_floor_spawned":[8,12,13,14,16,18,23,25,37,40,45,48,55],"ascension_level":20}