{"gold_per_floor":[112,125,200,210,220,255,180,180,180,180,180,192,209,225,225,323,323,338,253,253,153,78,78,97,97,176,176,205,113,125,140,140,240,240,250,250,250,250,250,250,267,300,379,389,401,401,206,222,222,222],"floor_reached":51,"playtime":2516,"items_purged":["Strike_B","Defend_B","Strike_B"],"score":747,"play_id":"8c143c5a-cdfc-4c5e-9555-8e7c53a0d99c","local_time":"20180715163926","is_ascension_mode":false,"campfire_choices":[{"data":"Zap","floor":8.0,"key":"SMITH"},{"data":"Barrage","floor":10.0,"key":"SMITH"},{"data":"Dualcast","floor":15.0,"key":"SMITH"},{"data":"Glacier","floor":23.0,"key":"SMITH"},{"data":"Defragment","floor":32.0,"key":"SMITH"},{"data":"Magnetism","floor":40,"key":"SMITH"},{"data":"Madness","floor":46,"key":"SMITH"},{"floor":49,"key":"REST"}],"neow_cost":"NONE","seed_source_timestamp":243033648054012,"circlet_count":0,"master_deck":["Defend_B","Zap+1","Dualcast+1","Conserve Battery","Glacier+1","Glacier","Barrage+1","Electrodynamics","Gash","Coolheaded","Conserve Battery","Amplify","Redo+1","Self Repair","Defragment+1","Gash+1","Madness+1","Go for the Eyes","Capacitor","Panache","Finesse","Magnetism+1","Gash","Sweeping Beam+1","Redo+1","Chill+1","Gash","Beam Cell","Beam Cell+1"],"special_seed":0,"relics":["Cracked Core","Blood Vial","Centennial Puzzle","Eternal Feather","Matryoshka","Ancient Tea Set","Shuriken","Nilry\u0027s Codex","Thread and Needle","Inserter","Anchor","Ginger","Tiny Chest","Juzu Bracelet"],"potions_floor_usage":[50,50],"damage_taken":[{"damage":0.0,"enemies":"2 Louse","floor":1.0,"turns":2.0},{"damage":0.0,"enemies":"Small Slimes","floor":2.0,"turns":3.0},{"damage":0.0,"enemies":"Cultist","floor":4.0,"turns":3.0},{"damage":17.0,"enemies":"Lots of Slimes","floor":5.0,"turns":6.0},{"damage":8.0,"enemies":"Lagavulin","floor":6.0,"turns":9.0},{"damage":0.0,"enemies":"2 Fungi Beasts","floor":12.0,"turns":4.0},{"damage":0.0,"enemies":"Looter","floor":13.0,"turns":2.0},{"damage":11.0,"enemies":"Lots of Slimes","floor":14.0,"turns":4.0},{"damage":24.0,"enemies":"Hexaghost","floor":16.0,"turns":13.0},{"damage":3.0,"enemies":"Chosen","floor":18.0,"turns":5.0},{"damage":10.0,"enemies":"3 Byrds","floor":24.0,"turns":2.0},{"damage":42.0,"enemies":"Slavers","floor":28.0,"turns":7.0},{"damage":6.0,"enemies":"Sentry and Sphere","floor":30.0,"turns":4.0},{"damage":1.0,"enemies":"Snecko","floor":31.0,"turns":10.0},{"damage":10.0,"enemies":"Automaton","floor":33.0,"turns":12.0},{"damage":8.0,"enemies":"Orb Walker","floor":35.0,"turns":4.0},{"damage":0,"enemies":"3 Shapes","floor":41,"turns":2},{"damage":31,"enemies":"2 Orb Walkers","floor":42,"turns":5},{"damage":38,"enemies":"3 Darklings","floor":44,"turns":4},{"damage":0,"enemies":"Spire Growth","floor":45,"turns":6},{"damage":0,"enemies":"4 Shapes","floor":48,"turns":7},{"damage":35,"enemies":"Time Eater","floor":50,"turns":14}],"seed_played":"-226982668823940200","potions_obtained":[{"floor":4.0,"key":"Regen Potion"},{"floor":5.0,"key":"Ancient Potion"},{"floor":12.0,"key":"Regen Potion"},{"floor":16.0,"key":"SkillPotion"},{"floor":28.0,"key":"Swift Potion"},{"floor":30.0,"key":"Strength Potion"},{"floor":42,"key":"SpeedPotion"},{"floor":44,"key":"Dexterity Potion"}],"is_trial":false,"path_per_floor":["M","M","?","M","M","E","$","R","T","R","?","M","M","M","R","B",null,"M","?","?","$","?","R","M","?","T","?","E","$","M","M","R","B",null,"M","?","?","?","?","R","M","E","T","M","M","R","$","M","R","B"],"character_chosen":"DEFECT","items_purchased":["Madness","Gash","Beam Cell"],"campfire_rested":1,"item_purchase_floors":[29,47,47],"current_hp_per_floor":[75,75,64,64,47,54,54,54,54,54,54,56,58,49,49,27,75,72,72,72,72,72,75,65,65,65,49,38,38,41,49,57,56,75,75,65,65,65,65,73,75,51,51,22,34,44,44,46,75,40],"gold":222,"neow_bonus":"REMOVE_CARD","is_prod":false,"is_daily":false,"chose_seed":false,"campfire_upgraded":7,"win_rate":0,"timestamp":1531640366,"path_taken":["M","M","?","M","?","E","$","R","T","R","?","?","M","M","R","BOSS","M","?","?","$","?","R","?","?","T","?","E","$","M","M","R","BOSS","M","?","?","?","?","R","?","E","T","M","M","R","$","M","R","BOSS"],"build_version":"2018-07-12","purchased_purges":3,"victory":true,"max_hp_per_floor":[75,75,75,75,75,75,75,75,75,75,75,75,75,75,75,75,75,75,75,75,75,75,75,75,75,75,75,75,75,75,75,75,75,75,75,75,75,75,75,75,75,75,75,75,75,75,75,75,75,75],"card_choices":[{"not_picked":["Rebound","Coolheaded"],"picked":"Conserve Battery","floor":1.0},{"not_picked":["Conserve Battery","Sweeping Beam"],"picked":"Glacier","floor":2.0},{"not_picked":["Ball Lightning","Recycle"],"picked":"Glacier","floor":4.0},{"not_picked":["Conserve Battery","Double Energy"],"picked":"Gash","floor":5.0},{"not_picked":["Echo Form","Aggregate"],"picked":"Barrage","floor":6.0},{"not_picked":["Steam","Barrage"],"picked":"Gash","floor":12.0},{"not_picked":["Barrage","Force Field"],"picked":"Coolheaded","floor":13.0},{"not_picked":["Turbo","Storm"],"picked":"Conserve Battery","floor":14.0},{"not_picked":["Reboot","Creative AI"],"picked":"Amplify","floor":16.0},{"not_picked":["Hologram","Darkness+1"],"picked":"Redo+1","floor":18.0},{"not_picked":["Hologram","Beam Cell"],"picked":"Self Repair","floor":24.0},{"not_picked":["Steam Power","Scrape+1"],"picked":"Gash+1","floor":28.0},{"not_picked":["Turbo","Compile Driver"],"picked":"Go for the Eyes","floor":30.0},{"not_picked":["Force Field","Beam Cell"],"picked":"Capacitor","floor":31.0},{"not_picked":["Ball Lightning","Leap","Stack"],"picked":"SKIP","floor":35.0},{"not_picked":["Dramatic Entrance","Mind Blast"],"picked":"Panache","floor":36.0},{"not_picked":["Dramatic Entrance","Trip"],"picked":"Finesse","floor":36.0},{"not_picked":["Secret Technique","Dark Shackles"],"picked":"Magnetism","floor":36.0},{"not_picked":["Doom and Gloom+1","Leap+1"],"picked":"Gash","floor":41},{"not_picked":["Stack","Rebound"],"picked":"Sweeping Beam+1","floor":42},{"not_picked":["Go for the Eyes","Sweeping Beam"],"picked":"Redo+1","floor":44},{"not_picked":["Fission","Sweeping Beam"],"picked":"Chill+1","floor":45},{"not_picked":["FTL","Double Energy"],"picked":"Beam Cell+1","floor":48}],"player_experience":169932,"relics_obtained":[{"floor":6.0,"key":"Blood Vial"},{"floor":9.0,"key":"Centennial Puzzle"},{"floor":26.0,"key":"Ancient Tea Set"},{"floor":26.0,"key":"Shuriken"},{"floor":27.0,"key":"Nilry\u0027s Codex"},{"floor":28.0,"key":"Thread and Needle"},{"floor":42,"key":"Ginger"},{"floor":43,"key":"Tiny Chest"},{"floor":43,"key":"Juzu Bracelet"}],"event_choices":[{"event_name":"World of Goop","player_choice":"Gather Gold","floor":3.0,"damage_taken":0.0},{"event_name":"Living Wall","player_choice":"Change","floor":11.0,"damage_taken":0.0},{"event_name":"Addict","player_choice":"Obtained Relic","floor":19.0,"damage_taken":0.0},{"event_name":"Ghosts","player_choice":"Ignored","floor":20.0,"damage_taken":0.0},{"event_name":"Beggar","player_choice":"Gave Gold","floor":22.0,"damage_taken":0.0},{"event_name":"The Library","player_choice":"Read","floor":25.0,"damage_taken":0.0},{"event_name":"Cursed Tome","player_choice":"Obtained Book","floor":27.0,"damage_taken":0.0},{"event_name":"SensoryStone","player_choice":"Memory 3","floor":36.0,"damage_taken":0.0},{"event_name":"Purifier","player_choice":"One Purge","floor":37.0,"damage_taken":0.0},{"event_name":"Falling","player_choice":"Removed Attack","floor":38.0,"damage_taken":0.0},{"event_name":"Accursed Blacksmith","player_choice":"Rummage","floor":39,"damage_taken":0}],"boss_relics":[{"not_picked":["Runic Pyramid","White Beast Statue"],"picked":"Eternal Feather"},{"not_picked":["Coffee Dripper","Lizard Tail"],"picked":"Inserter"}],"items_purged_floors":[7,21,47],"is_endless":false,"potions_floor_spawned":[4,5,12,16,18,24,28,30,42,44,48],"ascension_level":0}