{"gold_per_floor":[19,19,19,35,60,60,60,94,94,94,112,146,146,184,184,275,275,289,273,273,110,129,164,0,0,25,38,57,57,72,105,105,105],"floor_reached":33,"playtime":2602,"items_purged":["Strike_R"],"score":549,"play_id":"6271f000-75e1-49cf-aa41-43d8ded292dc","local_time":"20190518153900","is_ascension_mode":true,"campfire_choices":[{"data":"Inflame","floor":6,"key":"SMITH"},{"data":"Bash","floor":7,"key":"SMITH"},{"data":"Spot Weakness","floor":10,"key":"SMITH"},{"data":"Bloodletting","floor":13,"key":"SMITH"},{"data":"True Grit","floor":15,"key":"SMITH"},{"floor":25,"key":"REST"},{"floor":29,"key":"REST"},{"data":"Battle Trance","floor":32,"key":"SMITH"}],"neow_cost":"NO_GOLD","seed_source_timestamp":283149529370165,"circlet_count":0,"master_deck":["AscendersBane","Strike_R","Strike_R+1","Strike_R","Defend_R","Defend_R","Defend_R","Defend_R","Bash+1","Inflame+1","Bloodletting+1","Spot Weakness+1","Headbutt+1","Dropkick+1","Reaper+1","Sword Boomerang+1","True Grit+1","Impervious","Writhe","Flame Barrier","Shrug It Off","Battle Trance+1","Shrug It Off"],"relics":["Burning Blood","WingedGreaves","Golden Idol","Molten Egg 2","Bag of Preparation","Juzu Bracelet","Busted Crown","Bronze Scales","Strawberry","Lantern","Whetstone"],"potions_floor_usage":[11,14,16,23,27,31,33],"damage_taken":[{"damage":1,"enemies":"Small Slimes","floor":1,"turns":6},{"damage":7,"enemies":"Jaw Worm","floor":4,"turns":4},{"damage":6,"enemies":"Cultist","floor":5,"turns":3},{"damage":38,"enemies":"Lagavulin","floor":8,"turns":6},{"damage":16,"enemies":"2 Fungi Beasts","floor":11,"turns":3},{"damage":40,"enemies":"3 Sentries","floor":12,"turns":6},{"damage":13,"enemies":"Lagavulin","floor":14,"turns":3},{"damage":25,"enemies":"The Guardian","floor":16,"turns":6},{"damage":25,"enemies":"Shell Parasite","floor":18,"turns":6},{"damage":35,"enemies":"2 Thieves","floor":19,"turns":4},{"damage":22,"enemies":"Snecko","floor":22,"turns":6},{"damage":31,"enemies":"Gremlin Leader","floor":23,"turns":5},{"damage":38,"enemies":"Cultist and Chosen","floor":27,"turns":5},{"damage":13,"enemies":"Sentry and Sphere","floor":28,"turns":4},{"damage":8,"enemies":"Chosen and Byrds","floor":30,"turns":6},{"damage":31,"enemies":"Book of Stabbing","floor":31,"turns":6},{"damage":65,"enemies":"Champ","floor":33,"turns":9}],"seed_played":"4245243531129475814","potions_obtained":[{"floor":5,"key":"BloodPotion"},{"floor":8,"key":"Dexterity Potion"},{"floor":11,"key":"Dexterity Potion"},{"floor":12,"key":"Fire Potion"},{"floor":14,"key":"Energy Potion"},{"floor":19,"key":"PowerPotion"},{"floor":23,"key":"Poison Potion"},{"floor":31,"key":"FearPotion"}],"is_trial":false,"path_per_floor":["M","?","?","M","M","R","R","E","T","R","M","E","R","E","R","B",null,"M","M","?","$","M","E","?","R","T","M","M","R","M","E","R","B"],"character_chosen":"IRONCLAD","items_purchased":["Flame Barrier"],"campfire_rested":2,"item_purchase_floors":[21],"current_hp_per_floor":[73,68,68,67,67,67,67,35,35,35,31,42,42,35,35,40,61,56,45,45,45,36,18,18,40,40,26,27,49,47,42,42,0],"gold":105,"neow_bonus":"ONE_RARE_RELIC","is_prod":false,"is_daily":false,"chose_seed":false,"campfire_upgraded":6,"win_rate":0,"timestamp":1558208340,"path_taken":["M","?","?","M","M","R","R","E","T","R","M","E","R","E","R","BOSS","M","M","?","$","M","E","?","R","T","M","M","R","M","E","R","BOSS"],"build_version":"2019-01-23","purchased_purges":1,"victory":false,"max_hp_per_floor":[75,68,68,68,68,68,68,68,68,68,68,68,68,68,68,68,68,68,68,68,68,68,75,75,75,75,75,75,75,75,75,75,75],"card_choices":[{"not_picked":["Havoc","Wild Strike"],"picked":"Inflame","floor":1},{"not_picked":["Bloodletting","Seeing Red"],"picked":"Spot Weakness","floor":4},{"not_picked":["Inflame","True Grit"],"picked":"Headbutt","floor":5},{"not_picked":["Evolve","Reckless Charge"],"picked":"Dropkick","floor":8},{"not_picked":["Cleave+1","Shrug It Off"],"picked":"Reaper+1","floor":11},{"not_picked":["Metallicize","Havoc"],"picked":"Sword Boomerang+1","floor":12},{"not_picked":["Headbutt+1","Clothesline+1"],"picked":"True Grit","floor":14},{"not_picked":["Demon Form","Limit Break"],"picked":"Impervious","floor":16},{"not_picked":["Blood for Blood+1"],"picked":"SKIP","floor":18},{"not_picked":["True Grit+1"],"picked":"SKIP","floor":19},{"not_picked":[],"picked":"Shrug It Off","floor":22},{"not_picked":["Flame Barrier"],"picked":"SKIP","floor":23},{"not_picked":[],"picked":"Battle Trance","floor":27},{"not_picked":[],"picked":"Shrug It Off","floor":28},{"not_picked":["Wild Strike+1"],"picked":"SKIP","floor":30},{"not_picked":["Dropkick+1"],"picked":"SKIP","floor":31}],"player_experience":2167664,"relics_obtained":[{"floor":8,"key":"Molten Egg 2"},{"floor":12,"key":"Bag of Preparation"},{"floor":14,"key":"Juzu Bracelet"},{"floor":23,"key":"Strawberry"},{"floor":26,"key":"Lantern"},{"floor":31,"key":"Whetstone"}],"event_choices":[{"damage_healed":0,"gold_gain":0,"player_choice":"Lose Max HP","damage_taken":0,"relics_obtained":["Golden Idol"],"max_hp_gain":0,"max_hp_loss":7,"event_name":"Golden Idol","floor":2,"gold_loss":0},{"damage_healed":0,"gold_gain":0,"cards_transformed":["Strike_R"],"player_choice":"Transformed","damage_taken":0,"max_hp_gain":0,"max_hp_loss":0,"event_name":"Transmorgrifier","floor":3,"gold_loss":0,"cards_obtained":["Bloodletting"]},{"damage_healed":0,"gold_gain":0,"player_choice":"Opened","damage_taken":0,"relics_obtained":["Bronze Scales"],"max_hp_gain":0,"max_hp_loss":0,"event_name":"The Mausoleum","floor":20,"gold_loss":0,"cards_obtained":["Writhe"]},{"damage_healed":0,"gold_gain":0,"player_choice":"Paid Fearfully","damage_taken":0,"max_hp_gain":0,"max_hp_loss":0,"event_name":"Masked Bandits","floor":24,"gold_loss":164}],"is_beta":false,"boss_relics":[{"not_picked":["Black Star","White Beast Statue"],"picked":"Busted Crown"}],"items_purged_floors":[21],"is_endless":false,"potions_floor_spawned":[5,8,11,12,14,19,23,31],"killed_by":"Champ","ascension_level":16}