{"gold_per_floor":[12,12,27,27,40,59,93,108,158,15,15,90,105,120,120,120],"floor_reached":16,"playtime":529,"items_purged":[],"score":104,"play_id":"3cc63916-3d4f-4e99-9cfe-b940174a6963","local_time":"20190401225453","is_ascension_mode":false,"campfire_choices":[{"data":"Uppercut","floor":11,"key":"SMITH"},{"data":"Evolve","floor":15,"key":"SMITH"}],"neow_cost":"NO_GOLD","seed_source_timestamp":956479684272482,"circlet_count":0,"master_deck":["Strike_R","Strike_R","Strike_R","Strike_R","Strike_R","Defend_R","Defend_R","Defend_R","Defend_R","Bash","Uppercut+1","Warcry","Evolve+1","Warcry","Offering","Inflame"],"relics":["Burning Blood","Incense Burner","Charon\u0027s Ashes","Lantern"],"potions_floor_usage":[2,2,7,16,16,16],"damage_taken":[{"damage":6,"enemies":"Jaw Worm","floor":1,"turns":5},{"damage":6,"enemies":"Cultist","floor":3,"turns":3},{"damage":3,"enemies":"Small Slimes","floor":5,"turns":4},{"damage":20,"enemies":"Exordium Wildlife","floor":6,"turns":7},{"damage":44,"enemies":"3 Sentries","floor":7,"turns":10},{"damage":9,"enemies":"2 Fungi Beasts","floor":8,"turns":4},{"damage":1,"enemies":"Gremlin Gang","floor":13,"turns":5},{"damage":8,"enemies":"Blue Slaver","floor":14,"turns":2},{"damage":39,"enemies":"Slime Boss","floor":16,"turns":6}],"seed_played":"-2136284010899000343","potions_obtained":[{"floor":2,"key":"Strength Potion"},{"floor":2,"key":"Fruit Juice"},{"floor":2,"key":"Fruit Juice"},{"floor":3,"key":"EssenceOfSteel"},{"floor":5,"key":"BloodPotion"},{"floor":8,"key":"SteroidPotion"},{"floor":14,"key":"PowerPotion"}],"is_trial":false,"path_per_floor":["M","?","M","$","M","M","E","M","T","$","R","?","M","M","R","B"],"character_chosen":"IRONCLAD","items_purchased":["Offering"],"campfire_rested":0,"item_purchase_floors":[10],"current_hp_per_floor":[80,90,90,90,90,76,47,44,44,44,44,33,38,36,36,0],"gold":120,"neow_bonus":"ONE_RARE_RELIC","is_prod":false,"is_daily":false,"chose_seed":false,"campfire_upgraded":2,"win_rate":0,"timestamp":1554126893,"path_taken":["M","?","?","?","M","M","E","M","T","$","R","?","M","M","R","BOSS"],"build_version":"2019-01-23","purchased_purges":0,"victory":false,"max_hp_per_floor":[80,90,90,90,90,90,90,90,90,90,90,90,90,90,90,90],"card_choices":[{"not_picked":["Anger","Thunderclap"],"picked":"Uppercut","floor":1},{"not_picked":["Ghostly Armor","Havoc"],"picked":"Warcry","floor":3},{"not_picked":["Perfected Strike","Sentinel","Havoc"],"picked":"SKIP","floor":5},{"not_picked":["Clash","Wild Strike"],"picked":"Evolve","floor":6},{"not_picked":["Cleave","Burning Pact","Clothesline"],"picked":"SKIP","floor":7},{"not_picked":["Entrench","Iron Wave"],"picked":"Warcry","floor":8},{"not_picked":["Sword Boomerang","Warcry"],"picked":"Inflame","floor":13},{"not_picked":["Sword Boomerang","Anger","Dual Wield"],"picked":"SKIP","floor":14}],"player_experience":377052,"relics_obtained":[{"floor":7,"key":"Charon\u0027s Ashes"},{"floor":9,"key":"Lantern"}],"event_choices":[{"damage_healed":0,"gold_gain":0,"player_choice":"Got Potions","damage_taken":0,"max_hp_gain":0,"max_hp_loss":0,"event_name":"Lab","floor":2,"gold_loss":0},{"damage_healed":0,"gold_gain":75,"player_choice":"Gather Gold","damage_taken":11,"max_hp_gain":0,"max_hp_loss":0,"event_name":"World of Goop","floor":12,"gold_loss":0}],"is_beta":false,"boss_relics":[],"items_purged_floors":[],"is_endless":false,"potions_floor_spawned":[3,5,8,14],"killed_by":"Slime Boss","ascension_level":0}