{"gold_per_floor":[19,19,31,31,46,46,78,89,89,89,102,122,122,133,133,231,231,249,174,148,165,182,182,82,82,82,101,120,145,145,145,145,250,250,264,264,664,677,690,332,332],"floor_reached":41,"playtime":1644,"items_purged":["Defend_R","Strike_R","Strike_R"],"score":492,"play_id":"087da37f-e537-475a-96e3-ce809a6e2e12","local_time":"20181118200621","is_ascension_mode":false,"campfire_choices":[{"data":"Barricade","floor":6,"key":"SMITH"},{"data":"Armaments","floor":13,"key":"SMITH"},{"floor":15,"key":"REST"},{"floor":23,"key":"REST"},{"floor":32,"key":"REST"}],"neow_cost":"NO_GOLD","seed_source_timestamp":42925295300439,"circlet_count":0,"master_deck":["Strike_R","Defend_R","Defend_R","Bash","Barricade+1","Fire Breathing","Armaments+1","Shrug It Off","Spot Weakness","Inflame","Entrench","Impervious","Battle Trance","Body Slam","Combust","Wild Strike","Metallicize","Juggernaut","Purity","Shrug It Off","Inflame"],"relics":["Burning Blood","Juzu Bracelet","Pear","Fusion Hammer","Letter Opener","Incense Burner","White Beast Statue","Old Coin","TheAbacus"],"potions_floor_usage":[12,16,22,28,29,29,39,41,41],"damage_taken":[{"damage":7,"enemies":"Small Slimes","floor":1,"turns":5},{"damage":10,"enemies":"2 Louse","floor":3,"turns":3},{"damage":1,"enemies":"Cultist","floor":5,"turns":4},{"damage":31,"enemies":"Lagavulin","floor":7,"turns":12},{"damage":13,"enemies":"Large Slime","floor":8,"turns":10},{"damage":15,"enemies":"2 Fungi Beasts","floor":11,"turns":5},{"damage":17,"enemies":"Looter","floor":12,"turns":4},{"damage":8,"enemies":"3 Louse","floor":14,"turns":4},{"damage":48,"enemies":"Hexaghost","floor":16,"turns":12},{"damage":7,"enemies":"Shell Parasite","floor":18,"turns":9},{"damage":0,"enemies":"2 Thieves","floor":20,"turns":5},{"damage":15,"enemies":"Snake Plant","floor":21,"turns":6},{"damage":5,"enemies":"Shelled Parasite and Fungi","floor":22,"turns":7},{"damage":0,"enemies":"Centurion and Healer","floor":27,"turns":5},{"damage":38,"enemies":"Cultist and Chosen","floor":28,"turns":8},{"damage":16,"enemies":"Book of Stabbing","floor":29,"turns":6},{"damage":36,"enemies":"Collector","floor":33,"turns":9},{"damage":2,"enemies":"Orb Walker","floor":35,"turns":5},{"damage":5,"enemies":"Mind Bloom Boss Battle","floor":37,"turns":8},{"damage":2,"enemies":"3 Shapes","floor":38,"turns":5},{"damage":7,"enemies":"Maw","floor":39,"turns":6},{"damage":116,"enemies":"2 Orb Walkers","floor":41,"turns":6}],"seed_played":"-4918746244546815541","potions_obtained":[{"floor":3,"key":"Strength Potion"},{"floor":5,"key":"SpeedPotion"},{"floor":8,"key":"Energy Potion"},{"floor":20,"key":"EntropicBrew"},{"floor":27,"key":"Regen Potion"},{"floor":33,"key":"AttackPotion"},{"floor":35,"key":"Fire Potion"},{"floor":37,"key":"Poison Potion"},{"floor":38,"key":"BloodPotion"},{"floor":39,"key":"SteroidPotion"}],"is_trial":false,"path_per_floor":["M","?","M","$","M","R","E","M","T","?","M","M","R","M","R","B",null,"M","$","M","M","M","R","$","?","T","M","M","E","?","?","R","B",null,"M","?","?","M","M","$","?"],"character_chosen":"IRONCLAD","items_purchased":["Inflame","TheAbacus"],"campfire_rested":3,"item_purchase_floors":[40,40],"current_hp_per_floor":[79,79,75,75,80,80,55,48,58,58,49,38,38,36,63,21,90,89,89,90,81,82,90,90,72,72,78,61,51,51,51,79,49,95,95,95,95,95,94,94,0],"gold":332,"neow_bonus":"THREE_RARE_CARDS","is_prod":false,"is_daily":false,"chose_seed":false,"campfire_upgraded":2,"win_rate":0,"timestamp":1542567981,"path_taken":["M","?","M","$","M","R","E","M","T","?","M","M","R","M","R","BOSS","M","$","M","M","M","R","$","?","T","M","M","E","?","?","R","BOSS","M","?","?","M","M","$","?"],"build_version":"2018-11-15","purchased_purges":3,"victory":false,"max_hp_per_floor":[80,80,80,80,80,80,80,80,90,90,90,90,90,90,90,90,90,90,90,90,90,90,90,90,95,95,95,95,95,95,95,95,95,95,95,95,95,95,95,95,95],"card_choices":[{"not_picked":["Impervious","Reaper"],"picked":"Barricade","floor":0},{"not_picked":["Body Slam","Thunderclap"],"picked":"Fire Breathing","floor":1},{"not_picked":["Evolve","Infernal Blade"],"picked":"Armaments","floor":3},{"not_picked":["Thunderclap","Armaments"],"picked":"Shrug It Off","floor":5},{"not_picked":["Clash","Anger","Hemokinesis"],"picked":"SKIP","floor":7},{"not_picked":["Reckless Charge","Feel No Pain","Cleave"],"picked":"SKIP","floor":8},{"not_picked":["Clash","Sword Boomerang"],"picked":"Spot Weakness","floor":11},{"not_picked":["Perfected Strike","Rupture"],"picked":"Inflame","floor":12},{"not_picked":["Pummel","Body Slam"],"picked":"Entrench","floor":14},{"not_picked":["Feed","Brutality"],"picked":"Impervious","floor":16},{"not_picked":["Corruption+1","Shrug It Off"],"picked":"Battle Trance","floor":18},{"not_picked":["Twin Strike","True Grit","Sword Boomerang+1"],"picked":"SKIP","floor":20},{"not_picked":["Perfected Strike","Clash+1"],"picked":"Body Slam","floor":21},{"not_picked":["Wild Strike","Headbutt+1","Pommel Strike"],"picked":"SKIP","floor":22},{"not_picked":["Wild Strike","Sword Boomerang"],"picked":"Combust","floor":27},{"not_picked":["Iron Wave+1","Dropkick","Clothesline"],"picked":"SKIP","floor":28},{"not_picked":["Heavy Blade","Armaments","Bludgeon"],"picked":"SKIP","floor":29},{"not_picked":["Impervious","Reaper"],"picked":"Juggernaut","floor":33},{"not_picked":["Reckless Charge","Iron Wave+1","Carnage+1"],"picked":"SKIP","floor":35},{"not_picked":["Discovery","Impatience"],"picked":"Purity","floor":36},{"not_picked":["Warcry","Thunderclap"],"picked":"Shrug It Off","floor":38},{"not_picked":["Warcry+1","Iron Wave+1","Flex"],"picked":"SKIP","floor":39}],"player_experience":123542,"relics_obtained":[{"floor":7,"key":"Juzu Bracelet"},{"floor":9,"key":"Pear"},{"floor":26,"key":"Letter Opener"},{"floor":29,"key":"Incense Burner"},{"floor":37,"key":"Old Coin"}],"event_choices":[{"damage_healed":0,"gold_gain":0,"player_choice":"Leave","damage_taken":0,"max_hp_gain":0,"max_hp_loss":0,"event_name":"The Cleric","floor":2,"gold_loss":0},{"cards_removed":["Strike_R"],"damage_healed":0,"gold_gain":0,"player_choice":"Purged","damage_taken":0,"max_hp_gain":0,"max_hp_loss":0,"event_name":"Purifier","floor":10,"gold_loss":0},{"damage_healed":0,"gold_gain":0,"player_choice":"Shed Blood","damage_taken":23,"max_hp_gain":5,"max_hp_loss":0,"event_name":"Forgotten Altar","floor":25,"gold_loss":0},{"damage_healed":0,"gold_gain":0,"cards_transformed":["Defend_R","Strike_R"],"player_choice":"Became Test Subject","damage_taken":0,"max_hp_gain":0,"max_hp_loss":0,"event_name":"Drug Dealer","floor":30,"gold_loss":0,"cards_obtained":["Wild Strike","Metallicize"]},{"damage_healed":0,"gold_gain":0,"player_choice":"Ignored","damage_taken":0,"max_hp_gain":0,"max_hp_loss":0,"event_name":"Ghosts","floor":31,"gold_loss":0},{"damage_healed":0,"gold_gain":0,"player_choice":"Memory 1","damage_taken":0,"max_hp_gain":0,"max_hp_loss":0,"event_name":"SensoryStone","floor":36,"gold_loss":0},{"damage_healed":0,"gold_gain":0,"player_choice":"Fight","damage_taken":0,"max_hp_gain":0,"max_hp_loss":0,"event_name":"MindBloom","floor":37,"gold_loss":0},{"damage_healed":0,"gold_gain":0,"player_choice":"Fight","damage_taken":0,"max_hp_gain":0,"max_hp_loss":0,"event_name":"Mysterious Sphere","floor":41,"gold_loss":0}],"is_beta":false,"boss_relics":[{"not_picked":["Cursed Key","Empty Cage"],"picked":"Fusion Hammer"},{"not_picked":["Runic Dome","Runic Cube"],"picked":"White Beast Statue"}],"items_purged_floors":[19,24,40],"is_endless":false,"potions_floor_spawned":[3,5,8,20,27,33,35,37,38,39],"killed_by":"2 Orb Walkers","ascension_level":0}