{"gold_per_floor":[113,128,128,139,314,349,299,311,391,391,391,409,409],"floor_reached":13,"playtime":346,"items_purged":[],"score":135,"play_id":"fb8ba29c-3a6c-4b9c-9c90-d179977dea4a","local_time":"20180720223217","daily_mods":["Heirloom","Allstar","Time Dilation"],"is_ascension_mode":false,"campfire_choices":[{"data":"Madness","floor":11,"key":"SMITH"}],"neow_cost":"","seed_source_timestamp":0,"circlet_count":0,"master_deck":["Strike_R","Strike_R","Strike_R","Strike_R","Strike_R","Defend_R","Defend_R","Defend_R","Bash","Magnetism","Madness+1","Deep Breath","Thinking Ahead","Enlightenment+1","Shrug It Off","Heavy Blade","Heavy Blade","Inflame+1","Feed","Sword Boomerang","Doubt","Flex","Second Wind","Clash"],"special_seed":0,"relics":["Burning Blood","Prayer Wheel","Girya","Ornamental Fan"],"potions_floor_usage":[],"damage_taken":[{"damage":11,"enemies":"Jaw Worm","floor":1,"turns":2},{"damage":8,"enemies":"Small Slimes","floor":2,"turns":3},{"damage":14,"enemies":"2 Louse","floor":4,"turns":4},{"damage":28,"enemies":"Lagavulin","floor":6,"turns":5},{"damage":13,"enemies":"Red Slaver","floor":8,"turns":2},{"damage":9,"enemies":"2 Fungi Beasts","floor":12,"turns":3},{"damage":13,"enemies":"3 Louse","floor":13,"turns":2}],"seed_played":"369630845413401121","potions_obtained":[{"floor":8,"key":"GamblersBrew"},{"floor":10,"key":"Fire Potion"},{"floor":10,"key":"Poison Potion"},{"floor":10,"key":"FearPotion"}],"is_trial":true,"path_per_floor":["M","M","?","M","?","E","?","M","T","?","R","M"],"character_chosen":"IRONCLAD","items_purchased":[],"campfire_rested":0,"item_purchase_floors":[],"current_hp_per_floor":[75,73,57,49,49,30,30,23,23,23,23,20,7],"gold":409,"neow_bonus":"","is_prod":false,"is_daily":false,"chose_seed":false,"campfire_upgraded":1,"win_rate":0,"timestamp":1532093537,"path_taken":["M","M","?","M","?","E","?","?","T","?","R","?","M"],"build_version":"2018-07-19v2","purchased_purges":0,"victory":false,"max_hp_per_floor":[80,80,80,80,80,83,83,83,83,83,83,83,83],"card_choices":[{"not_picked":["Anger","True Grit"],"picked":"Shrug It Off","floor":1},{"not_picked":["Clothesline","Cleave"],"picked":"Heavy Blade","floor":1},{"not_picked":["Blood for Blood","Uppercut"],"picked":"Heavy Blade","floor":2},{"not_picked":["Rupture","Searing Blow"],"picked":"Inflame","floor":2},{"not_picked":["Perfected Strike","Pommel Strike"],"picked":"Feed","floor":4},{"not_picked":["Clothesline","Armaments"],"picked":"Sword Boomerang","floor":4},{"not_picked":["Thunderclap","Blood for Blood"],"picked":"Flex","floor":6},{"not_picked":["Wild Strike","Carnage"],"picked":"Second Wind","floor":8},{"not_picked":["Armaments","Clothesline"],"picked":"Clash","floor":8},{"not_picked":["Iron Wave","Hemokinesis","Cleave"],"picked":"SKIP","floor":12},{"not_picked":["Bloodletting","Headbutt","Anger"],"picked":"SKIP","floor":12}],"player_experience":215574,"relics_obtained":[{"floor":6,"key":"Girya"},{"floor":9,"key":"Ornamental Fan"}],"event_choices":[{"event_name":"Shining Light","player_choice":"Entered Light","floor":3,"damage_taken":0},{"event_name":"Liars Game","player_choice":"agreed","floor":5,"damage_taken":0},{"event_name":"The Cleric","player_choice":"Card Removal","floor":7,"damage_taken":0},{"event_name":"The Lab","player_choice":"Got Potions","floor":10,"damage_taken":0}],"is_beta":false,"boss_relics":[],"items_purged_floors":[],"is_endless":true,"potions_floor_spawned":[8],"killed_by":"3 Louse","ascension_level":0}