{"gold_per_floor":[115,186,186,261,277,277,310,310,310,325,354,372,372,372],"floor_reached":14,"playtime":746,"items_purged":[],"score":98,"play_id":"1b64f9e9-2a7d-44fb-bdfa-1b61b0d58067","local_time":"20190124232350","is_ascension_mode":false,"campfire_choices":[{"data":"Zap","floor":6,"key":"SMITH"},{"floor":8,"key":"REST"}],"neow_cost":"NONE","seed_source_timestamp":213873522039777,"circlet_count":0,"master_deck":["Strike_B","Strike_B","Strike_B","Strike_B","Defend_B","Defend_B","Defend_B","Defend_B","Zap+1","Dualcast","All For One+1","White Noise","Capacitor","BootSequence+1","Go for the Eyes","Go for the Eyes"],"relics":["Cracked Core","Strawberry","Bronze Scales","Toxic Egg 2","Smiling Mask"],"potions_floor_usage":[11,11,14],"damage_taken":[{"damage":0,"enemies":"2 Louse","floor":1,"turns":2},{"damage":3,"enemies":"Small Slimes","floor":5,"turns":4},{"damage":26,"enemies":"Lagavulin","floor":7,"turns":8},{"damage":3,"enemies":"Jaw Worm","floor":10,"turns":3},{"damage":35,"enemies":"Gremlin Nob","floor":11,"turns":4},{"damage":20,"enemies":"Large Slime","floor":12,"turns":5},{"damage":3,"enemies":"Exordium Thugs","floor":14,"turns":2}],"seed_played":"8129528867792182880","potions_obtained":[{"floor":5,"key":"Energy Potion"},{"floor":7,"key":"SteroidPotion"},{"floor":10,"key":"SpeedPotion"}],"is_trial":false,"path_per_floor":["M","?","?","?","M","R","E","R","T","M","E","M","?","M"],"character_chosen":"DEFECT","items_purchased":[],"campfire_rested":1,"item_purchase_floors":[],"current_hp_per_floor":[75,75,75,64,61,61,35,59,59,56,21,1,1,0],"gold":372,"neow_bonus":"ONE_RANDOM_RARE_CARD","is_prod":false,"is_daily":false,"chose_seed":false,"campfire_upgraded":1,"win_rate":0,"timestamp":1548368630,"path_taken":["M","?","?","?","M","R","E","R","T","M","E","M","?","M"],"build_version":"2019-01-23","purchased_purges":0,"victory":false,"max_hp_per_floor":[75,75,82,82,82,82,82,82,82,82,82,82,82,82],"card_choices":[{"not_picked":["Cold Snap","Coolheaded"],"picked":"White Noise","floor":1},{"not_picked":["Coolheaded","Rebound"],"picked":"Capacitor","floor":5},{"not_picked":["Steam Power","Tempest","Chill"],"picked":"SKIP","floor":7},{"not_picked":["Steam+1","Hologram+1"],"picked":"BootSequence+1","floor":10},{"not_picked":["Tempest+1","Skim+1"],"picked":"Go for the Eyes","floor":11},{"not_picked":["Coolheaded+1","Turbo+1"],"picked":"Go for the Eyes","floor":12}],"player_experience":182539,"relics_obtained":[{"floor":7,"key":"Bronze Scales"},{"floor":9,"key":"Toxic Egg 2"},{"floor":11,"key":"Smiling Mask"}],"event_choices":[{"damage_healed":0,"gold_gain":71,"player_choice":"Gained Gold","damage_taken":0,"max_hp_gain":0,"max_hp_loss":0,"event_name":"Golden Wing","floor":2,"gold_loss":0},{"damage_healed":0,"gold_gain":0,"player_choice":"Success","damage_taken":7,"relics_obtained":["Strawberry"],"max_hp_gain":0,"max_hp_loss":0,"event_name":"Scrap Ooze","floor":3,"gold_loss":0},{"damage_healed":0,"gold_gain":75,"player_choice":"Gather Gold","damage_taken":11,"max_hp_gain":0,"max_hp_loss":0,"event_name":"World of Goop","floor":4,"gold_loss":0},{"damage_healed":0,"gold_gain":0,"player_choice":"Grow","damage_taken":0,"max_hp_gain":0,"max_hp_loss":0,"event_name":"Living Wall","floor":13,"gold_loss":0,"cards_upgraded":["All For One"]}],"is_beta":false,"boss_relics":[],"items_purged_floors":[],"is_endless":false,"potions_floor_spawned":[5,7,10],"killed_by":"Exordium Thugs","ascension_level":0}