{"gold_per_floor":[111,186,361,361,372,372,386,386,409,409,426,438,468,468],"floor_reached":14,"playtime":483,"items_purged":[],"score":90,"play_id":"a2501597-4c90-436f-bd0f-f21f1d6173e8","local_time":"20190424154826","is_ascension_mode":false,"campfire_choices":[{"data":"Darkness","floor":6,"key":"SMITH"},{"data":"Sunder","floor":8,"key":"SMITH"}],"neow_cost":"NONE","seed_source_timestamp":817400993301826,"circlet_count":0,"master_deck":["Strike_B","Strike_B","Strike_B","Strike_B","Defend_B","Defend_B","Defend_B","Defend_B","Zap","Dualcast","Darkness+1","Doubt","Regret","Auto Shields","Sunder+1","BootSequence","hubris:SpecializedCircuitry","Crystallizer"],"relics":["Cracked Core","Unceasing Top","Lantern","hubris:DeckOfHolding","DataDisk"],"potions_floor_usage":[13,13,14],"damage_taken":[{"damage":1,"enemies":"Jaw Worm","floor":1,"turns":3},{"damage":0,"enemies":"2 Louse","floor":5,"turns":2},{"damage":2,"enemies":"Small Slimes","floor":7,"turns":4},{"damage":6,"enemies":"Looter","floor":11,"turns":2},{"damage":12,"enemies":"Exordium Wildlife","floor":12,"turns":4},{"damage":40,"enemies":"Lagavulin","floor":13,"turns":10},{"damage":4,"enemies":"Lots of Slimes","floor":14,"turns":3}],"seed_played":"-1618340830172844487","potions_obtained":[{"floor":7,"key":"Block Potion"},{"floor":12,"key":"Weak Potion"},{"floor":13,"key":"AttackPotion"}],"is_trial":false,"path_per_floor":["M","?","?","?","M","R","M","R","T","T","M","M","E","M"],"character_chosen":"DEFECT","items_purchased":[],"campfire_rested":0,"item_purchase_floors":[],"current_hp_per_floor":[74,63,63,63,63,63,61,61,61,61,55,43,3,0],"gold":468,"neow_bonus":"THREE_CARDS","is_prod":false,"is_daily":false,"chose_seed":false,"campfire_upgraded":2,"win_rate":0,"timestamp":1556113706,"path_taken":["M","?","?","?","M","R","M","R","T","?","M","?","E","M"],"build_version":"2019-01-23","purchased_purges":0,"victory":false,"max_hp_per_floor":[75,75,75,75,75,75,75,75,75,75,75,75,75,75],"card_choices":[{"not_picked":["Rebound","Barrage"],"picked":"Darkness","floor":1},{"not_picked":["Coolheaded","Melter"],"picked":"Auto Shields","floor":5},{"not_picked":["Sweeping Beam","Redo"],"picked":"Sunder","floor":7},{"not_picked":["Leap","Stack"],"picked":"BootSequence","floor":11},{"not_picked":["Chaos","Conserve Battery"],"picked":"hubris:SpecializedCircuitry","floor":12},{"not_picked":["Stack","Cold Snap"],"picked":"Crystallizer","floor":13}],"player_experience":276282,"relics_obtained":[{"floor":9,"key":"Lantern"},{"floor":10,"key":"hubris:DeckOfHolding"},{"floor":13,"key":"DataDisk"}],"event_choices":[{"damage_healed":0,"gold_gain":75,"player_choice":"Gather Gold","damage_taken":11,"max_hp_gain":0,"max_hp_loss":0,"event_name":"World of Goop","floor":2,"gold_loss":0},{"damage_healed":0,"gold_gain":175,"player_choice":"AGREE","damage_taken":0,"max_hp_gain":0,"max_hp_loss":0,"event_name":"Liars Game","floor":3,"gold_loss":0,"cards_obtained":["Doubt"]},{"damage_healed":0,"gold_gain":0,"player_choice":"Box","damage_taken":0,"relics_obtained":["Unceasing Top"],"max_hp_gain":0,"max_hp_loss":0,"event_name":"Big Fish","floor":4,"gold_loss":0,"cards_obtained":["Regret"]}],"is_beta":false,"boss_relics":[],"items_purged_floors":[],"is_endless":false,"potions_floor_spawned":[7,12,13],"killed_by":"Lots of Slimes","ascension_level":0}