{"gold_per_floor":[116,131,143,47,59,59,92,107,107,133,147,173,193,225,225,325,325,345,358,74,74,94,113,113,113,138,138,138,138,149,160,160,160],"floor_reached":33,"playtime":1449,"items_purged":[],"score":379,"play_id":"25f6cd3b-92aa-449d-ba54-95dcf627432a","local_time":"20190604160307","is_ascension_mode":true,"campfire_choices":[{"data":"Flame Barrier","floor":6.0,"key":"SMITH"},{"floor":15.0,"key":"REST"},{"floor":24.0,"key":"REST"},{"data":"Entrench","floor":29.0,"key":"SMITH"},{"data":"Shrug It Off","floor":32,"key":"SMITH"}],"neow_cost":"NONE","seed_source_timestamp":38953294449700,"circlet_count":0,"master_deck":["Strike_R","Strike_R","Strike_R","Strike_R","Strike_R","Defend_R+1","Defend_R+1","Defend_R","Defend_R","Bash","Heavy Blade","Iron Wave","Flame Barrier+1","Twin Strike","Shrug It Off","Shrug It Off+1","Body Slam","Entrench+1","Rage","Twin Strike","Immolate","Inflame+1","Clash+1","Shame","Cleave","Metallicize+1","Iron Wave"],"special_seed":0,"relics":["Burning Blood","War Paint","Du-Vu Doll","The Courier","Shuriken","Paper Frog","Blue Candle","Sozu","Brimstone","Pen Nib","Torii","Bronze Scales","Bottled Lightning"],"potions_floor_usage":[],"damage_taken":[{"damage":0.0,"enemies":"Cultist","floor":1.0,"turns":4.0},{"damage":8.0,"enemies":"Jaw Worm","floor":2.0,"turns":4.0},{"damage":7.0,"enemies":"2 Louse","floor":3.0,"turns":2.0},{"damage":6.0,"enemies":"Looter","floor":5.0,"turns":4.0},{"damage":23.0,"enemies":"Gremlin Nob","floor":7.0,"turns":5.0},{"damage":7.0,"enemies":"Gremlin Gang","floor":8.0,"turns":5.0},{"damage":17.0,"enemies":"Lagavulin","floor":10.0,"turns":12.0},{"damage":1.0,"enemies":"2 Fungi Beasts","floor":11.0,"turns":4.0},{"damage":16.0,"enemies":"Gremlin Nob","floor":12.0,"turns":4.0},{"damage":3.0,"enemies":"Exordium Wildlife","floor":13.0,"turns":8.0},{"damage":28.0,"enemies":"3 Sentries","floor":14.0,"turns":12.0},{"damage":48.0,"enemies":"Hexaghost","floor":16.0,"turns":12.0},{"damage":13.0,"enemies":"Shell Parasite","floor":18.0,"turns":8.0},{"damage":0.0,"enemies":"Spheric Guardian","floor":19.0,"turns":4.0},{"damage":21.0,"enemies":"Centurion and Healer","floor":22.0,"turns":5.0},{"damage":0.0,"enemies":"3 Cultists","floor":23.0,"turns":3.0},{"damage":0.0,"enemies":"Snake Plant","floor":30.0,"turns":2.0},{"damage":11,"enemies":"Centurion and Healer","floor":31,"turns":4},{"damage":65,"enemies":"Champ","floor":33,"turns":7}],"seed_played":"5662991246102607801","potions_obtained":[{"floor":7.0,"key":"SkillPotion"},{"floor":8.0,"key":"FearPotion"},{"floor":10.0,"key":"Poison Potion"},{"floor":11.0,"key":"Regen Potion"},{"floor":16.0,"key":"AttackPotion"}],"is_trial":false,"path_per_floor":["M","M","M","$","M","R","E","M","T","E","M","E","M","E","R","B",null,"M","M","$","?","M","M","R","?","T","?","T","R","M","M","R","B"],"character_chosen":"IRONCLAD","items_purchased":["EntropicBrew","Brimstone","Pen Nib"],"campfire_rested":2,"item_purchase_floors":[4,20,20],"current_hp_per_floor":[78,76,75,75,75,75,58,57,57,46,51,55,58,36,60,18,65,58,64,64,64,49,55,79,64,64,64,64,64,70,65,65,0],"gold":160,"neow_bonus":"RANDOM_COMMON_RELIC","is_prod":false,"is_daily":false,"chose_seed":false,"campfire_upgraded":3,"win_rate":0,"timestamp":1559689387,"path_taken":["M","M","?","?","M","R","E","M","T","E","?","E","M","E","R","BOSS","M","M","$","?","M","M","R","?","T","?","?","R","?","?","R","BOSS"],"build_version":"2019-01-23","purchased_purges":0,"victory":false,"max_hp_per_floor":[80,80,80,80,80,80,80,80,80,80,80,80,80,80,80,80,80,80,80,80,80,80,80,80,85,85,85,85,85,85,85,85,85],"card_choices":[{"not_picked":["Wild Strike","Clash"],"picked":"Heavy Blade","floor":1.0},{"not_picked":["Clash","Infernal Blade"],"picked":"Iron Wave","floor":2.0},{"not_picked":["Feed","True Grit"],"picked":"Flame Barrier","floor":3.0},{"not_picked":["Corruption","Rupture"],"picked":"Twin Strike","floor":5.0},{"not_picked":["Clash","Heavy Blade"],"picked":"Shrug It Off","floor":7.0},{"not_picked":["Twin Strike","Blood for Blood"],"picked":"Shrug It Off","floor":8.0},{"not_picked":["Armaments","Pummel"],"picked":"Body Slam","floor":10.0},{"not_picked":["Reaper","Pommel Strike"],"picked":"Entrench","floor":11.0},{"not_picked":["Entrench","Sever Soul"],"picked":"Rage","floor":12.0},{"not_picked":["Shrug It Off","Wild Strike"],"picked":"Twin Strike","floor":13.0},{"not_picked":["Juggernaut","Hemokinesis","Shockwave"],"picked":"SKIP","floor":14.0},{"not_picked":["Brutality","Bludgeon"],"picked":"Immolate","floor":16.0},{"not_picked":["Pommel Strike+1","True Grit+1"],"picked":"Inflame+1","floor":18.0},{"not_picked":["Headbutt","Perfected Strike"],"picked":"Clash+1","floor":19.0},{"not_picked":["Armaments","Combust"],"picked":"Cleave","floor":22.0},{"not_picked":["Bloodletting","Ghostly Armor"],"picked":"Metallicize+1","floor":23.0},{"not_picked":["True Grit","Anger"],"picked":"Iron Wave","floor":30.0},{"not_picked":["Bloodletting","Second Wind","Rupture+1"],"picked":"SKIP","floor":31}],"player_experience":258980,"relics_obtained":[{"floor":7.0,"key":"Du-Vu Doll"},{"floor":9.0,"key":"The Courier"},{"floor":10.0,"key":"Shuriken"},{"floor":12.0,"key":"Paper Frog"},{"floor":14.0,"key":"Blue Candle"},{"floor":26.0,"key":"Bronze Scales"},{"floor":28.0,"key":"Bottled Lightning"}],"event_choices":[{"damage_healed":0.0,"max_hp_gain":0.0,"max_hp_loss":0.0,"gold_gain":0.0,"event_name":"Addict","player_choice":"Stole Relic","floor":21.0,"gold_loss":0.0,"damage_taken":0.0,"relics_obtained":["Torii"],"cards_obtained":["Shame"]},{"damage_healed":0.0,"max_hp_gain":5.0,"max_hp_loss":0.0,"gold_gain":0.0,"event_name":"Forgotten Altar","player_choice":"Shed Blood","floor":25.0,"gold_loss":0.0,"damage_taken":20.0},{"damage_healed":0.0,"max_hp_gain":0.0,"max_hp_loss":0.0,"gold_gain":0.0,"event_name":"Cursed Tome","player_choice":"Ignored","floor":27.0,"gold_loss":0.0,"damage_taken":0.0}],"is_beta":false,"boss_relics":[{"not_picked":["Snecko Eye","Philosopher\u0027s Stone"],"picked":"Sozu"}],"items_purged_floors":[],"is_endless":false,"potions_floor_spawned":[7,8,10,11,16,18,31],"killed_by":"Champ","ascension_level":7}