{"gold_per_floor":[114,114,129,56,70,85,85,85,164,190,200,218,218,238,238,342,392,410,410,428,62,75,75],"floor_reached":23,"playtime":1427,"items_purged":["Defend_B"],"score":193,"play_id":"a0a2cf53-4053-49fa-97dc-04e9ed74353a","local_time":"20190523230632","is_ascension_mode":false,"campfire_choices":[{"data":"Conserve Battery","floor":7,"key":"SMITH"},{"data":"Conserve Battery","floor":13,"key":"SMITH"},{"data":"Electrodynamics","floor":15,"key":"SMITH"}],"neow_cost":"NONE","seed_source_timestamp":194545197215500,"circlet_count":0,"master_deck":["Strike_B","Strike_B","Strike_B+1","Strike_B+1","Defend_B","Defend_B","Zap","Dualcast+1","Glacier","Cold Snap","Conserve Battery+1","Streamline","Conserve Battery+1","Fusion","Sweeping Beam","Electrodynamics+1","Buffer","Redo","Fusion+1","Doom and Gloom","Sweeping Beam+1"],"relics":["Cracked Core","Gremlin Horn","Boot","Odd Mushroom","Tiny House","Nilry\u0027s Codex","Membership Card","Tiny Chest","Whetstone"],"potions_floor_usage":[16,16,23],"damage_taken":[{"damage":0,"enemies":"Small Slimes","floor":1,"turns":3},{"damage":6,"enemies":"2 Louse","floor":3,"turns":3},{"damage":4,"enemies":"Cultist","floor":5,"turns":3},{"damage":11,"enemies":"3 Louse","floor":6,"turns":3},{"damage":15,"enemies":"Gremlin Nob","floor":10,"turns":5},{"damage":0,"enemies":"Looter","floor":11,"turns":3},{"damage":4,"enemies":"Exordium Wildlife","floor":12,"turns":5},{"damage":8,"enemies":"The Mushroom Lair","floor":14,"turns":5},{"damage":33,"enemies":"The Guardian","floor":16,"turns":19},{"damage":11,"enemies":"Spheric Guardian","floor":18,"turns":4},{"damage":10,"enemies":"Chosen","floor":20,"turns":6},{"damage":22,"enemies":"Snake Plant","floor":22,"turns":4},{"damage":32,"enemies":"Book of Stabbing","floor":23,"turns":5}],"seed_played":"3882615969377496781","potions_obtained":[{"floor":1,"key":"Ancient Potion"},{"floor":6,"key":"Dexterity Potion"},{"floor":10,"key":"Swift Potion"},{"floor":12,"key":"Block Potion"},{"floor":17,"key":"LiquidBronze"},{"floor":18,"key":"FocusPotion"}],"is_trial":false,"path_per_floor":["M","?","M","$","M","M","R","?","T","E","M","M","R","?","R","B",null,"M","?","M","$","M","E"],"character_chosen":"DEFECT","items_purchased":["Conserve Battery","Streamline","Membership Card","Tiny Chest","Whetstone"],"campfire_rested":0,"item_purchase_floors":[4,4,21,21,21],"current_hp_per_floor":[82,75,69,69,65,54,54,82,82,67,67,63,63,55,55,22,87,76,60,50,50,28,0],"gold":75,"neow_bonus":"TEN_PERCENT_HP_BONUS","is_prod":false,"is_daily":false,"chose_seed":false,"campfire_upgraded":3,"win_rate":0.0,"timestamp":1558677992,"path_taken":["M","?","M","$","M","M","R","?","T","E","M","?","R","?","R","BOSS","M","?","M","$","M","E"],"build_version":"2019-01-23","purchased_purges":1,"victory":false,"max_hp_per_floor":[82,82,82,82,82,82,82,82,82,82,82,82,82,82,82,82,87,87,87,87,87,87,87],"card_choices":[{"not_picked":["Leap","Streamline"],"picked":"Glacier","floor":1},{"not_picked":["Coolheaded","Steam"],"picked":"Cold Snap","floor":3},{"not_picked":["Rainbow","Beam Cell"],"picked":"Conserve Battery","floor":5},{"not_picked":["Conserve Battery","Beam Cell"],"picked":"Fusion","floor":6},{"not_picked":["Thunder Strike","Storm","Conserve Battery"],"picked":"SKIP","floor":10},{"not_picked":["Glacier","Barrage","Conserve Battery"],"picked":"SKIP","floor":11},{"not_picked":["Steam","Barrage"],"picked":"Sweeping Beam","floor":12},{"not_picked":["Steam","Capacitor"],"picked":"Electrodynamics","floor":14},{"not_picked":["Thunder Strike","Multi-Cast"],"picked":"Buffer","floor":16},{"not_picked":["Melter","Aggregate"],"picked":"Redo","floor":17},{"not_picked":["Steam Power","Go for the Eyes"],"picked":"Fusion+1","floor":18},{"not_picked":["Rip and Tear","Static Discharge"],"picked":"Doom and Gloom","floor":20},{"not_picked":["Conserve Battery","Reinforced Body+1"],"picked":"Sweeping Beam+1","floor":22}],"player_experience":44290,"relics_obtained":[{"floor":9,"key":"Gremlin Horn"},{"floor":10,"key":"Boot"},{"floor":14,"key":"Odd Mushroom"},{"floor":19,"key":"Nilry\u0027s Codex"}],"event_choices":[{"cards_removed":["Defend_B"],"damage_healed":0,"gold_gain":0,"player_choice":"Card Removal","damage_taken":7,"max_hp_gain":0,"max_hp_loss":0,"event_name":"Golden Wing","floor":2,"gold_loss":0},{"damage_healed":28,"gold_gain":0,"player_choice":"Full Heal","damage_taken":0,"max_hp_gain":0,"max_hp_loss":0,"event_name":"Wheel of Change","floor":8,"gold_loss":0},{"damage_healed":0,"gold_gain":0,"player_choice":"Fought Mushrooms","damage_taken":0,"max_hp_gain":0,"max_hp_loss":0,"event_name":"Mushrooms","floor":14,"gold_loss":0},{"damage_healed":0,"gold_gain":0,"player_choice":"Obtained Book","damage_taken":16,"max_hp_gain":0,"max_hp_loss":0,"event_name":"Cursed Tome","floor":19,"gold_loss":0}],"is_beta":false,"boss_relics":[{"not_picked":["Runic Dome","Snecko Eye"],"picked":"Tiny House"}],"items_purged_floors":[21],"is_endless":false,"potions_floor_spawned":[1,6,10,12,14,18],"killed_by":"Book of Stabbing","ascension_level":0}