{"gold_per_floor":[116,128,303,303,318,318,352,352,376,376,390,408,443,455,455,455],"floor_reached":16,"playtime":459,"items_purged":[],"score":118,"play_id":"3973fa80-13d7-4fc3-8b1e-91e115d5abb1","local_time":"20181014024512","is_ascension_mode":true,"campfire_choices":[{"data":"Sunder","floor":6,"key":"SMITH"},{"data":"Zap","floor":8,"key":"SMITH"},{"data":"Capacitor","floor":10,"key":"SMITH"},{"floor":15,"key":"REST"}],"neow_cost":"NONE","seed_source_timestamp":290957007882422,"circlet_count":0,"master_deck":["Strike_B","Strike_B","Strike_B","Strike_B","Defend_B","Defend_B","Defend_B","Zap+1","Dualcast","Capacitor+1","Coolheaded","Sunder+1","Force Field","Heatsinks","Darkness","Genetic Algorithm","Cold Snap"],"relics":["Cracked Core","Juzu Bracelet","Vajra","Pear"],"potions_floor_usage":[7,7,13,14],"damage_taken":[{"damage":6,"enemies":"Cultist","floor":1,"turns":3},{"damage":0,"enemies":"2 Louse","floor":2,"turns":2},{"damage":10,"enemies":"Small Slimes","floor":5,"turns":3},{"damage":9,"enemies":"3 Sentries","floor":7,"turns":8},{"damage":10,"enemies":"Blue Slaver","floor":11,"turns":3},{"damage":6,"enemies":"Looter","floor":12,"turns":4},{"damage":16,"enemies":"Lagavulin","floor":13,"turns":7},{"damage":13,"enemies":"Exordium Wildlife","floor":14,"turns":4},{"damage":35,"enemies":"Hexaghost","floor":16,"turns":11}],"seed_played":"-5065243061827922381","potions_obtained":[{"floor":2,"key":"SkillPotion"},{"floor":5,"key":"EssenceOfSteel"},{"floor":11,"key":"Weak Potion"},{"floor":13,"key":"AttackPotion"}],"is_trial":false,"path_per_floor":["M","M","?","?","M","R","E","R","T","R","M","M","E","M","R"],"character_chosen":"DEFECT","items_purchased":[],"campfire_rested":1,"item_purchase_floors":[],"current_hp_per_floor":[69,69,69,62,52,52,43,43,43,43,33,27,21,8,33,0],"gold":455,"neow_bonus":"REMOVE_CARD","is_prod":false,"is_daily":false,"chose_seed":false,"campfire_upgraded":3,"win_rate":0,"timestamp":1539510312,"path_taken":["M","?","?","?","M","R","E","R","T","R","M","M","E","M","R","BOSS"],"build_version":"2018-10-11","purchased_purges":0,"victory":false,"max_hp_per_floor":[75,75,75,75,75,75,75,75,75,75,75,75,85,85,85,85],"card_choices":[{"not_picked":["Gash","Beam Cell"],"picked":"Capacitor","floor":1},{"not_picked":["Reprogram","Stack"],"picked":"Coolheaded","floor":2},{"not_picked":["Self Repair","Fusion"],"picked":"Sunder","floor":5},{"not_picked":["Melter","Rebound"],"picked":"Force Field","floor":7},{"not_picked":["Gash","Conserve Battery"],"picked":"Heatsinks","floor":11},{"not_picked":["Go for the Eyes","Conserve Battery"],"picked":"Darkness","floor":12},{"not_picked":["Beam Cell","Cold Snap"],"picked":"Genetic Algorithm","floor":13},{"not_picked":["Compile Driver","Blizzard"],"picked":"Cold Snap","floor":14}],"player_experience":488198,"relics_obtained":[{"floor":7,"key":"Juzu Bracelet"},{"floor":9,"key":"Vajra"},{"floor":13,"key":"Pear"}],"event_choices":[{"event_name":"Liars Game","player_choice":"agreed","floor":3,"damage_taken":0},{"event_name":"Golden Wing","player_choice":"Card Removal","floor":4,"damage_taken":0}],"is_beta":false,"boss_relics":[],"items_purged_floors":[],"is_endless":false,"potions_floor_spawned":[2,5,11,13],"killed_by":"Hexaghost","ascension_level":1}