{"gold_per_floor":[114,68,68,81,140,154,154,181,181,196,226,226,178,178,178,280,280,297,310,225,0,0,0,16,16,16,16,32,42,70,70],"floor_reached":31,"playtime":770,"items_purged":[],"score":342,"play_id":"41a4b759-6637-4193-bd74-78c48911fc4f","local_time":"20181016113822","is_ascension_mode":true,"campfire_choices":[{"data":"Hologram","floor":7,"key":"SMITH"},{"floor":12,"key":"REST"},{"floor":15,"key":"REST"},{"floor":23,"key":"REST"},{"data":"Rainbow","floor":25,"key":"SMITH"},{"floor":27,"key":"REST"}],"neow_cost":"NONE","seed_source_timestamp":495433771629273,"circlet_count":0,"master_deck":["Strike_B","Strike_B","Strike_B","Defend_B","Defend_B","Defend_B","Zap","Dualcast","Chaos","Gash","Hologram+1","Doom and Gloom","Conserve Battery","Beam Cell","Glacier","Hyperbeam","Rainbow+1","Go for the Eyes","Static Discharge","Defragment","Self Repair","Cold Snap","Sunder+1","Beam Cell","Machine Learning","Echo Form","Redo+1","Ball Lightning","Heatsinks+1"],"relics":["Cracked Core","Pantograph","Bottled Lightning","Bronze Scales","Orrery","Bird Faced Urn","Ornamental Fan","Thread and Needle"],"potions_floor_usage":[8,11,11,28,30],"damage_taken":[{"damage":4,"enemies":"Small Slimes","floor":1,"turns":3},{"damage":0,"enemies":"Cultist","floor":4,"turns":3},{"damage":6,"enemies":"2 Louse","floor":6,"turns":2},{"damage":28,"enemies":"Gremlin Nob","floor":8,"turns":4},{"damage":7,"enemies":"2 Fungi Beasts","floor":10,"turns":3},{"damage":21,"enemies":"3 Sentries","floor":11,"turns":6},{"damage":37,"enemies":"The Guardian","floor":16,"turns":8},{"damage":36,"enemies":"2 Thieves","floor":18,"turns":3},{"damage":1,"enemies":"3 Byrds","floor":19,"turns":2},{"damage":16,"enemies":"3 Cultists","floor":24,"turns":4},{"damage":18,"enemies":"Snake Plant","floor":28,"turns":4},{"damage":5,"enemies":"Centurion and Healer","floor":29,"turns":4},{"damage":22,"enemies":"Slavers","floor":30,"turns":5},{"damage":72,"enemies":"Shelled Parasite and Fungi","floor":31,"turns":6}],"seed_played":"-7221579212095595098","potions_obtained":[{"floor":1,"key":"LiquidBronze"},{"floor":6,"key":"PowerPotion"},{"floor":10,"key":"Strength Potion"},{"floor":18,"key":"Poison Potion"},{"floor":24,"key":"AttackPotion"}],"is_trial":false,"path_per_floor":["M","$","?","M","?","M","R","E","T","M","E","R","?","?","R","B",null,"M","M","?","?","?","R","M","R","T","R","M","M","E"],"character_chosen":"DEFECT","items_purchased":["Hologram"],"campfire_rested":4,"item_purchase_floors":[2],"current_hp_per_floor":[64,64,64,64,64,58,58,30,30,23,2,24,24,24,46,34,65,29,28,28,28,28,50,47,47,47,69,75,75,57,0],"gold":70,"neow_bonus":"TRANSFORM_CARD","is_prod":false,"is_daily":false,"chose_seed":false,"campfire_upgraded":2,"win_rate":0,"timestamp":1539715102,"path_taken":["M","$","?","M","?","M","R","E","T","?","E","R","?","?","R","BOSS","M","M","?","?","?","R","M","R","T","R","M","M","E","M"],"build_version":"2018-10-11","purchased_purges":0,"victory":false,"max_hp_per_floor":[75,75,75,75,75,75,75,75,75,75,75,75,75,75,75,75,75,75,75,75,75,75,75,75,75,75,75,75,75,75,75],"card_choices":[{"not_picked":["Barrage","Stack"],"picked":"Gash","floor":1},{"not_picked":["Lockon","Go for the Eyes"],"picked":"Conserve Battery","floor":4},{"not_picked":["Chill","Darkness"],"picked":"Beam Cell","floor":6},{"not_picked":["Reprogram","BootSequence"],"picked":"Glacier","floor":8},{"not_picked":["Conserve Battery","Stack"],"picked":"Sunder","floor":10},{"not_picked":["Fusion","Rebound"],"picked":"Hyperbeam","floor":11},{"not_picked":["Machine Learning","Creative AI"],"picked":"Rainbow","floor":16},{"not_picked":["Steam","Stack"],"picked":"Go for the Eyes","floor":17},{"not_picked":["Redo","Reinforced Body"],"picked":"Static Discharge","floor":17},{"not_picked":["Double Energy","Recycle"],"picked":"Defragment","floor":17},{"not_picked":["Hologram","Barrage"],"picked":"Self Repair","floor":17},{"not_picked":["Lockon","Reprogram"],"picked":"Cold Snap","floor":17},{"not_picked":["Conserve Battery","Recycle"],"picked":"Sunder+1","floor":18},{"not_picked":["Sunder","Streamline"],"picked":"Beam Cell","floor":19},{"not_picked":["Sweeping Beam","Chill"],"picked":"Echo Form","floor":24},{"not_picked":["Coolheaded","Doom and Gloom"],"picked":"Redo+1","floor":28},{"not_picked":["Undo","Chaos"],"picked":"Ball Lightning","floor":29},{"not_picked":["Skim","Undo"],"picked":"Heatsinks+1","floor":30}],"player_experience":529948,"relics_obtained":[{"floor":8,"key":"Pantograph"},{"floor":9,"key":"Bottled Lightning"},{"floor":11,"key":"Bronze Scales"},{"floor":26,"key":"Ornamental Fan"},{"floor":30,"key":"Thread and Needle"}],"event_choices":[{"event_name":"Transmorgrifier","player_choice":"Transform","floor":3,"damage_taken":0},{"event_name":"Golden Wing","player_choice":"Gained Gold","floor":5,"damage_taken":0},{"event_name":"World of Goop","player_choice":"Left","floor":13,"damage_taken":0},{"event_name":"Dead Adventurer","player_choice":"Searched \u00271\u0027 times","floor":14,"damage_taken":0},{"event_name":"Addict","player_choice":"Obtained Relic","floor":20,"damage_taken":0},{"event_name":"Masked Bandits","player_choice":"Paid Fearfully","floor":21,"damage_taken":0},{"event_name":"Transmorgrifier","player_choice":"Transform","floor":22,"damage_taken":0}],"is_beta":false,"boss_relics":[{"not_picked":["Ectoplasm","Snecko Eye"],"picked":"Orrery"}],"items_purged_floors":[],"is_endless":false,"potions_floor_spawned":[1,6,10,18,24],"killed_by":"Shelled Parasite and Fungi","ascension_level":6}