{"gold_per_floor":[116,291,291,311,2,45,95,95,164,164,164,64,79,102,102,197,197,212,212,235,145,145],"floor_reached":22,"playtime":425,"items_purged":["Doubt"],"score":352,"play_id":"95e69007-dcc1-48c2-84b9-ac9f83fc3664","local_time":"20181021014957","is_ascension_mode":true,"campfire_choices":[{"data":"Demon Form","floor":8,"key":"SMITH"},{"data":"Carnage","floor":10,"key":"SMITH"},{"floor":15,"key":"REST"}],"neow_cost":"NONE","seed_source_timestamp":892477131669724,"circlet_count":0,"master_deck":["Strike_R+1","Strike_R+1","Strike_R+1","Strike_R+1","Strike_R+1","Defend_R+1","Defend_R+1","Defend_R+1","Defend_R+1","Bash","AscendersBane","Carnage+1","Twin Strike","Cleave","Demon Form+1","Flex","Perfected Strike","Shrug It Off","Limit Break","Perfected Strike","Rage","Inflame+1"],"relics":["Burning Blood","NeowsBlessing","Golden Idol","Thread and Needle","Bottled Lightning","Juzu Bracelet","Frozen Egg 2","Unceasing Top","Eternal Feather"],"potions_floor_usage":[16,22,22],"damage_taken":[{"damage":0,"enemies":"Jaw Worm","floor":1,"turns":1},{"damage":0,"enemies":"2 Louse","floor":4,"turns":1},{"damage":0,"enemies":"Lagavulin","floor":6,"turns":1},{"damage":2,"enemies":"Small Slimes","floor":13,"turns":2},{"damage":46,"enemies":"Gremlin Gang","floor":14,"turns":5},{"damage":47,"enemies":"The Guardian","floor":16,"turns":10},{"damage":23,"enemies":"Spheric Guardian","floor":18,"turns":5},{"damage":21,"enemies":"2 Thieves","floor":20,"turns":5},{"damage":22,"enemies":"Cultist and Chosen","floor":22,"turns":6}],"seed_played":"2477381999331757328","potions_obtained":[{"floor":6,"key":"Weak Potion"},{"floor":14,"key":"AttackPotion"},{"floor":16,"key":"Weak Potion"}],"is_trial":false,"path_per_floor":["M","?","?","M","$","E","T","R","T","R","?","$","M","M","R","B",null,"M","?","M","$"],"character_chosen":"IRONCLAD","items_purchased":["Thread and Needle","Cleave","Flex","Inflame+1","AttackPotion"],"campfire_rested":1,"item_purchase_floors":[5,5,12,21,21],"current_hp_per_floor":[74,74,69,69,69,69,69,69,69,69,69,69,69,29,49,8,54,37,37,22,22,0],"gold":145,"neow_bonus":"THREE_ENEMY_KILL","is_prod":false,"is_daily":false,"chose_seed":false,"campfire_upgraded":2,"win_rate":0,"timestamp":1540111797,"path_taken":["M","?","?","M","$","E","?","R","T","R","?","?","M","M","R","BOSS","M","?","M","$","M"],"build_version":"2018-10-18","purchased_purges":1,"victory":false,"max_hp_per_floor":[75,75,69,69,69,69,69,69,69,69,69,69,69,69,69,69,69,69,69,69,69,69],"card_choices":[{"not_picked":["Armaments","Flex"],"picked":"Carnage","floor":1},{"not_picked":["Armaments","Warcry"],"picked":"Twin Strike","floor":4},{"not_picked":["Ghostly Armor","Dropkick"],"picked":"Demon Form","floor":6},{"not_picked":["Second Wind","Headbutt"],"picked":"Perfected Strike","floor":13},{"not_picked":["Sentinel","Bloodletting"],"picked":"Shrug It Off","floor":14},{"not_picked":["Double Tap","Impervious"],"picked":"Limit Break","floor":16},{"not_picked":["Power Through","Bloodletting"],"picked":"Perfected Strike","floor":18},{"not_picked":["Evolve+1","Havoc"],"picked":"Rage","floor":20}],"player_experience":591150,"relics_obtained":[{"floor":6,"key":"Bottled Lightning"},{"floor":7,"key":"Juzu Bracelet"},{"floor":9,"key":"Frozen Egg 2"}],"event_choices":[{"damage_healed":0,"gold_gain":175,"player_choice":"AGREE","damage_taken":0,"max_hp_gain":0,"max_hp_loss":0,"event_name":"Liars Game","floor":2,"gold_loss":0,"cards_obtained":["Doubt"]},{"damage_healed":0,"gold_gain":0,"player_choice":"Lose Max HP","damage_taken":0,"relics_obtained":["Golden Idol"],"max_hp_gain":0,"max_hp_loss":6,"event_name":"Golden Idol","floor":3,"gold_loss":0},{"damage_healed":0,"gold_gain":0,"player_choice":"Gave Potion","damage_taken":0,"relics_obtained":["Unceasing Top"],"max_hp_gain":0,"max_hp_loss":0,"event_name":"WeMeetAgain","floor":11,"gold_loss":0},{"damage_healed":0,"gold_gain":0,"player_choice":"Simplicity","damage_taken":0,"max_hp_gain":0,"max_hp_loss":0,"event_name":"Back to Basics","floor":19,"gold_loss":0,"cards_upgraded":["Strike_R","Strike_R","Strike_R","Strike_R","Strike_R","Defend_R","Defend_R","Defend_R","Defend_R"]}],"is_beta":false,"boss_relics":[{"not_picked":["Sozu","Black Star"],"picked":"Eternal Feather"}],"items_purged_floors":[12],"is_endless":false,"potions_floor_spawned":[6,14,16],"killed_by":"Cultist and Chosen","ascension_level":14}