{"gold_per_floor":[114,132,150,162,162,162,196,196,196,196],"floor_reached":10,"playtime":322,"items_purged":[],"score":78,"play_id":"fc7b2ad6-48cd-47b3-b9be-a2468edcbc89","local_time":"20190314224201","is_ascension_mode":true,"campfire_choices":[{"data":"Infernal Blade","floor":6,"key":"SMITH"},{"floor":8,"key":"REST"}],"neow_cost":"TEN_PERCENT_HP_LOSS","seed_source_timestamp":23083404524600,"circlet_count":0,"master_deck":["Strike_R","Strike_R","Strike_R","Defend_R","Defend_R","Defend_R","Defend_R","Bash","Thunderclap","Infernal Blade+1","Havoc","Double Tap","Fiend Fire","Shrug It Off"],"relics":["Burning Blood","Prayer Wheel","Nunchaku"],"potions_floor_usage":[4,7],"damage_taken":[{"damage":12,"enemies":"Small Slimes","floor":1,"turns":3},{"damage":11,"enemies":"Cultist","floor":2,"turns":4},{"damage":8,"enemies":"Jaw Worm","floor":3,"turns":5},{"damage":13,"enemies":"Blue Slaver","floor":4,"turns":3},{"damage":45,"enemies":"3 Sentries","floor":7,"turns":7},{"damage":34,"enemies":"Gremlin Nob","floor":10,"turns":3}],"seed_played":"4668509232196702569","potions_obtained":[{"floor":1,"key":"FearPotion"},{"floor":4,"key":"SkillPotion"}],"is_trial":false,"path_per_floor":["M","M","M","M","?","R","E","R","T","E"],"character_chosen":"IRONCLAD","items_purchased":[],"campfire_rested":1,"item_purchase_floors":[],"current_hp_per_floor":[66,61,59,52,52,52,13,34,34,0],"gold":196,"neow_bonus":"REMOVE_TWO","is_prod":false,"is_daily":false,"chose_seed":false,"campfire_upgraded":1,"win_rate":0,"timestamp":1552628521,"path_taken":["M","M","M","M","?","R","E","R","T","E"],"build_version":"2019-02-06","purchased_purges":0,"victory":false,"max_hp_per_floor":[72,72,72,72,72,72,72,72,72,72],"card_choices":[{"not_picked":["Intimidate","Havoc"],"picked":"Thunderclap","floor":1},{"not_picked":["Clash","Shockwave"],"picked":"Infernal Blade","floor":2},{"not_picked":["True Grit","Iron Wave"],"picked":"Havoc","floor":3},{"not_picked":["Intimidate","Anger"],"picked":"Double Tap","floor":4},{"not_picked":["Body Slam","True Grit"],"picked":"Shrug It Off","floor":7}],"player_experience":565601,"relics_obtained":[{"floor":7,"key":"Prayer Wheel"},{"floor":9,"key":"Nunchaku"}],"event_choices":[{"damage_healed":0,"gold_gain":0,"player_choice":"1 cards matched","damage_taken":0,"max_hp_gain":0,"max_hp_loss":0,"event_name":"Match and Keep!","floor":5,"gold_loss":0,"cards_obtained":["Fiend Fire"]}],"is_beta":true,"boss_relics":[],"items_purged_floors":[],"is_endless":false,"potions_floor_spawned":[1,4],"killed_by":"Gremlin Nob","ascension_level":3}