{"gold_per_floor":[110,129,204,220,220,220,220,220,220,251,263,293,293,321,321,392,392,408,422,422,432,432,432,442,454,454,379,399,5,5,18,18,92,92,112,123,123,0,20,20,48,48,48,75,18,30,30,40,40,40,40],"floor_reached":51,"playtime":3095,"items_purged":["Strike_R+1"],"score":1429,"play_id":"c5517f24-6f4f-4902-8b01-042014685f79","local_time":"20190403233338","is_ascension_mode":true,"campfire_choices":[{"data":"Spot Weakness","floor":6.0,"key":"SMITH"},{"floor":8.0,"key":"REST"},{"data":"Immolate","floor":13.0,"key":"SMITH"},{"data":"Corruption","floor":15.0,"key":"SMITH"},{"floor":23.0,"key":"REST"},{"data":"Barricade","floor":30.0,"key":"SMITH"},{"floor":32.0,"key":"RECALL"},{"floor":40.0,"key":"REST"},{"floor":42.0,"key":"REST"},{"floor":47.0,"key":"REST"},{"floor":49.0,"key":"REST"}],"neow_cost":"NONE","seed_source_timestamp":967177846476065,"circlet_count":0,"master_deck":["AscendersBane","Strike_R+1","Strike_R+1","Strike_R+1","Strike_R+1","Defend_R+1","Defend_R+1","Defend_R+1","Defend_R+1","Bash+1","Entrench+1","Pommel Strike","Spot Weakness+1","Immolate+1","Infernal Blade+1","Shrug It Off+1","Corruption+1","Barricade+1","Shockwave+1","Bloodletting+1","True Grit+1","Headbutt","Flame Barrier+1","Armaments+1","Fiend Fire","Flame Barrier+1","Madness+1","Madness+1","Body Slam","True Grit+1","Impervious+1","Uppercut+1"],"special_seed":0,"relics":["Burning Blood","Anchor","Toxic Egg 2","Kunai","PreservedInsect","Black Star","Nilry\u0027s Codex","Frozen Egg 2","Torii","Mark of Pain","Red Mask","Mango","Oddly Smooth Stone","Strawberry","Question Card"],"potions_floor_usage":[51,51],"damage_taken":[{"damage":4.0,"enemies":"Jaw Worm","floor":1.0,"turns":4.0},{"damage":7.0,"enemies":"2 Louse","floor":2.0,"turns":5.0},{"damage":5.0,"enemies":"Small Slimes","floor":4.0,"turns":3.0},{"damage":20.0,"enemies":"Gremlin Nob","floor":10.0,"turns":4.0},{"damage":1.0,"enemies":"Looter","floor":11.0,"turns":2.0},{"damage":4.0,"enemies":"3 Sentries","floor":12.0,"turns":6.0},{"damage":13.0,"enemies":"Lagavulin","floor":14.0,"turns":6.0},{"damage":25.0,"enemies":"Slime Boss","floor":16.0,"turns":7.0},{"damage":1.0,"enemies":"3 Byrds","floor":18.0,"turns":4.0},{"damage":2.0,"enemies":"Spheric Guardian","floor":19.0,"turns":4.0},{"damage":21.0,"enemies":"Centurion and Healer","floor":21.0,"turns":6.0},{"damage":13.0,"enemies":"Snake Plant","floor":24.0,"turns":3.0},{"damage":6.0,"enemies":"Shelled Parasite and Fungi","floor":25.0,"turns":4.0},{"damage":3.0,"enemies":"Cultist and Chosen","floor":28.0,"turns":9.0},{"damage":16.0,"enemies":"Sentry and Sphere","floor":31.0,"turns":6.0},{"damage":17.0,"enemies":"Champ","floor":33.0,"turns":14.0},{"damage":4.0,"enemies":"3 Shapes","floor":35.0,"turns":1.0},{"damage":0.0,"enemies":"3 Darklings","floor":36.0,"turns":4.0},{"damage":24.0,"enemies":"Jaw Worm Horde","floor":39.0,"turns":7.0},{"damage":52.0,"enemies":"Giant Head","floor":41.0,"turns":8.0},{"damage":50.0,"enemies":"Nemesis","floor":44.0,"turns":11.0},{"damage":0.0,"enemies":"Transient","floor":46.0,"turns":6.0},{"damage":1.0,"enemies":"4 Shapes","floor":48.0,"turns":2.0},{"damage":67.0,"enemies":"Time Eater","floor":50.0,"turns":18.0},{"damage":31,"enemies":"Awakened One","floor":51,"turns":6}],"seed_played":"3292929534455109411","potions_obtained":[{"floor":1.0,"key":"Block Potion"},{"floor":10.0,"key":"SneckoOil"},{"floor":14.0,"key":"SteroidPotion"},{"floor":16.0,"key":"Block Potion"},{"floor":18.0,"key":"PowerPotion"},{"floor":24.0,"key":"PowerPotion"},{"floor":28.0,"key":"Block Potion"},{"floor":31.0,"key":"AttackPotion"},{"floor":39.0,"key":"Energy Potion"},{"floor":46.0,"key":"Dexterity Potion"},{"floor":48.0,"key":"SteroidPotion"}],"is_trial":false,"path_per_floor":["M","M","?","M","?","R","?","R","T","E","M","E","R","E","R","B",null,"M","M","?","M","?","R","M","M","T","$","M","$","R","M","R","B",null,"M","M","?","?","M","R","E","R","T","E","$","M","R","M","R","B","B"],"character_chosen":"IRONCLAD","items_purchased":["Torii","Armaments+1","Swift Potion"],"campfire_rested":6,"item_purchase_floors":[29,29,45],"current_hp_per_floor":[70,69,58,59,36,36,36,58,58,44,49,51,51,44,44,25,63,68,72,51,36,36,58,51,51,51,51,54,54,54,44,44,33,65,67,73,59,59,41,63,31,57,57,20,20,26,54,59,87,26,0],"gold":40,"neow_bonus":"UPGRADE_CARD","is_prod":false,"is_daily":false,"chose_seed":false,"campfire_upgraded":4,"win_rate":0,"timestamp":1554356018,"path_taken":["M","M","?","M","?","R","?","R","T","E","M","E","R","E","R","BOSS","M","M","?","M","?","R","?","M","T","$","M","$","R","M","R","BOSS","M","M","?","?","M","R","E","R","T","E","$","M","R","M","R","BOSS","BOSS"],"build_version":"2019-03-15","purchased_purges":1,"victory":false,"max_hp_per_floor":[75,75,75,75,75,75,75,75,75,75,75,75,75,75,75,75,75,75,75,75,75,75,75,75,75,75,75,75,75,75,75,75,75,75,75,75,75,75,75,75,89,89,89,96,96,96,96,96,96,96,96],"card_choices":[{"not_picked":["Reckless Charge","Clothesline"],"picked":"Entrench","floor":1.0},{"not_picked":["Burning Pact","Hemokinesis"],"picked":"Pommel Strike","floor":2.0},{"not_picked":["Warcry","Cleave"],"picked":"Spot Weakness","floor":4.0},{"not_picked":["Iron Wave","Rage"],"picked":"Immolate","floor":10.0},{"not_picked":["Cleave","Clothesline"],"picked":"Infernal Blade+1","floor":11.0},{"not_picked":["Armaments+1","Demon Form"],"picked":"Shrug It Off+1","floor":12.0},{"not_picked":["Fiend Fire","Fire Breathing"],"picked":"Corruption","floor":14.0},{"not_picked":["Berserk","Demon Form"],"picked":"Barricade","floor":16.0},{"not_picked":["Anger","Dual Wield+1"],"picked":"Shockwave+1","floor":18.0},{"not_picked":["Perfected Strike","Wild Strike"],"picked":"Bloodletting+1","floor":19.0},{"not_picked":["Rage+1","Corruption"],"picked":"True Grit+1","floor":21.0},{"not_picked":["Sword Boomerang","Spot Weakness+1"],"picked":"Headbutt","floor":24.0},{"not_picked":["Warcry+1","Reckless Charge"],"picked":"Flame Barrier+1","floor":25.0},{"not_picked":["Headbutt+1","Flex+1","Sword Boomerang"],"picked":"SKIP","floor":28.0},{"not_picked":["Sever Soul+1","Anger","Perfected Strike"],"picked":"SKIP","floor":31.0},{"not_picked":["Double Tap+1","Immolate"],"picked":"Fiend Fire","floor":33.0},{"not_picked":["Pommel Strike","Wild Strike","Armaments+1"],"picked":"SKIP","floor":35.0},{"not_picked":["Armaments+1","Spot Weakness+1"],"picked":"Flame Barrier+1","floor":36.0},{"not_picked":["Headbutt+1","Clothesline","Anger"],"picked":"SKIP","floor":39.0},{"not_picked":["Wild Strike","Rage+1"],"picked":"Body Slam","floor":41.0},{"not_picked":["Heavy Blade","Cleave"],"picked":"True Grit+1","floor":44.0},{"not_picked":["Ghostly Armor+1","Corruption+1","Wild Strike+1"],"picked":"Impervious+1","floor":46.0},{"not_picked":["Wild Strike","Warcry+1","Thunderclap"],"picked":"Uppercut+1","floor":48.0}],"player_experience":2747470,"relics_obtained":[{"floor":9.0,"key":"Anchor"},{"floor":10.0,"key":"Toxic Egg 2"},{"floor":12.0,"key":"Kunai"},{"floor":14.0,"key":"PreservedInsect"},{"floor":20.0,"key":"Nilry\u0027s Codex"},{"floor":26.0,"key":"Frozen Egg 2"},{"floor":41.0,"key":"Mango"},{"floor":41.0,"key":"Oddly Smooth Stone"},{"floor":44.0,"key":"Strawberry"},{"floor":44.0,"key":"Question Card"}],"event_choices":[{"damage_healed":0.0,"max_hp_gain":0.0,"max_hp_loss":0.0,"gold_gain":75.0,"event_name":"World of Goop","player_choice":"Gather Gold","floor":3.0,"gold_loss":0.0,"damage_taken":11.0},{"damage_healed":0.0,"max_hp_gain":0.0,"max_hp_loss":0.0,"gold_gain":0.0,"event_name":"Shining Light","player_choice":"Entered Light","floor":5.0,"gold_loss":0.0,"damage_taken":23.0,"cards_upgraded":["Entrench","Defend_R"]},{"damage_healed":0.0,"max_hp_gain":0.0,"max_hp_loss":0.0,"gold_gain":0.0,"event_name":"Liars Game","player_choice":"Ignored","floor":7.0,"gold_loss":0.0,"damage_taken":0.0},{"damage_healed":0.0,"max_hp_gain":0.0,"max_hp_loss":0.0,"gold_gain":0.0,"event_name":"Cursed Tome","player_choice":"Obtained Book","floor":20.0,"gold_loss":0.0,"damage_taken":21.0},{"damage_healed":0.0,"max_hp_gain":0.0,"max_hp_loss":0.0,"gold_gain":0.0,"event_name":"Back to Basics","player_choice":"Simplicity","floor":22.0,"gold_loss":0.0,"damage_taken":0.0,"cards_upgraded":["Strike_R","Strike_R","Strike_R","Strike_R","Strike_R","Defend_R","Defend_R","Defend_R"]},{"damage_healed":0.0,"max_hp_gain":0.0,"max_hp_loss":0.0,"gold_gain":0.0,"event_name":"Winding Halls","player_choice":"Embrace Madness","floor":37.0,"gold_loss":0.0,"damage_taken":14.0,"cards_obtained":["Madness","Madness"]},{"damage_healed":0.0,"max_hp_gain":0.0,"max_hp_loss":0.0,"gold_gain":0.0,"event_name":"Tomb of Lord Red Mask","player_choice":"Paid","floor":38.0,"gold_loss":123.0,"damage_taken":0.0,"relics_obtained":["Red Mask"]}],"is_beta":true,"boss_relics":[{"not_picked":["White Beast Statue","Orrery"],"picked":"Black Star"},{"not_picked":["Lizard Tail","Eternal Feather"],"picked":"Mark of Pain"}],"items_purged_floors":[27],"is_endless":false,"potions_floor_spawned":[1,10,14,16,18,24,28,31,39,46,48],"killed_by":"Awakened One","ascension_level":20}