{"gold_per_floor":[117,132,37,37,37,72,88,115,115,190,190,0,17,29,29,105,105,124,46,46],"floor_reached":20,"playtime":1002,"items_purged":["Strike_G"],"score":352,"play_id":"2ad7c262-34d3-4a59-a74b-084f95e84cb7","local_time":"20181104013108","is_ascension_mode":true,"campfire_choices":[{"floor":11,"key":"REST"},{"floor":15,"key":"REST"}],"neow_cost":"NONE","seed_source_timestamp":2100378014008185,"circlet_count":0,"master_deck":["AscendersBane","Defend_G","Defend_G","Defend_G","Defend_G","Defend_G+1","Strike_G+1","Survivor","Neutralize","Heel Hook","Footwork","Sucker Punch","Well Laid Plans","Burst","Leg Sweep+1","Prepared+1","Choke","Grand Finale","Cloak And Dagger+1","Dodge and Roll+1","Venomology+1","Prepared+1","Acrobatics+1","Prepared+1"],"relics":["Ring of the Snake","NeowsBlessing","Toxic Egg 2","Pocketwatch","Girya","Empty Cage"],"potions_floor_usage":[8,8,18,18,20,20,20],"damage_taken":[{"damage":0,"enemies":"Jaw Worm","floor":1,"turns":1},{"damage":0,"enemies":"Small Slimes","floor":2,"turns":1},{"damage":0,"enemies":"Gremlin Nob","floor":6,"turns":1},{"damage":0,"enemies":"Cultist","floor":7,"turns":4},{"damage":26,"enemies":"3 Sentries","floor":8,"turns":15},{"damage":4,"enemies":"Exordium Wildlife","floor":13,"turns":4},{"damage":7,"enemies":"Large Slime","floor":14,"turns":7},{"damage":7,"enemies":"The Guardian","floor":16,"turns":11},{"damage":12,"enemies":"3 Byrds","floor":18,"turns":6},{"damage":0,"enemies":"Colosseum Slavers","floor":20,"turns":5},{"damage":43,"enemies":"Colosseum Nobs","floor":20,"turns":4}],"seed_played":"-300688216186243392","potions_obtained":[{"floor":6,"key":"SkillPotion"},{"floor":7,"key":"GamblersBrew"},{"floor":14,"key":"FearPotion"},{"floor":16,"key":"Regen Potion"},{"floor":18,"key":"Poison Potion"}],"is_trial":false,"path_per_floor":["M","M","$","?","?","E","M","E","T","?","R","$","M","M","R","B",null,"M","$","?"],"character_chosen":"THE_SILENT","items_purchased":["Sucker Punch","Well Laid Plans","Grand Finale","Cloak And Dagger+1","Acrobatics+1","Prepared+1"],"campfire_rested":2,"item_purchase_floors":[3,3,12,12,19,19],"current_hp_per_floor":[59,59,59,59,46,46,46,20,20,9,28,28,24,17,36,29,57,57,57,14],"gold":46,"neow_bonus":"THREE_ENEMY_KILL","is_prod":false,"is_daily":false,"chose_seed":false,"campfire_upgraded":0,"win_rate":0,"timestamp":1541320268,"path_taken":["M","M","$","?","?","E","M","E","T","?","R","?","?","M","R","BOSS","M","$","?"],"build_version":"2018-11-01","purchased_purges":1,"victory":false,"max_hp_per_floor":[66,66,66,66,66,66,66,66,66,66,66,66,66,66,66,66,66,66,66,66],"card_choices":[{"not_picked":["Quick Slash","Slice"],"picked":"Heel Hook","floor":1},{"not_picked":["Heel Hook","Dagger Spray"],"picked":"Footwork","floor":2},{"not_picked":["Heel Hook","Deflect"],"picked":"Leg Sweep","floor":6},{"not_picked":["Flying Knee","Quick Slash"],"picked":"Prepared+1","floor":7},{"not_picked":["Calculated Gamble+1","Dagger Throw"],"picked":"Choke","floor":8},{"not_picked":["Dagger Spray","Quick Slash","Riddle With Holes"],"picked":"SKIP","floor":13},{"not_picked":["Endless Agony","Deadly Poison+1"],"picked":"Dodge and Roll+1","floor":14},{"not_picked":["Phantasmal Killer+1","Die Die Die"],"picked":"Venomology+1","floor":16},{"not_picked":["Flying Knee","Caltrops"],"picked":"Prepared+1","floor":18}],"player_experience":849673,"relics_obtained":[{"floor":6,"key":"Toxic Egg 2"},{"floor":8,"key":"Pocketwatch"},{"floor":9,"key":"Girya"}],"event_choices":[{"damage_healed":0,"gold_gain":0,"cards_transformed":["Strike_G"],"player_choice":"Change","damage_taken":0,"max_hp_gain":0,"max_hp_loss":0,"event_name":"Living Wall","floor":4,"gold_loss":0,"cards_obtained":["Burst"]},{"damage_healed":0,"gold_gain":0,"player_choice":"Entered Light","damage_taken":13,"max_hp_gain":0,"max_hp_loss":0,"event_name":"Shining Light","floor":5,"gold_loss":0,"cards_upgraded":["Defend_G","Strike_G"]},{"damage_healed":0,"gold_gain":75,"player_choice":"Gather Gold","damage_taken":11,"max_hp_gain":0,"max_hp_loss":0,"event_name":"World of Goop","floor":10,"gold_loss":0},{"damage_healed":0,"gold_gain":0,"player_choice":"Fight","damage_taken":0,"max_hp_gain":0,"max_hp_loss":0,"event_name":"Colosseum","floor":20,"gold_loss":0},{"damage_healed":0,"gold_gain":0,"player_choice":"Fought Nobs","damage_taken":0,"max_hp_gain":0,"max_hp_loss":0,"event_name":"Colosseum","floor":20,"gold_loss":0}],"is_beta":false,"boss_relics":[{"not_picked":["Cursed Key","HoveringKite"],"picked":"Empty Cage"}],"items_purged_floors":[12],"is_endless":false,"potions_floor_spawned":[6,7,14,16,18,20],"killed_by":"Colosseum Nobs","ascension_level":14}