{"gold_per_floor":[110,110,110,128,128,128,8,8,88,103,53,92,92,123,123,222,222,240,240,240,255,278,278],"floor_reached":23,"playtime":5525,"items_purged":[],"score":335,"play_id":"ad5ef60f-2148-4be0-a11d-ae8bd2679fc0","local_time":"20181020165246","is_ascension_mode":true,"campfire_choices":[{"data":"Berserk","floor":6.0,"key":"SMITH"},{"data":"Infernal Blade","floor":8.0,"key":"SMITH"},{"floor":13.0,"key":"REST"},{"floor":15,"key":"REST"}],"neow_cost":"NONE","seed_source_timestamp":0,"circlet_count":0,"master_deck":["Strike_R","Strike_R","Strike_R","Strike_R","Strike_R","Defend_R","Defend_R","Defend_R","Bash","AscendersBane","Berserk+1","Cleave+1","Regret","Battle Trance","Perfected Strike","Infernal Blade+1","Thunderclap","Iron Wave","Spot Weakness","Spot Weakness","Bludgeon","Flex","Rampage","Inflame","Dropkick","Shrug It Off","Flex","Cleave","Rampage+1","Heavy Blade"],"special_seed":0,"relics":["Burning Blood","PreservedInsect","Golden Idol","Blue Candle","Ice Cream","Oddly Smooth Stone","Orrery"],"potions_floor_usage":[16,18,22,23],"damage_taken":[{"damage":6.0,"enemies":"2 Louse","floor":1.0,"turns":3.0},{"damage":2.0,"enemies":"Cultist","floor":4.0,"turns":4.0},{"damage":8.0,"enemies":"Jaw Worm","floor":10.0,"turns":3.0},{"damage":41.0,"enemies":"Lagavulin","floor":12.0,"turns":4.0},{"damage":12,"enemies":"Gremlin Nob","floor":14,"turns":3},{"damage":56,"enemies":"The Guardian","floor":16,"turns":7},{"damage":24,"enemies":"Spheric Guardian","floor":18,"turns":4},{"damage":52,"enemies":"2 Thieves","floor":21,"turns":4},{"damage":11,"enemies":"Centurion and Healer","floor":22,"turns":3},{"damage":13,"enemies":"Book of Stabbing","floor":23,"turns":2}],"seed_played":"-701477181672955248","potions_obtained":[{"floor":12.0,"key":"AttackPotion"},{"floor":14,"key":"FearPotion"},{"floor":16,"key":"Swift Potion"},{"floor":21,"key":"SkillPotion"}],"is_trial":false,"path_per_floor":["M","?","?","M","?","R","$","R","T","M","$","E","R","E","R","B",null,"M","?","?","M","M"],"character_chosen":"IRONCLAD","items_purchased":["Perfected Strike","Infernal Blade","Iron Wave"],"campfire_rested":2,"item_purchase_floors":[7,7,11],"current_hp_per_floor":[68,68,68,72,69,69,69,69,69,67,67,32,52,46,66,16,56,38,38,61,15,10,0],"gold":278,"neow_bonus":"ONE_RANDOM_RARE_CARD","is_prod":false,"is_daily":false,"chose_seed":false,"campfire_upgraded":2,"win_rate":0,"timestamp":1540079566,"path_taken":["M","?","?","M","?","R","$","R","T","M","$","E","R","E","R","BOSS","M","?","?","M","M","E"],"build_version":"2018-10-18","purchased_purges":0,"victory":false,"max_hp_per_floor":[75,75,75,75,69,69,69,69,69,69,69,69,69,69,69,69,69,69,69,69,69,69,69],"card_choices":[{"not_picked":["Headbutt","Second Wind"],"picked":"Cleave","floor":1.0},{"not_picked":["Sentinel","Metallicize"],"picked":"Battle Trance","floor":4.0},{"not_picked":["Disarm","Pommel Strike"],"picked":"Thunderclap","floor":10.0},{"not_picked":["Twin Strike","Havoc"],"picked":"Spot Weakness","floor":12.0},{"not_picked":["Pommel Strike","Combust"],"picked":"Spot Weakness","floor":14},{"not_picked":["Double Tap","Berserk"],"picked":"Bludgeon","floor":16},{"not_picked":["Anger","Power Through"],"picked":"Flex","floor":17},{"not_picked":["Clash","Wild Strike"],"picked":"Rampage","floor":17},{"not_picked":["Sword Boomerang","Corruption"],"picked":"Inflame","floor":17},{"not_picked":["Corruption","Shrug It Off"],"picked":"Dropkick","floor":17},{"not_picked":["Whirlwind","Armaments"],"picked":"Shrug It Off","floor":17},{"not_picked":["Havoc","Combust"],"picked":"Flex","floor":18},{"not_picked":["Dual Wield","Corruption"],"picked":"Rampage+1","floor":21},{"not_picked":["Intimidate","Bludgeon"],"picked":"Heavy Blade","floor":22}],"player_experience":573498,"relics_obtained":[{"floor":9.0,"key":"Blue Candle"},{"floor":12.0,"key":"Ice Cream"},{"floor":14,"key":"Oddly Smooth Stone"}],"event_choices":[{"damage_healed":0.0,"max_hp_gain":0.0,"max_hp_loss":0.0,"gold_gain":0.0,"event_name":"Accursed Blacksmith","player_choice":"Forge","floor":2.0,"gold_loss":0.0,"damage_taken":0.0,"cards_upgraded":["Cleave"]},{"damage_healed":0.0,"max_hp_gain":0.0,"max_hp_loss":0.0,"gold_gain":0.0,"event_name":"Big Fish","player_choice":"Box","floor":3.0,"gold_loss":0.0,"damage_taken":0.0,"relics_obtained":["PreservedInsect"],"cards_obtained":["Regret"]},{"damage_healed":0.0,"max_hp_gain":0.0,"max_hp_loss":6.0,"gold_gain":0.0,"event_name":"Golden Idol","player_choice":"Lose Max HP","floor":5.0,"gold_loss":0.0,"damage_taken":0.0,"relics_obtained":["Golden Idol"]},{"damage_healed":0,"gold_gain":0,"cards_transformed":["Defend_R"],"player_choice":"Transformed","damage_taken":0,"max_hp_gain":0,"max_hp_loss":0,"event_name":"Transmorgrifier","floor":19,"gold_loss":0,"cards_obtained":["Cleave"]},{"damage_healed":23,"gold_gain":0,"player_choice":"Heal","damage_taken":0,"max_hp_gain":0,"max_hp_loss":0,"event_name":"The Library","floor":20,"gold_loss":0}],"is_beta":false,"boss_relics":[{"not_picked":["Runic Cube","Cursed Key"],"picked":"Orrery"}],"items_purged_floors":[],"is_endless":false,"potions_floor_spawned":[12,14,16,21],"killed_by":"Book of Stabbing","ascension_level":14}