{"gold_per_floor":[113,130,4,4,4,38,38,53,53,72,97,117,129,160,160,160],"floor_reached":16,"playtime":357,"items_purged":["Strike_G"],"score":265,"play_id":"804afa1f-fa6c-4b2f-ad30-3b983319845e","local_time":"20190113154830","is_ascension_mode":true,"campfire_choices":[{"data":"Crippling Poison","floor":7,"key":"SMITH"},{"data":"Reflex","floor":15,"key":"SMITH"}],"neow_cost":"NONE","seed_source_timestamp":390077771974376,"circlet_count":0,"master_deck":["AscendersBane","Defend_G","Defend_G","Defend_G","Defend_G","Defend_G","Strike_G","Strike_G","Strike_G","Strike_G","Survivor","Neutralize","Acrobatics","Backflip","Poisoned Stab","Crippling Poison+1","Flying Knee","Crippling Poison","Dagger Spray","Reflex+1","Caltrops+1"],"relics":["Ring of the Snake","NeowsBlessing","Turnip","Lantern","Sundial","Mercury Hourglass","Frozen Egg 2","Snake Skull"],"potions_floor_usage":[11,14,16,16],"damage_taken":[{"damage":0,"enemies":"Cultist","floor":1,"turns":1},{"damage":0,"enemies":"Jaw Worm","floor":2,"turns":1},{"damage":0,"enemies":"Lagavulin","floor":6,"turns":1},{"damage":3,"enemies":"Small Slimes","floor":8,"turns":3},{"damage":0,"enemies":"2 Fungi Beasts","floor":10,"turns":2},{"damage":4,"enemies":"3 Sentries","floor":11,"turns":5},{"damage":1,"enemies":"Blue Slaver","floor":12,"turns":3},{"damage":0,"enemies":"3 Louse","floor":13,"turns":2},{"damage":11,"enemies":"Gremlin Nob","floor":14,"turns":4},{"damage":32,"enemies":"Slime Boss","floor":16,"turns":5}],"seed_played":"5750659056491968704","potions_obtained":[{"floor":2,"key":"Fire Potion"},{"floor":8,"key":"SpeedPotion"},{"floor":11,"key":"EssenceOfSteel"},{"floor":14,"key":"Poison Potion"}],"is_trial":false,"path_per_floor":["M","M","$","T","?","E","R","M","T","M","E","M","M","E","R","B"],"character_chosen":"THE_SILENT","items_purchased":["Poisoned Stab"],"campfire_rested":0,"item_purchase_floors":[3],"current_hp_per_floor":[59,59,59,59,48,48,48,45,45,45,41,40,40,29,29,0],"gold":160,"neow_bonus":"THREE_ENEMY_KILL","is_prod":false,"is_daily":false,"chose_seed":false,"campfire_upgraded":2,"win_rate":0,"timestamp":1547423310,"path_taken":["M","M","$","?","?","E","R","?","T","M","E","M","M","E","R","BOSS"],"build_version":"2019-01-10","purchased_purges":1,"victory":false,"max_hp_per_floor":[66,66,66,66,66,66,66,66,66,66,66,66,66,66,66,66],"card_choices":[{"not_picked":["Quick Slash","Slice"],"picked":"Acrobatics","floor":1},{"not_picked":["Sucker Punch","Masterful Stab"],"picked":"Backflip","floor":2},{"not_picked":["Flechettes","A Thousand Cuts"],"picked":"Crippling Poison","floor":6},{"not_picked":["Acrobatics","Cloak And Dagger"],"picked":"Flying Knee","floor":8},{"not_picked":["Dodge and Roll","Eviscerate","Quick Slash"],"picked":"SKIP","floor":10},{"not_picked":["Dagger Throw","Prepared"],"picked":"Crippling Poison","floor":11},{"not_picked":["Underhanded Strike","Distraction"],"picked":"Dagger Spray","floor":12},{"not_picked":["Blur","Terror"],"picked":"Reflex","floor":13},{"not_picked":["Dodge and Roll","Deflect"],"picked":"Caltrops+1","floor":14}],"player_experience":1066624,"relics_obtained":[{"floor":4,"key":"Turnip"},{"floor":6,"key":"Sundial"},{"floor":9,"key":"Mercury Hourglass"},{"floor":11,"key":"Frozen Egg 2"},{"floor":14,"key":"Snake Skull"}],"event_choices":[{"damage_healed":0,"gold_gain":0,"player_choice":"Success","damage_taken":11,"relics_obtained":["Lantern"],"max_hp_gain":0,"max_hp_loss":0,"event_name":"Scrap Ooze","floor":5,"gold_loss":0}],"is_beta":false,"boss_relics":[],"items_purged_floors":[3],"is_endless":false,"potions_floor_spawned":[2,8,11,12,14],"killed_by":"Slime Boss","ascension_level":16}