{"gold_per_floor":[117,130,148,148,158,188,188,204,231,265,265,62,62,77,77,177,177,187,187,187,19,19,45,45],"floor_reached":24,"playtime":953,"items_purged":["Pain","Decay"],"score":271,"play_id":"4a9afd05-6611-4f2c-8887-40af5cc06386","local_time":"20181024151048","is_ascension_mode":true,"campfire_choices":[{"data":"Dash","floor":7,"key":"SMITH"},{"floor":15,"key":"REST"}],"neow_cost":"NONE","seed_source_timestamp":1205676585607220,"circlet_count":0,"master_deck":["Defend_G","Defend_G","Defend_G","Defend_G","Defend_G","Survivor","Neutralize","Dash","Sucker Punch","Bane","Dash+1","Outmaneuver","Deadly Poison","Burst+1","Bane","Bite","Bite","Bite","Bite","Bite","Infinite Blades","Cloak And Dagger"],"relics":["Ring of the Snake","NeowsBlessing","Girya","Bag of Marbles","Orichalcum","WarpedTongs","Unceasing Top","Black Star","Anchor","Smiling Mask"],"potions_floor_usage":[5,18,23],"damage_taken":[{"damage":0,"enemies":"Cultist","floor":1,"turns":1},{"damage":0,"enemies":"Jaw Worm","floor":2,"turns":1},{"damage":0,"enemies":"Small Slimes","floor":3,"turns":1},{"damage":30,"enemies":"Gremlin Gang","floor":5,"turns":5},{"damage":8,"enemies":"Gremlin Nob","floor":6,"turns":5},{"damage":5,"enemies":"Exordium Wildlife","floor":8,"turns":6},{"damage":15,"enemies":"Lagavulin","floor":10,"turns":7},{"damage":0,"enemies":"3 Louse","floor":14,"turns":4},{"damage":18,"enemies":"The Guardian","floor":16,"turns":9},{"damage":25,"enemies":"Spheric Guardian","floor":18,"turns":6},{"damage":48,"enemies":"Slavers","floor":23,"turns":9},{"damage":36,"enemies":"Masked Bandits","floor":24,"turns":3}],"seed_played":"5168093455241686755","potions_obtained":[{"floor":1,"key":"Explosive Potion"},{"floor":3,"key":"LiquidBronze"},{"floor":5,"key":"Weak Potion"},{"floor":14,"key":"Energy Potion"},{"floor":18,"key":"Strength Potion"}],"is_trial":false,"path_per_floor":["M","M","M","?","M","E","R","M","T","E","?","$","T","M","R","B",null,"M","?","?","$","?","E"],"character_chosen":"THE_SILENT","items_purchased":["Deadly Poison","Burst","Infinite Blades"],"campfire_rested":1,"item_purchase_floors":[12,12,21],"current_hp_per_floor":[70,70,70,70,40,32,32,27,27,12,12,12,12,12,33,15,70,45,45,45,45,45,19,0],"gold":45,"neow_bonus":"THREE_ENEMY_KILL","is_prod":false,"is_daily":false,"chose_seed":false,"campfire_upgraded":1,"win_rate":0,"timestamp":1540408248,"path_taken":["M","M","?","?","M","E","R","M","T","E","?","$","?","M","R","BOSS","M","?","?","$","?","E","?"],"build_version":"2018-10-18","purchased_purges":2,"victory":false,"max_hp_per_floor":[70,70,70,70,70,70,70,70,70,70,70,70,70,70,70,70,70,70,49,49,49,49,49,49],"card_choices":[{"not_picked":["Flying Knee","Accuracy"],"picked":"Dash","floor":1},{"not_picked":["Endless Agony","PiercingWail","Calculated Gamble"],"picked":"SKIP","floor":2},{"not_picked":["Acrobatics","Riddle With Holes"],"picked":"Sucker Punch","floor":3},{"not_picked":["Dagger Spray","Outmaneuver"],"picked":"Bane","floor":5},{"not_picked":["Prepared","Caltrops"],"picked":"Dash","floor":6},{"not_picked":["Choke","Blade Dance"],"picked":"Outmaneuver","floor":8},{"not_picked":["Concentrate","Heel Hook","Calculated Gamble"],"picked":"SKIP","floor":10},{"not_picked":["Flechettes","Acrobatics"],"picked":"Bane","floor":14},{"not_picked":["Slice","Prepared","Riddle With Holes+1"],"picked":"SKIP","floor":18},{"not_picked":["Choke+1","Well Laid Plans"],"picked":"Cloak And Dagger","floor":23}],"player_experience":254531,"relics_obtained":[{"floor":6,"key":"Girya"},{"floor":9,"key":"Bag of Marbles"},{"floor":10,"key":"Orichalcum"},{"floor":13,"key":"Unceasing Top"},{"floor":23,"key":"Anchor"},{"floor":23,"key":"Smiling Mask"}],"event_choices":[{"cards_removed":["Strike_G"],"damage_healed":0,"gold_gain":0,"player_choice":"Offered Basic","damage_taken":0,"max_hp_gain":0,"max_hp_loss":0,"event_name":"Bonfire Elementals","floor":4,"gold_loss":0},{"damage_healed":0,"gold_gain":0,"player_choice":"Rummage","damage_taken":0,"relics_obtained":["WarpedTongs"],"max_hp_gain":0,"max_hp_loss":0,"event_name":"Accursed Blacksmith","floor":11,"gold_loss":0,"cards_obtained":["Pain"]},{"damage_healed":0,"gold_gain":0,"player_choice":"Became a vampire","damage_taken":0,"max_hp_gain":0,"max_hp_loss":21,"event_name":"Vampires","floor":19,"gold_loss":0,"cards_obtained":["Bite","Bite","Bite","Bite","Bite"]},{"damage_healed":0,"gold_gain":0,"player_choice":"Cursed","damage_taken":0,"max_hp_gain":0,"max_hp_loss":0,"event_name":"Wheel of Change","floor":20,"gold_loss":0,"cards_obtained":["Decay"]},{"damage_healed":0,"gold_gain":0,"player_choice":"Upgraded","damage_taken":0,"max_hp_gain":0,"max_hp_loss":0,"event_name":"Upgrade Shrine","floor":22,"gold_loss":0,"cards_upgraded":["Burst"]},{"damage_healed":0,"gold_gain":0,"player_choice":"Fought Bandits","damage_taken":0,"max_hp_gain":0,"max_hp_loss":0,"event_name":"Masked Bandits","floor":24,"gold_loss":0}],"is_beta":false,"boss_relics":[{"not_picked":["Snecko Eye","Ring of the Serpent"],"picked":"Black Star"}],"items_purged_floors":[12,21],"is_endless":false,"potions_floor_spawned":[1,3,5,14,18],"killed_by":"Masked Bandits","ascension_level":2}