{"gold_per_floor":[212,162,50,24,24,24,24,199,224,236,260,291,330,354,366,479,491,516,528,558,570,582,594,606],"floor_reached":24,"playtime":519,"items_purged":["Dualcast"],"score":233,"play_id":"94ece846-cc24-4aed-aa45-0db0ae20181d","local_time":"20181015091432","is_ascension_mode":true,"campfire_choices":[{"data":"Gash","floor":6,"key":"SMITH"},{"data":"Lockon","floor":10,"key":"SMITH"},{"floor":15,"key":"REST"},{"floor":23,"key":"REST"}],"neow_cost":"NONE","seed_source_timestamp":400657233654021,"circlet_count":0,"master_deck":["Strike_B","Strike_B","Strike_B","Defend_B","Defend_B","Defend_B","Defend_B","Zap","Gash+1","Lockon+1","Doubt","Skim","FTL","Sunder","Steam","Rainbow","Ball Lightning","Gash+1"],"relics":["Cracked Core","MawBank","Torii","Inserter"],"potions_floor_usage":[13,16,21],"damage_taken":[{"damage":0,"enemies":"Cultist","floor":1,"turns":3},{"damage":3,"enemies":"2 Louse","floor":11,"turns":3},{"damage":3,"enemies":"Jaw Worm","floor":12,"turns":4},{"damage":35,"enemies":"3 Sentries","floor":13,"turns":9},{"damage":6,"enemies":"Exordium Thugs","floor":14,"turns":3},{"damage":43,"enemies":"Slime Boss","floor":16,"turns":11},{"damage":29,"enemies":"Shell Parasite","floor":18,"turns":7},{"damage":26,"enemies":"Spheric Guardian","floor":20,"turns":4},{"damage":0,"enemies":"Snake Plant","floor":21,"turns":1},{"damage":27,"enemies":"Slavers","floor":24,"turns":2}],"seed_played":"4000285221200961149","potions_obtained":[{"floor":1,"key":"Poison Potion"},{"floor":11,"key":"Dexterity Potion"},{"floor":16,"key":"SmokeBomb"},{"floor":20,"key":"Ancient Potion"}],"is_trial":false,"path_per_floor":["M","?","$","?","$","R","$","?","T","R","M","M","E","M","R","B",null,"M","?","M","M","?","R"],"character_chosen":"DEFECT","items_purchased":["Lockon"],"campfire_rested":2,"item_purchase_floors":[3],"current_hp_per_floor":[75,75,75,75,75,75,75,75,75,75,72,69,34,28,50,7,75,46,32,6,6,6,30,3],"gold":606,"neow_bonus":"HUNDRED_GOLD","is_prod":false,"is_daily":false,"chose_seed":false,"campfire_upgraded":2,"win_rate":0,"timestamp":1539620072,"path_taken":["M","?","$","?","?","R","$","?","T","R","M","?","E","M","R","BOSS","M","?","?","M","?","R","E"],"build_version":"2018-10-11","purchased_purges":1,"victory":false,"max_hp_per_floor":[75,75,75,75,75,75,75,75,75,75,75,75,75,75,75,75,75,75,80,80,80,80,80,80],"card_choices":[{"not_picked":["Storm","Doom and Gloom"],"picked":"Gash","floor":1},{"not_picked":["Barrage","Compile Driver"],"picked":"Skim","floor":11},{"not_picked":["Stack","Compile Driver"],"picked":"FTL","floor":12},{"not_picked":["Skim","Recycle"],"picked":"Sunder","floor":13},{"not_picked":["Leap","Turbo"],"picked":"Steam","floor":14},{"not_picked":["Echo Form","Amplify"],"picked":"Rainbow","floor":16},{"not_picked":["Blizzard","Static Discharge"],"picked":"Ball Lightning","floor":18},{"not_picked":["Go for the Eyes","Streamline"],"picked":"Gash+1","floor":20}],"player_experience":512812,"relics_obtained":[{"floor":9,"key":"MawBank"},{"floor":13,"key":"Torii"}],"event_choices":[{"event_name":"The Cleric","player_choice":"Card Removal","floor":2,"damage_taken":0},{"event_name":"World of Goop","player_choice":"Left","floor":4,"damage_taken":0},{"event_name":"Liars Game","player_choice":"agreed","floor":8,"damage_taken":0},{"event_name":"Forgotten Altar","player_choice":"Shed Blood","floor":19,"damage_taken":0},{"event_name":"Cursed Tome","player_choice":"Ignored","floor":22,"damage_taken":0}],"is_beta":false,"boss_relics":[{"not_picked":["Pandora\u0027s Box","Astrolabe"],"picked":"Inserter"}],"items_purged_floors":[3],"is_endless":false,"potions_floor_spawned":[1,11,16,20],"killed_by":"Slavers","ascension_level":4}