{"gold_per_floor":[359,509,528,453,41,53,81,95,95,95,114,147,163,183,183,259,259,273,18,35,46,17,17,35,35,35,35,35,48,48,48,48,48],"floor_reached":33,"playtime":2202,"items_purged":["Injury"],"score":556,"play_id":"884a96bd-e953-4b31-9ec1-3f832ab82c87","local_time":"20190115105836","is_ascension_mode":true,"campfire_choices":[{"floor":10,"key":"REST"},{"data":"Dagger Spray","floor":15,"key":"SMITH"},{"data":"Footwork","floor":23,"key":"SMITH"},{"data":"Dagger Spray","floor":28,"key":"SMITH"},{"floor":30,"key":"REST"},{"data":"Corpse Explosion","floor":32,"key":"SMITH"}],"neow_cost":"CURSE","seed_source_timestamp":543640580591048,"circlet_count":0,"master_deck":["AscendersBane","Defend_G+1","Defend_G+1","Defend_G","Strike_G","Strike_G","Strike_G","Strike_G","Survivor","Neutralize","PiercingWail","Backstab","Deflect","Terror","Dodge and Roll","Dash","Well Laid Plans","Quick Slash","Slice","Dagger Spray+1","Poisoned Stab","Corpse Explosion+1","Caltrops+1","Predator+1","Outmaneuver+1","Dagger Spray+1","Footwork+1","Cloak And Dagger","Endless Agony+1"],"relics":["Ring of the Snake","War Paint","Pantograph","Turnip","Pocketwatch","Astrolabe","TwistedFunnel","Tingsha"],"potions_floor_usage":[7,12,16,16,20,20,24],"damage_taken":[{"damage":3,"enemies":"Small Slimes","floor":1,"turns":5},{"damage":0,"enemies":"2 Louse","floor":3,"turns":4},{"damage":0,"enemies":"Jaw Worm","floor":6,"turns":3},{"damage":33,"enemies":"Gremlin Nob","floor":7,"turns":5},{"damage":0,"enemies":"Large Slime","floor":8,"turns":8},{"damage":1,"enemies":"Looter","floor":11,"turns":4},{"damage":1,"enemies":"3 Sentries","floor":12,"turns":10},{"damage":0,"enemies":"3 Louse","floor":13,"turns":5},{"damage":0,"enemies":"Exordium Wildlife","floor":14,"turns":4},{"damage":0,"enemies":"Slime Boss","floor":16,"turns":6},{"damage":11,"enemies":"Spheric Guardian","floor":18,"turns":4},{"damage":0,"enemies":"Chosen","floor":20,"turns":4},{"damage":0,"enemies":"3 Cultists","floor":21,"turns":3},{"damage":9,"enemies":"Snake Plant","floor":24,"turns":4},{"damage":22,"enemies":"Colosseum Slavers","floor":27,"turns":3},{"damage":1,"enemies":"Centurion and Healer","floor":29,"turns":4},{"damage":70,"enemies":"Champ","floor":33,"turns":11}],"seed_played":"-8528566092724762481","potions_obtained":[{"floor":7,"key":"SteroidPotion"},{"floor":8,"key":"SneckoOil"},{"floor":11,"key":"Fire Potion"},{"floor":12,"key":"SkillPotion"},{"floor":16,"key":"EntropicBrew"},{"floor":20,"key":"LiquidBronze"}],"is_trial":false,"path_per_floor":["M","?","M","?","$","M","E","M","T","R","M","E","M","M","R","B",null,"M","$","M","M","$","R","M","?","T","?","R","M","R","?","R","B"],"character_chosen":"THE_SILENT","items_purchased":["War Paint","Deflect","Terror","Poison Potion","TwistedFunnel","Footwork","Cloak And Dagger"],"campfire_rested":2,"item_purchase_floors":[5,5,5,5,19,19,22],"current_hp_per_floor":[56,56,56,56,56,56,23,23,23,42,41,40,40,40,40,65,66,55,55,55,55,55,55,46,46,46,24,24,23,42,42,42,0],"gold":48,"neow_bonus":"TWO_FIFTY_GOLD","is_prod":false,"is_daily":false,"chose_seed":false,"campfire_upgraded":4,"win_rate":0,"timestamp":1547578716,"path_taken":["M","?","M","?","$","M","E","M","T","R","M","E","M","M","R","BOSS","M","$","M","M","$","R","M","?","T","?","R","M","R","?","R","BOSS"],"build_version":"2019-01-10","purchased_purges":1,"victory":false,"max_hp_per_floor":[66,66,66,66,66,66,66,66,66,66,66,66,66,66,66,66,66,66,66,66,66,66,66,66,66,66,66,66,66,66,66,66,66],"card_choices":[{"not_picked":["Acrobatics","Blade Dance"],"picked":"PiercingWail","floor":1},{"not_picked":["Expertise","Acrobatics"],"picked":"Backstab","floor":3},{"not_picked":["Prepared","PiercingWail"],"picked":"Dodge and Roll","floor":6},{"not_picked":["Heel Hook","Riddle With Holes"],"picked":"Dash","floor":7},{"not_picked":["Finisher","Flying Knee"],"picked":"Well Laid Plans","floor":8},{"not_picked":["Prepared","Blade Dance"],"picked":"Quick Slash","floor":11},{"not_picked":["Night Terror","Envenom"],"picked":"Slice","floor":12},{"not_picked":["Well Laid Plans","Underhanded Strike"],"picked":"Dagger Spray","floor":13},{"not_picked":["Masterful Stab","Bane"],"picked":"Poisoned Stab","floor":14},{"not_picked":["Night Terror","Doppelganger"],"picked":"Corpse Explosion","floor":16},{"not_picked":["Deadly Poison","PiercingWail"],"picked":"Dagger Spray","floor":18},{"not_picked":["Expertise","Infinite Blades","Sucker Punch"],"picked":"SKIP","floor":20},{"not_picked":["Poisoned Stab","Dagger Spray","Outmaneuver"],"picked":"SKIP","floor":21},{"not_picked":["Dodge and Roll","Deflect","Well Laid Plans"],"picked":"SKIP","floor":24},{"not_picked":["Infinite Blades","Finisher"],"picked":"Endless Agony+1","floor":29}],"player_experience":1068664,"relics_obtained":[{"floor":7,"key":"Pantograph"},{"floor":9,"key":"Turnip"},{"floor":12,"key":"Pocketwatch"},{"floor":26,"key":"Tingsha"}],"event_choices":[{"damage_healed":0,"gold_gain":150,"player_choice":"AGREE","damage_taken":0,"max_hp_gain":0,"max_hp_loss":0,"event_name":"Liars Game","floor":2,"gold_loss":0,"cards_obtained":["Doubt"]},{"cards_removed":["Doubt"],"damage_healed":0,"gold_gain":0,"player_choice":"Card Removal","damage_taken":0,"max_hp_gain":0,"max_hp_loss":0,"event_name":"The Cleric","floor":4,"gold_loss":75},{"damage_healed":0,"gold_gain":0,"player_choice":"Fight","damage_taken":0,"max_hp_gain":0,"max_hp_loss":0,"event_name":"Colosseum","floor":27,"gold_loss":0},{"damage_healed":0,"gold_gain":0,"player_choice":"Fled From Nobs","damage_taken":0,"max_hp_gain":0,"max_hp_loss":0,"event_name":"Colosseum","floor":27,"gold_loss":0},{"damage_healed":0,"gold_gain":0,"player_choice":"Ignored","damage_taken":0,"max_hp_gain":0,"max_hp_loss":0,"event_name":"The Mausoleum","floor":31,"gold_loss":0}],"is_beta":false,"boss_relics":[{"not_picked":["Busted Crown","Calling Bell"],"picked":"Astrolabe"}],"items_purged_floors":[5],"is_endless":false,"potions_floor_spawned":[7,8,11,12,16,20,21,27],"killed_by":"Champ","ascension_level":16}