{"gold_per_floor":[213,213,3,23,23,23,54,54,54,54,54,54,54,79,79,151,151,163,183,183,28,40,40,75,85,162,162,162,47,62,3,3,75,75,92,102,102,102,113,113,127,127,127,127,27,27,46,71,71,71,71],"floor_reached":51,"playtime":3331,"items_purged":["Strike_B","Strike_B"],"score":1348,"play_id":"d26a8d62-0ea8-4cf2-bf9b-564a69c18860","local_time":"20190406211524","is_ascension_mode":true,"campfire_choices":[{"floor":6.0,"key":"REST"},{"data":"Darkness","floor":8.0,"key":"SMITH"},{"data":"Darkness","floor":12.0,"key":"SMITH"},{"data":"Hologram","floor":15.0,"key":"SMITH"},{"floor":23,"key":"REST"},{"floor":28,"key":"REST"},{"floor":32,"key":"REST"},{"data":"Redo","floor":40,"key":"SMITH"},{"data":"Redo","floor":42,"key":"SMITH"},{"data":"Thinking Ahead","floor":44,"key":"SMITH"},{"floor":49,"key":"RECALL"}],"neow_cost":"NONE","seed_source_timestamp":88911939979109,"circlet_count":0,"master_deck":["AscendersBane","Defend_B","Defend_B","Defend_B","Zap","Dualcast","Darkness+1","Undo","Go for the Eyes","Darkness+1","Hologram+1","Buffer+1","Coolheaded+1","Self Repair+1","FTL","Coolheaded+1","Defragment+1","Redo+1","Sunder+1","Chill","Thinking Ahead+1","Redo+1","BootSequence","Capacitor+1","Hologram"],"special_seed":0,"relics":["Cracked Core","Bronze Scales","Happy Flower","Frozen Egg 2","Orichalcum","Nunchaku","Empty Cage","Blue Candle","Cables","Vajra","Nuclear Battery","Dream Catcher"],"potions_floor_usage":[22,35,36,47,48],"damage_taken":[{"damage":4.0,"enemies":"Jaw Worm","floor":1.0,"turns":4.0},{"damage":1.0,"enemies":"Cultist","floor":4.0,"turns":3.0},{"damage":22.0,"enemies":"3 Sentries","floor":7.0,"turns":6.0},{"damage":34.0,"enemies":"Gremlin Nob","floor":14.0,"turns":4.0},{"damage":10.0,"enemies":"Slime Boss","floor":16.0,"turns":4.0},{"damage":0.0,"enemies":"Chosen","floor":18.0,"turns":5.0},{"damage":11.0,"enemies":"2 Thieves","floor":19.0,"turns":4.0},{"damage":16,"enemies":"Colosseum Slavers","floor":20,"turns":4},{"damage":9,"enemies":"Shelled Parasite and Fungi","floor":22,"turns":4},{"damage":19,"enemies":"Gremlin Leader","floor":24,"turns":9},{"damage":16,"enemies":"Snake Plant","floor":25,"turns":4},{"damage":11,"enemies":"Cultist and Chosen","floor":30,"turns":6},{"damage":11,"enemies":"Champ","floor":33,"turns":13},{"damage":11,"enemies":"3 Shapes","floor":35,"turns":4},{"damage":5,"enemies":"Orb Walker","floor":36,"turns":3},{"damage":33,"enemies":"Spire Growth","floor":39,"turns":5},{"damage":0,"enemies":"Maw","floor":41,"turns":8},{"damage":1,"enemies":"Writhing Mass","floor":47,"turns":5},{"damage":9,"enemies":"Nemesis","floor":48,"turns":7},{"damage":51,"enemies":"Donu and Deca","floor":50,"turns":10},{"damage":31,"enemies":"Time Eater","floor":51,"turns":2}],"seed_played":"7773769760679082032","potions_obtained":[{"floor":4.0,"key":"AttackPotion"},{"floor":18.0,"key":"SpeedPotion"},{"floor":30,"key":"Swift Potion"},{"floor":33,"key":"AttackPotion"},{"floor":35,"key":"Weak Potion"},{"floor":41,"key":"Block Potion"}],"is_trial":false,"path_per_floor":["M","?","$","M","?","R","E","R","T","?","?","R","$","E","R","B",null,"M","M","?","$","M","R","E","M","T","?","R","$","M","?","R","B",null,"M","M","?","?","M","R","M","R","T","R","$","?","M","E","R","B","B"],"character_chosen":"DEFECT","items_purchased":["Bronze Scales","Undo","Self Repair+1","Defragment+1","Redo"],"campfire_rested":4,"item_purchase_floors":[3,3,21,29,29],"current_hp_per_floor":[60,50,50,49,38,59,37,37,37,60,60,60,60,26,26,16,57,57,46,30,30,21,42,33,27,27,7,29,29,28,28,50,49,69,68,73,73,68,45,45,55,55,55,55,55,55,64,65,65,24,0],"gold":71,"neow_bonus":"HUNDRED_GOLD","is_prod":false,"is_daily":false,"chose_seed":false,"campfire_upgraded":6,"win_rate":0,"timestamp":1554606924,"path_taken":["M","?","$","?","?","R","E","R","T","?","?","R","?","E","R","BOSS","M","M","?","$","M","R","E","M","T","?","R","$","M","?","R","BOSS","M","M","?","?","M","R","M","R","T","R","$","?","M","E","R","BOSS","BOSS"],"build_version":"2019-04-04","purchased_purges":2,"victory":false,"max_hp_per_floor":[71,71,71,71,71,71,71,71,71,71,71,71,71,71,71,71,71,71,71,71,71,71,71,71,71,71,76,76,76,76,76,76,76,76,76,76,76,76,76,76,76,76,76,76,76,76,76,76,76,76,76],"card_choices":[{"not_picked":["Conserve Battery","Stack"],"picked":"Darkness","floor":1.0},{"not_picked":["Force Field","Compile Driver"],"picked":"Go for the Eyes","floor":4.0},{"not_picked":["Rebound","Steam"],"picked":"Darkness","floor":7.0},{"not_picked":["Ball Lightning","Fusion"],"picked":"Hologram","floor":14.0},{"not_picked":["Core Surge","Fission"],"picked":"Buffer+1","floor":16.0},{"not_picked":["Gash","Steam Power+1"],"picked":"Coolheaded","floor":18.0},{"not_picked":["Ball Lightning","Leap","Fusion"],"picked":"SKIP","floor":19.0},{"not_picked":["Cold Snap","Rip and Tear+1","Stack+1"],"picked":"SKIP","floor":22},{"not_picked":["Stack","Compile Driver"],"picked":"FTL","floor":24},{"not_picked":["White Noise","Skim"],"picked":"Coolheaded+1","floor":25},{"not_picked":["Ball Lightning","Scrape","Stack"],"picked":"SKIP","floor":30},{"not_picked":["Gash","Barrage"],"picked":"Sunder+1","floor":35},{"not_picked":["Recycle","Beam Cell"],"picked":"Chill","floor":36},{"not_picked":["Chrysalis","Mind Blast"],"picked":"Thinking Ahead","floor":38},{"not_picked":["Stack","Turbo"],"picked":"Redo","floor":39},{"not_picked":["Streamline","Recycle"],"picked":"BootSequence","floor":41},{"not_picked":["Hologram","Redo"],"picked":"Capacitor+1","floor":47},{"not_picked":["Doom and Gloom","Stack"],"picked":"Hologram","floor":48}],"player_experience":2779934,"relics_obtained":[{"floor":7.0,"key":"Frozen Egg 2"},{"floor":9.0,"key":"Orichalcum"},{"floor":14.0,"key":"Nunchaku"},{"floor":24,"key":"Blue Candle"},{"floor":26,"key":"Cables"},{"floor":48,"key":"Dream Catcher"}],"event_choices":[{"damage_healed":0.0,"max_hp_gain":0.0,"max_hp_loss":0.0,"gold_gain":0.0,"event_name":"Wheel of Change","player_choice":"Damaged","floor":2.0,"gold_loss":0.0,"damage_taken":10.0},{"damage_healed":0.0,"max_hp_gain":0.0,"max_hp_loss":0.0,"gold_gain":0.0,"event_name":"Scrap Ooze","player_choice":"Success","floor":5.0,"gold_loss":0.0,"damage_taken":11.0,"relics_obtained":["Happy Flower"]},{"damage_healed":23.0,"max_hp_gain":0.0,"max_hp_loss":0.0,"gold_gain":0.0,"event_name":"Big Fish","player_choice":"Banana","floor":10.0,"gold_loss":0.0,"damage_taken":0.0},{"damage_healed":0.0,"max_hp_gain":0.0,"max_hp_loss":0.0,"gold_gain":0.0,"event_name":"Liars Game","player_choice":"Ignored","floor":11.0,"gold_loss":0.0,"damage_taken":0.0},{"damage_healed":0,"gold_gain":0,"player_choice":"Fight","damage_taken":0,"max_hp_gain":0,"max_hp_loss":0,"event_name":"Colosseum","floor":20,"gold_loss":0},{"damage_healed":0,"gold_gain":0,"player_choice":"Fled From Nobs","damage_taken":0,"max_hp_gain":0,"max_hp_loss":0,"event_name":"Colosseum","floor":20,"gold_loss":0},{"damage_healed":0,"gold_gain":0,"player_choice":"Shed Blood","damage_taken":25,"max_hp_gain":5,"max_hp_loss":0,"event_name":"Forgotten Altar","floor":27,"gold_loss":0},{"damage_healed":0,"gold_gain":0,"player_choice":"Paid Gold","damage_taken":0,"relics_obtained":["Vajra"],"max_hp_gain":0,"max_hp_loss":0,"event_name":"WeMeetAgain","floor":31,"gold_loss":59},{"cards_removed":["Defend_B"],"damage_healed":0,"gold_gain":0,"player_choice":"Removed Skill","damage_taken":0,"max_hp_gain":0,"max_hp_loss":0,"event_name":"Falling","floor":37,"gold_loss":0},{"damage_healed":0,"gold_gain":0,"player_choice":"Memory 2","damage_taken":5,"max_hp_gain":0,"max_hp_loss":0,"event_name":"SensoryStone","floor":38,"gold_loss":0},{"damage_healed":0,"gold_gain":0,"player_choice":"Forge","damage_taken":0,"max_hp_gain":0,"max_hp_loss":0,"event_name":"Accursed Blacksmith","floor":46,"gold_loss":0,"cards_upgraded":["Coolheaded"]}],"is_beta":true,"boss_relics":[{"not_picked":["Philosopher\u0027s Stone","Tiny House"],"picked":"Empty Cage"},{"not_picked":["Busted Crown","FrozenCore"],"picked":"Nuclear Battery"}],"items_purged_floors":[21,45],"is_endless":false,"potions_floor_spawned":[4,18,20,30,33,35,41],"killed_by":"Time Eater","ascension_level":20}