{"gold_per_floor":[10,10,35,53,53,53,53,30,30,30,30,48,66,110,110,234,234,247,247,41,54,6,6,37,55,55,32,57,76,92,92],"floor_reached":31,"playtime":709,"items_purged":[],"score":334,"play_id":"bd42070b-c63b-470a-b5b4-61cdf5613300","local_time":"20181017003223","is_ascension_mode":true,"campfire_choices":[{"data":"Biased Cognition","floor":6,"key":"SMITH"},{"floor":15,"key":"REST"},{"floor":23,"key":"REST"}],"neow_cost":"NO_GOLD","seed_source_timestamp":541935502657912,"circlet_count":0,"master_deck":["Strike_B","Strike_B","Strike_B","Defend_B","Defend_B","Zap","Dualcast","Biased Cognition+1","Conserve Battery","Rebound","Defragment","Steam","Melter","Steam","Chaos","Biased Cognition","Skim+1","BootSequence","Ball Lightning","Storm","Heatsinks","Steam","FTL+1","Sunder+1","Cold Snap+1"],"relics":["Cracked Core","Golden Idol","Cables","Question Card","White Beast Statue","Enchiridion","Sling","Blue Candle","Molten Egg 2"],"potions_floor_usage":[12,16,16,25,29],"damage_taken":[{"damage":7,"enemies":"Jaw Worm","floor":1,"turns":2},{"damage":8,"enemies":"2 Louse","floor":3,"turns":3},{"damage":0,"enemies":"Cultist","floor":4,"turns":2},{"damage":14,"enemies":"Gremlin Gang","floor":12,"turns":2},{"damage":0,"enemies":"Large Slime","floor":13,"turns":3},{"damage":8,"enemies":"Lagavulin","floor":14,"turns":5},{"damage":33,"enemies":"Hexaghost","floor":16,"turns":8},{"damage":5,"enemies":"3 Byrds","floor":18,"turns":3},{"damage":0,"enemies":"Spheric Guardian","floor":21,"turns":1},{"damage":13,"enemies":"Gremlin Leader","floor":24,"turns":6},{"damage":7,"enemies":"Centurion and Healer","floor":25,"turns":6},{"damage":28,"enemies":"Shelled Parasite and Fungi","floor":28,"turns":3},{"damage":0,"enemies":"3 Cultists","floor":29,"turns":4},{"damage":0,"enemies":"Cultist and Chosen","floor":30,"turns":4},{"damage":18,"enemies":"Slavers","floor":31,"turns":1}],"seed_played":"6838381785064340800","potions_obtained":[{"floor":1,"key":"PowerPotion"},{"floor":12,"key":"Poison Potion"},{"floor":13,"key":"SkillPotion"},{"floor":16,"key":"Strength Potion"},{"floor":18,"key":"Block Potion"},{"floor":21,"key":"Energy Potion"},{"floor":25,"key":"SteroidPotion"},{"floor":28,"key":"EssenceOfSteel"},{"floor":29,"key":"GamblersBrew"}],"is_trial":false,"path_per_floor":["M","?","M","M","?","R","?","$","T","?","$","M","M","E","R","B",null,"M","?","$","M","$","R","E","M","T","$","M","M","M"],"character_chosen":"DEFECT","items_purchased":["Steam","Sling","Ball Lightning","Steam"],"campfire_rested":2,"item_purchase_floors":[8,20,22,27],"current_hp_per_floor":[61,61,53,53,46,46,46,46,46,46,46,32,32,24,44,11,55,50,34,34,34,34,54,41,34,34,34,6,6,6,0],"gold":92,"neow_bonus":"THREE_RARE_CARDS","is_prod":false,"is_daily":false,"chose_seed":false,"campfire_upgraded":1,"win_rate":0,"timestamp":1539761543,"path_taken":["M","?","?","?","?","R","?","?","T","?","$","?","M","E","R","BOSS","M","?","$","M","$","R","E","M","T","?","M","M","M","E"],"build_version":"2018-10-11","purchased_purges":0,"victory":false,"max_hp_per_floor":[75,69,69,69,69,69,69,69,69,69,69,69,69,69,69,69,69,69,69,69,69,69,69,69,69,69,69,69,69,69,69],"card_choices":[{"not_picked":["Buffer","Thunder Strike"],"picked":"Biased Cognition","floor":0},{"not_picked":["Blizzard","Gash"],"picked":"Conserve Battery","floor":1},{"not_picked":["Melter","Beam Cell"],"picked":"Rebound","floor":3},{"not_picked":["Chill","Hologram"],"picked":"Defragment","floor":4},{"not_picked":["Genetic Algorithm","Self Repair"],"picked":"Melter","floor":12},{"not_picked":["Stack","Barrage"],"picked":"Steam","floor":13},{"not_picked":["Rebound","Cold Snap"],"picked":"Chaos","floor":14},{"not_picked":["Seek","Amplify","Thunder Strike"],"picked":"Biased Cognition","floor":16},{"not_picked":["Conserve Battery","Force Field","Leap"],"picked":"Skim+1","floor":18},{"not_picked":["Compile Driver","Turbo","Heatsinks"],"picked":"BootSequence","floor":21},{"not_picked":["Cold Snap","Compile Driver+1","Coolheaded"],"picked":"Storm","floor":24},{"not_picked":["Sweeping Beam","Gash","Meteor Strike"],"picked":"Heatsinks","floor":25},{"not_picked":["Conserve Battery","Blizzard+1","Skim"],"picked":"FTL+1","floor":28},{"not_picked":["Leap","Glacier","Go for the Eyes+1"],"picked":"Sunder+1","floor":29},{"not_picked":["Reinforced Body","Compile Driver+1","Stack"],"picked":"Cold Snap+1","floor":30}],"player_experience":535493,"relics_obtained":[{"floor":9,"key":"Cables"},{"floor":14,"key":"Question Card"},{"floor":19,"key":"Enchiridion"},{"floor":24,"key":"Blue Candle"},{"floor":26,"key":"Molten Egg 2"}],"event_choices":[{"event_name":"Golden Idol","player_choice":"Lose Max HP","floor":2,"damage_taken":0},{"event_name":"Golden Wing","player_choice":"Card Removal","floor":5,"damage_taken":0},{"event_name":"Bonfire Elementals","player_choice":"BASIC","floor":7,"damage_taken":0},{"event_name":"Purifier","player_choice":"One Purge","floor":10,"damage_taken":0},{"event_name":"Cursed Tome","player_choice":"Obtained Book","floor":19,"damage_taken":0}],"is_beta":false,"boss_relics":[{"not_picked":["Coffee Dripper","Eternal Feather"],"picked":"White Beast Statue"}],"items_purged_floors":[],"is_endless":false,"potions_floor_spawned":[1,12,13,16,18,21,24,25,28,29,30],"killed_by":"Slavers","ascension_level":6}