{"gold_per_floor":[117,134,134,145,162,189,126,138,217,217,281,294,312,312],"floor_reached":14,"playtime":3781,"items_purged":["Strike_G"],"score":169,"play_id":"73787d22-3dee-48cc-8b73-b16c97804900","local_time":"20190320101206","is_ascension_mode":true,"campfire_choices":[{"data":"Sucker Punch","floor":10,"key":"SMITH"}],"neow_cost":"NONE","seed_source_timestamp":0,"circlet_count":0,"master_deck":["AscendersBane","Defend_G","Defend_G","Defend_G","Defend_G","Defend_G","Strike_G","Strike_G","Strike_G","Strike_G","Survivor","Neutralize+1","PiercingWail","Poisoned Stab+1","Sucker Punch+1","Riddle With Holes","Caltrops","Footwork","Terror","Crippling Poison"],"special_seed":0,"relics":["Ring of the Snake","MawBank","Tiny Chest","Ornamental Fan"],"potions_floor_usage":[8,11,14],"damage_taken":[{"damage":0.0,"enemies":"Small Slimes","floor":1.0,"turns":3.0},{"damage":0.0,"enemies":"Cultist","floor":2.0,"turns":5.0},{"damage":0.0,"enemies":"2 Louse","floor":4.0,"turns":3.0},{"damage":5.0,"enemies":"Large Slime","floor":5.0,"turns":9.0},{"damage":26.0,"enemies":"Gremlin Nob","floor":6.0,"turns":5.0},{"damage":2,"enemies":"Lots of Slimes","floor":8,"turns":4},{"damage":32,"enemies":"3 Sentries","floor":11,"turns":9},{"damage":0,"enemies":"2 Fungi Beasts","floor":12,"turns":4},{"damage":2,"enemies":"Looter","floor":13,"turns":3},{"damage":10,"enemies":"3 Sentries","floor":14,"turns":4}],"seed_played":"-4418357911588502886","potions_obtained":[{"floor":6.0,"key":"SteroidPotion"},{"floor":8,"key":"Regen Potion"},{"floor":11,"key":"SkillPotion"},{"floor":12,"key":"Dexterity Potion"},{"floor":13,"key":"Fire Potion"}],"is_trial":false,"path_per_floor":["M","M","?","M","M","E","$","M","T","R","?","M","M","E"],"character_chosen":"THE_SILENT","items_purchased":[],"campfire_rested":0,"item_purchase_floors":[],"current_hp_per_floor":[59,59,59,59,54,28,28,26,26,26,9,9,7,0],"gold":312,"neow_bonus":"UPGRADE_CARD","is_prod":false,"is_daily":false,"chose_seed":false,"campfire_upgraded":1,"win_rate":0,"timestamp":1553076726,"path_taken":["M","M","?","M","M","E","?","?","T","R","?","M","M","E"],"build_version":"2019-01-23","purchased_purges":1,"victory":false,"max_hp_per_floor":[66,66,66,66,66,66,66,66,66,66,66,66,66,66],"card_choices":[{"not_picked":["Deflect","Blade Dance"],"picked":"PiercingWail","floor":1.0},{"not_picked":["Bane","Terror"],"picked":"Poisoned Stab","floor":2.0},{"not_picked":["Expertise","Blade Dance"],"picked":"Sucker Punch","floor":4.0},{"not_picked":["PiercingWail","Outmaneuver"],"picked":"Riddle With Holes","floor":5.0},{"not_picked":["Backstab","Flying Knee"],"picked":"Caltrops","floor":6.0},{"not_picked":["Slice","Deflect","Prepared"],"picked":"SKIP","floor":8},{"not_picked":["Poisoned Stab","Phantasmal Killer"],"picked":"Footwork","floor":11},{"not_picked":["Dodge and Roll","Caltrops"],"picked":"Terror","floor":12},{"not_picked":["Poisoned Stab","Accuracy"],"picked":"Crippling Poison","floor":13}],"player_experience":665220,"relics_obtained":[{"floor":6.0,"key":"MawBank"},{"floor":9,"key":"Tiny Chest"},{"floor":11,"key":"Ornamental Fan"}],"event_choices":[{"damage_healed":0.0,"max_hp_gain":0.0,"max_hp_loss":0.0,"gold_gain":0.0,"event_name":"Accursed Blacksmith","player_choice":"Forge","floor":3.0,"gold_loss":0.0,"damage_taken":0.0,"cards_upgraded":["Poisoned Stab"]},{"damage_healed":0,"gold_gain":30,"player_choice":"Searched \u00272\u0027 times","damage_taken":0,"max_hp_gain":0,"max_hp_loss":0,"event_name":"Dead Adventurer","floor":11,"gold_loss":0}],"is_beta":false,"boss_relics":[],"items_purged_floors":[7],"is_endless":false,"potions_floor_spawned":[6,8,11,12,13],"killed_by":"3 Sentries","ascension_level":16}