{"gold_per_floor":[115,133,149,24,99,132,147,173,249,264,283,316,333,343,343,439,439,455,468,407,407],"floor_reached":21,"playtime":3243,"items_purged":[],"score":308,"play_id":"f915a470-3cf9-4fa9-84ea-6cebd3de613c","local_time":"20190402115309","is_ascension_mode":true,"campfire_choices":[{"data":"Limit Break","floor":15.0,"key":"SMITH"}],"neow_cost":"NONE","seed_source_timestamp":0,"circlet_count":0,"master_deck":["Strike_R","Strike_R","Strike_R","Strike_R","Strike_R","Defend_R","Defend_R","Defend_R","Defend_R","Bash","Barricade","Sword Boomerang","Body Slam","Anger","Offering","Inflame","Limit Break+1","Dual Wield","Battle Trance","Inflame+1","Shrug It Off","Clothesline","Impervious","Armaments","Body Slam"],"special_seed":0,"relics":["Burning Blood","Ancient Tea Set","Magic Flower","Frozen Egg 2","Potion Belt","Runic Cube","Juzu Bracelet"],"potions_floor_usage":[21],"damage_taken":[{"damage":18.0,"enemies":"Cultist","floor":1.0,"turns":6.0},{"damage":1.0,"enemies":"2 Louse","floor":2.0,"turns":2.0},{"damage":0.0,"enemies":"Small Slimes","floor":3.0,"turns":4.0},{"damage":32.0,"enemies":"3 Sentries","floor":6.0,"turns":6.0},{"damage":6.0,"enemies":"Red Slaver","floor":7.0,"turns":1.0},{"damage":6.0,"enemies":"Lagavulin","floor":8.0,"turns":5.0},{"damage":1.0,"enemies":"2 Fungi Beasts","floor":10.0,"turns":3.0},{"damage":7.0,"enemies":"Looter","floor":11.0,"turns":2.0},{"damage":23.0,"enemies":"3 Sentries","floor":12.0,"turns":7.0},{"damage":17.0,"enemies":"Lots of Slimes","floor":13.0,"turns":4.0},{"damage":27.0,"enemies":"Gremlin Gang","floor":14.0,"turns":6.0},{"damage":6.0,"enemies":"Slime Boss","floor":16.0,"turns":3.0},{"damage":31.0,"enemies":"2 Thieves","floor":18.0,"turns":3.0},{"damage":25.0,"enemies":"Spheric Guardian","floor":19.0,"turns":4.0},{"damage":60,"enemies":"Chosen and Byrds","floor":21,"turns":4}],"seed_played":"7708729778433819941","potions_obtained":[{"floor":3.0,"key":"Explosive Potion"},{"floor":7.0,"key":"EssenceOfSteel"},{"floor":10.0,"key":"PowerPotion"},{"floor":12.0,"key":"Block Potion"},{"floor":13.0,"key":"Regen Potion"},{"floor":19.0,"key":"GamblersBrew"}],"is_trial":false,"path_per_floor":["M","M","M","$","?","E","M","E","T","M","M","E","M","M","R","B",null,"M","M","?","M"],"character_chosen":"IRONCLAD","items_purchased":["Offering","Poison Potion"],"campfire_rested":0,"item_purchase_floors":[4,4],"current_hp_per_floor":[68,73,79,79,68,42,42,42,42,50,52,38,30,36,36,39,80,58,42,42,0],"gold":407,"neow_bonus":"ONE_RANDOM_RARE_CARD","is_prod":false,"is_daily":false,"chose_seed":false,"campfire_upgraded":1,"win_rate":0,"timestamp":1554202389,"path_taken":["M","M","?","$","?","E","M","E","T","M","M","E","M","M","R","BOSS","M","M","?","M"],"build_version":"2019-01-23","purchased_purges":0,"victory":false,"max_hp_per_floor":[80,80,80,80,80,80,80,80,80,80,80,80,80,80,80,80,80,80,80,80,80],"card_choices":[{"not_picked":["Infernal Blade","Seeing Red"],"picked":"Sword Boomerang","floor":1.0},{"not_picked":["Sword Boomerang","Hemokinesis"],"picked":"Body Slam","floor":2.0},{"not_picked":["Shrug It Off","Headbutt"],"picked":"Anger","floor":3.0},{"not_picked":["Sentinel","Body Slam"],"picked":"Inflame","floor":6.0},{"not_picked":["Rampage","Fire Breathing"],"picked":"Limit Break","floor":7.0},{"not_picked":["Havoc","Twin Strike"],"picked":"Dual Wield","floor":8.0},{"not_picked":["Warcry","Anger","Sword Boomerang"],"picked":"SKIP","floor":10.0},{"not_picked":["Evolve+1","Feel No Pain+1"],"picked":"Battle Trance","floor":11.0},{"not_picked":["Bludgeon","Body Slam"],"picked":"Inflame+1","floor":12.0},{"not_picked":["Ghostly Armor","Inflame+1"],"picked":"Shrug It Off","floor":13.0},{"not_picked":["Flex","Corruption+1"],"picked":"Clothesline","floor":14.0},{"not_picked":["Exhume","Juggernaut+1"],"picked":"Impervious","floor":16.0},{"not_picked":["Warcry","Wild Strike+1"],"picked":"Armaments","floor":18.0},{"not_picked":["Armaments","Thunderclap"],"picked":"Body Slam","floor":19.0}],"player_experience":872955,"relics_obtained":[{"floor":6.0,"key":"Ancient Tea Set"},{"floor":8.0,"key":"Magic Flower"},{"floor":9.0,"key":"Frozen Egg 2"},{"floor":12.0,"key":"Potion Belt"}],"event_choices":[{"damage_healed":0.0,"max_hp_gain":0.0,"max_hp_loss":0.0,"gold_gain":75.0,"event_name":"World of Goop","player_choice":"Gather Gold","floor":5.0,"gold_loss":0.0,"damage_taken":11.0},{"damage_healed":0.0,"max_hp_gain":0.0,"max_hp_loss":0.0,"gold_gain":0.0,"event_name":"WeMeetAgain","player_choice":"Paid Gold","floor":20.0,"gold_loss":61.0,"damage_taken":0.0,"relics_obtained":["Juzu Bracelet"]}],"is_beta":false,"boss_relics":[{"not_picked":["Coffee Dripper","Orrery"],"picked":"Runic Cube"}],"items_purged_floors":[],"is_endless":false,"potions_floor_spawned":[3,7,10,12,13,19],"killed_by":"Chosen and Byrds","ascension_level":2}