{"gold_per_floor":[109,123,143,73,73,73,101,117,141,168,247,247,278,288,288,288],"floor_reached":16,"playtime":1631,"items_purged":[],"score":168,"play_id":"e18a7f66-47b3-4673-b96a-d6da4c36a6ce","local_time":"20190310184954","is_ascension_mode":true,"campfire_choices":[{"data":"Riddle With Holes","floor":6,"key":"SMITH"},{"data":"Predator","floor":12,"key":"SMITH"},{"data":"Footwork","floor":15,"key":"SMITH"}],"neow_cost":"NONE","seed_source_timestamp":295303603855108,"circlet_count":0,"master_deck":["Defend_G","Defend_G","Defend_G","Defend_G","Defend_G","Strike_G","Strike_G","Strike_G","Strike_G","Survivor","Neutralize+1","Finisher","Accuracy","Backflip","Footwork+1","Riddle With Holes+1","Predator+1","Backstab","PiercingWail","Dodge and Roll"],"relics":["Ring of the Snake","Oddly Smooth Stone","PreservedInsect","Centennial Puzzle","Torii"],"potions_floor_usage":[8,16],"damage_taken":[{"damage":0,"enemies":"Jaw Worm","floor":1,"turns":5},{"damage":4,"enemies":"Small Slimes","floor":2,"turns":4},{"damage":0,"enemies":"Cultist","floor":3,"turns":3},{"damage":19,"enemies":"3 Sentries","floor":7,"turns":13},{"damage":7,"enemies":"Large Slime","floor":8,"turns":7},{"damage":3,"enemies":"Gremlin Nob","floor":10,"turns":3},{"damage":15,"enemies":"3 Sentries","floor":13,"turns":6},{"damage":0,"enemies":"Looter","floor":14,"turns":2},{"damage":38,"enemies":"Slime Boss","floor":16,"turns":10}],"seed_played":"3654524681708424475","potions_obtained":[{"floor":3,"key":"Poison Potion"},{"floor":7,"key":"Weak Potion"},{"floor":8,"key":"Ancient Potion"},{"floor":10,"key":"Regen Potion"}],"is_trial":false,"path_per_floor":["M","M","M","$","?","R","E","M","T","E","?","R","E","M","R","B"],"character_chosen":"THE_SILENT","items_purchased":["Footwork"],"campfire_rested":0,"item_purchase_floors":[4],"current_hp_per_floor":[63,59,59,59,59,59,40,33,33,30,30,30,15,15,15,0],"gold":288,"neow_bonus":"UPGRADE_CARD","is_prod":false,"is_daily":false,"chose_seed":false,"campfire_upgraded":3,"win_rate":0,"timestamp":1552243794,"path_taken":["M","M","M","$","?","R","E","M","T","E","?","R","E","M","R","BOSS"],"build_version":"2019-01-23","purchased_purges":0,"victory":false,"max_hp_per_floor":[70,70,70,70,70,70,70,70,70,70,70,70,70,70,70,70],"card_choices":[{"not_picked":["Quick Slash","Bane"],"picked":"Finisher","floor":1},{"not_picked":["Flying Knee","Blade Dance"],"picked":"Accuracy","floor":2},{"not_picked":["Choke","Bane"],"picked":"Backflip","floor":3},{"not_picked":["Distraction","Underhanded Strike"],"picked":"Predator","floor":7},{"not_picked":["Acrobatics","PiercingWail"],"picked":"Backstab","floor":8},{"not_picked":["Grand Finale","Skewer"],"picked":"PiercingWail","floor":10},{"not_picked":["Dagger Spray","Sucker Punch"],"picked":"Dodge and Roll","floor":13},{"not_picked":["Distraction","Skewer","Flying Knee"],"picked":"SKIP","floor":14}],"player_experience":548234,"relics_obtained":[{"floor":7,"key":"Oddly Smooth Stone"},{"floor":9,"key":"PreservedInsect"},{"floor":10,"key":"Centennial Puzzle"},{"floor":13,"key":"Torii"}],"event_choices":[{"damage_healed":0,"gold_gain":0,"cards_transformed":["Strike_G"],"player_choice":"Change","damage_taken":0,"max_hp_gain":0,"max_hp_loss":0,"event_name":"Living Wall","floor":5,"gold_loss":0,"cards_obtained":["Riddle With Holes"]},{"damage_healed":0,"gold_gain":79,"player_choice":"Gained Gold","damage_taken":0,"max_hp_gain":0,"max_hp_loss":0,"event_name":"Golden Wing","floor":11,"gold_loss":0}],"is_beta":false,"boss_relics":[],"items_purged_floors":[],"is_endless":false,"potions_floor_spawned":[3,7,8,10],"killed_by":"Slime Boss","ascension_level":8}