{"gold_per_floor":[115,133,150,160,160,160,160,173,199,199,214,214,214,279,279,384,384,400,96,96,106,116,116],"floor_reached":23,"playtime":1108,"items_purged":[],"score":203,"play_id":"3a15e436-8309-46f7-81ef-e630d024142c","local_time":"20190415000415","is_ascension_mode":true,"campfire_choices":[{"floor":6,"key":"REST"},{"data":"Infernal Blade","floor":10,"key":"SMITH"},{"data":"Bash","floor":13,"key":"SMITH"},{"data":"Fiend Fire","floor":15,"key":"SMITH"}],"neow_cost":"NONE","seed_source_timestamp":355215767576900,"circlet_count":0,"master_deck":["Strike_R","Strike_R","Strike_R","Strike_R","Defend_R","Defend_R","Defend_R","Defend_R","Bash+1","Rampage+1","Pommel Strike","Inflame","Infernal Blade+1","Fiend Fire+1","Perfected Strike","Perfected Strike","Double Tap","Flex","Reckless Charge"],"relics":["Burning Blood","Ancient Tea Set","Tiny Chest","Fusion Hammer","Girya","Ginger"],"potions_floor_usage":[22,22,23],"damage_taken":[{"damage":7,"enemies":"Jaw Worm","floor":1,"turns":5},{"damage":0,"enemies":"2 Louse","floor":2,"turns":4},{"damage":5,"enemies":"Small Slimes","floor":3,"turns":4},{"damage":11,"enemies":"Red Slaver","floor":4,"turns":4},{"damage":12,"enemies":"Blue Slaver","floor":8,"turns":3},{"damage":1,"enemies":"Exordium Wildlife","floor":11,"turns":2},{"damage":18,"enemies":"3 Sentries","floor":14,"turns":5},{"damage":18,"enemies":"Slime Boss","floor":16,"turns":9},{"damage":0,"enemies":"3 Byrds","floor":18,"turns":4},{"damage":32,"enemies":"2 Thieves","floor":21,"turns":4},{"damage":24,"enemies":"3 Cultists","floor":22,"turns":5},{"damage":54,"enemies":"Gremlin Leader","floor":23,"turns":2}],"seed_played":"7456044803130276698","potions_obtained":[{"floor":3,"key":"BloodPotion"},{"floor":8,"key":"AttackPotion"},{"floor":14,"key":"SteroidPotion"},{"floor":22,"key":"SpeedPotion"}],"is_trial":false,"path_per_floor":["M","M","M","M","?","R","?","M","T","R","M","?","R","E","R","B",null,"M","$","T","M","M","E"],"character_chosen":"IRONCLAD","items_purchased":["Girya"],"campfire_rested":1,"item_purchase_floors":[19],"current_hp_per_floor":[87,88,88,83,83,88,88,82,82,82,87,87,87,75,75,63,88,88,88,88,62,52,0],"gold":116,"neow_bonus":"TEN_PERCENT_HP_BONUS","is_prod":false,"is_daily":false,"chose_seed":false,"campfire_upgraded":3,"win_rate":0,"timestamp":1555301055,"path_taken":["M","M","M","M","?","R","?","M","T","R","M","?","R","E","R","BOSS","M","$","?","M","M","E"],"build_version":"2019-01-23","purchased_purges":0,"victory":false,"max_hp_per_floor":[88,88,88,88,88,88,88,88,88,88,88,88,88,88,88,88,88,88,88,88,88,88,88],"card_choices":[{"not_picked":["Warcry","Dual Wield"],"picked":"Rampage","floor":1},{"not_picked":["Dual Wield","Perfected Strike"],"picked":"Pommel Strike","floor":2},{"not_picked":["Perfected Strike","Cleave"],"picked":"Inflame","floor":3},{"not_picked":["Sword Boomerang","Power Through"],"picked":"Infernal Blade","floor":4},{"not_picked":["Pummel","Flame Barrier"],"picked":"Perfected Strike","floor":8},{"not_picked":["Dark Embrace","Clash"],"picked":"Perfected Strike","floor":11},{"not_picked":["Sword Boomerang","Evolve","Intimidate"],"picked":"SKIP","floor":14},{"not_picked":["Barricade","Offering"],"picked":"Double Tap","floor":16},{"not_picked":["Evolve+1","Anger"],"picked":"Flex","floor":18},{"not_picked":["Rampage","Havoc+1"],"picked":"Reckless Charge","floor":21},{"not_picked":["Dropkick+1","Whirlwind","Shockwave+1"],"picked":"SKIP","floor":22}],"player_experience":188580,"relics_obtained":[{"floor":9,"key":"Ancient Tea Set"},{"floor":14,"key":"Tiny Chest"},{"floor":20,"key":"Ginger"}],"event_choices":[{"damage_healed":0,"gold_gain":0,"cards_transformed":["Strike_R"],"player_choice":"Change","damage_taken":0,"max_hp_gain":0,"max_hp_loss":0,"event_name":"Living Wall","floor":5,"gold_loss":0,"cards_obtained":["Fiend Fire"]},{"damage_healed":0,"gold_gain":0,"player_choice":"Leave","damage_taken":0,"max_hp_gain":0,"max_hp_loss":0,"event_name":"The Cleric","floor":7,"gold_loss":0},{"damage_healed":0,"gold_gain":0,"player_choice":"Upgraded","damage_taken":0,"max_hp_gain":0,"max_hp_loss":0,"event_name":"Upgrade Shrine","floor":12,"gold_loss":0,"cards_upgraded":["Rampage"]}],"is_beta":false,"boss_relics":[{"not_picked":["Coffee Dripper","Cursed Key"],"picked":"Fusion Hammer"}],"items_purged_floors":[],"is_endless":false,"potions_floor_spawned":[3,8,14,21,22],"killed_by":"Gremlin Leader","ascension_level":1}