{"path_per_floor":["M","M","$","?","M","E","M","E","T","?","M","R","E","M","R","B",null,"M","M","M","$","M","R","?","E","T","?","M","E","$","M","R"],"character_chosen":"THE_SILENT","items_purchased":["Dagger Spray","Letter Opener","All Out Attack","Dark Shackles","Poison Potion"],"gold_per_floor":[119,137,87,87,98,127,142,172,172,172,182,182,208,228,228,327,327,346,361,374,83,97,97,97,132,158,158,170,203,51,63,63],"floor_reached":33,"campfire_rested":3,"playtime":1240,"current_hp_per_floor":[70,70,70,70,70,30,25,18,18,18,18,39,30,29,50,27,59,59,57,57,57,47,47,47,24,24,24,24,18,18,17,40],"items_purged":[],"gold":63,"score":443,"play_id":"533a3cf8-d9a5-46a2-858b-6c9bc4801d94","is_prod":false,"is_daily":false,"is_ascension_mode":true,"campfire_upgraded":1,"path_taken":["M","M","$","?","M","E","M","E","T","?","M","R","E","?","R","BOSS","M","M","M","$","M","R","?","E","T","?","?","E","$","M","R","BOSS"],"build_version":"2018-02-22-PROD1","purchased_purges":0,"victory":false,"master_deck":["Defend_G+1","Defend_G+1","Defend_G+1","Defend_G+1","Defend_G+1","Strike_G+1","Strike_G+1","Strike_G+1","Strike_G+1","Strike_G+1","Survivor","Neutralize+1","Slice","Dagger Spray","Dagger Spray","Dagger Throw","Slice","Poisoned Stab","Terror+1","Night Terror+1","Catalyst+1","Poisoned Stab","Sucker Punch","Venomology+1","Noxious Fumes+1","Sucker Punch","Malaise+1","All Out Attack","Prepared+1","Tools of the Trade","Parasite","Catalyst+1","Deflect+1","Dark Shackles+1","Prepared+1"],"max_hp_per_floor":[70,70,70,70,70,70,70,70,70,70,70,70,70,70,70,70,70,70,70,70,70,70,70,70,77,77,77,77,77,77,77,77],"relics":["Ring of the Snake","Snake Skull","Matryoshka","Toxic Egg 2","Orichalcum","Thread and Needle","Centennial Puzzle","Cursed Key","Letter Opener","Strawberry","Bag of Preparation","Oddly Smooth Stone","Vajra"],"card_choices":[{"not_picked":["Calculated Gamble","Outmaneuver"],"picked":"Slice"},{"not_picked":["Acrobatics","Dodge and Roll"],"picked":"Dagger Spray"},{"not_picked":["Bane","Calculated Gamble"],"picked":"Dagger Throw"},{"not_picked":["Leg Sweep","Well Laid Plans"],"picked":"Slice"},{"not_picked":["Underhanded Strike","Dash"],"picked":"Poisoned Stab"},{"not_picked":["Crippling Poison","Dagger Spray"],"picked":"Terror"},{"not_picked":["Tools of the Trade","Outmaneuver"],"picked":"Catalyst"},{"not_picked":["Dodge and Roll","Eviscerate"],"picked":"Poisoned Stab"},{"not_picked":["Cloak And Dagger","Quick Slash"],"picked":"Sucker Punch"},{"not_picked":["Corpse Explosion","Phantasmal Killer"],"picked":"Venomology"},{"not_picked":["Concentrate","Prepared"],"picked":"Noxious Fumes"},{"not_picked":["Dagger Spray","Underhanded Strike"],"picked":"Sucker Punch"},{"not_picked":["Infinite Blades","Sucker Punch"],"picked":"Malaise"},{"not_picked":["Outmaneuver","A Thousand Cuts"],"picked":"Prepared"},{"not_picked":["Underhanded Strike","Dagger Spray"],"picked":"Tools of the Trade"},{"not_picked":["Dash","Prepared"],"picked":"Catalyst"},{"not_picked":["Backflip","Deadly Poison"],"picked":"Deflect"},{"not_picked":["Dagger Throw","Eviscerate"],"picked":"Prepared"}],"player_experience":198608,"potions_floor_usage":[6,8,8,13,18,18,18,18,20,22,22,22,25,29,29,31,31,31,33],"damage_taken":[{"damage":0,"enemies":"2 Louse","floor":1,"turns":2},{"damage":0,"enemies":"Jaw Worm","floor":2,"turns":4},{"damage":0,"enemies":"Cultist","floor":5,"turns":3},{"damage":40,"enemies":"Lagavulin","floor":6,"turns":9},{"damage":5,"enemies":"Blue Slaver","floor":7,"turns":2},{"damage":16,"enemies":"Gremlin Nob","floor":8,"turns":3},{"damage":0,"enemies":"Exordium Wildlife","floor":11,"turns":3},{"damage":9,"enemies":"Lagavulin","floor":13,"turns":5},{"damage":1,"enemies":"Looter","floor":14,"turns":2},{"damage":23,"enemies":"Hexaghost","floor":16,"turns":8},{"damage":0,"enemies":"Spheric Guardian","floor":18,"turns":2},{"damage":2,"enemies":"Shell Parasite","floor":19,"turns":4},{"damage":0,"enemies":"Snake Plant","floor":20,"turns":4},{"damage":10,"enemies":"Centurion and Healer","floor":22,"turns":4},{"damage":30,"enemies":"Gremlin Leader","floor":25,"turns":6},{"damage":0,"enemies":"Snecko","floor":28,"turns":5},{"damage":6,"enemies":"Slavers","floor":29,"turns":5},{"damage":1,"enemies":"Snake Plant","floor":31,"turns":3},{"damage":76,"enemies":"Automaton","floor":33,"turns":6}],"event_choices":[{"event_name":"Living Wall","player_choice":"Grow","floor":4,"damage_taken":0},{"event_name":"Match and Keep!","player_choice":"1 cards matched","floor":10,"damage_taken":0},{"event_name":"Vampires","player_choice":"Ignored","floor":24,"damage_taken":0},{"event_name":"Back to Basics","player_choice":"Simplicity","floor":27,"damage_taken":0}],"boss_relics":[{"not_picked":["Tiny House","Lizard Tail"],"picked":"Cursed Key"}],"potions_floor_spawned":[1,2,6,11,16,18,28,29,31],"seed_played":"-1444685866639927098","killed_by":"Automaton","ascension_level":5,"is_trial":false}