{"gold_per_floor":[112,33,33,52,66,66,91,91,91,91,125,140,151,177,177,251,251,266,98,0,0,11,46,46,74,74,74,92,108,127,141,141,141],"floor_reached":33,"playtime":1156,"items_purged":[],"score":598,"play_id":"caecacfe-4f64-438e-949f-7c51f7597281","local_time":"20190105222256","is_ascension_mode":true,"campfire_choices":[{"data":"Noxious Fumes","floor":6,"key":"SMITH"},{"data":"Dagger Spray","floor":8,"key":"SMITH"},{"data":"Dash","floor":10,"key":"SMITH"},{"data":"Neutralize","floor":15,"key":"SMITH"},{"data":"Shame","floor":27,"key":"PURGE"},{"floor":32,"key":"REST"}],"neow_cost":"NONE","seed_source_timestamp":1363619876436691,"circlet_count":0,"master_deck":["AscendersBane","Defend_G+1","Defend_G+1","Defend_G+1","Defend_G+1","Defend_G+1","Strike_G+1","Strike_G+1","Strike_G+1","Strike_G+1","Strike_G+1","Survivor","Neutralize+1","Dash+1","Noxious Fumes+1","Deflect","Cloak And Dagger","Dagger Spray+1","Die Die Die","Backstab","Flying Knee","Die Die Die","Venomology","Bane","Deadly Poison","Bouncing Flask","Sucker Punch","Deflect","Crippling Poison"],"relics":["Ring of the Snake","NeowsBlessing","Ninja Scroll","Sundial","Gambling Chip","Darkstone Periapt","Cursed Key","Whetstone","Potion Belt","Peace Pipe","Mummified Hand"],"potions_floor_usage":[7,7,14,16,23,23,25,28,28,30,30,33],"damage_taken":[{"damage":0,"enemies":"Small Slimes","floor":1,"turns":1},{"damage":0,"enemies":"2 Louse","floor":4,"turns":1},{"damage":0,"enemies":"Jaw Worm","floor":5,"turns":1},{"damage":14,"enemies":"Gremlin Nob","floor":7,"turns":6},{"damage":9,"enemies":"3 Sentries","floor":11,"turns":5},{"damage":2,"enemies":"Looter","floor":12,"turns":2},{"damage":2,"enemies":"Exordium Wildlife","floor":13,"turns":2},{"damage":12,"enemies":"Lagavulin","floor":14,"turns":5},{"damage":11,"enemies":"The Guardian","floor":16,"turns":11},{"damage":12,"enemies":"Shell Parasite","floor":18,"turns":5},{"damage":0,"enemies":"Spheric Guardian","floor":22,"turns":1},{"damage":31,"enemies":"Book of Stabbing","floor":23,"turns":5},{"damage":0,"enemies":"Gremlin Leader","floor":25,"turns":6},{"damage":0,"enemies":"Shelled Parasite and Fungi","floor":28,"turns":3},{"damage":13,"enemies":"Centurion and Healer","floor":29,"turns":6},{"damage":12,"enemies":"Sentry and Sphere","floor":30,"turns":5},{"damage":0,"enemies":"Shelled Parasite and Fungi","floor":31,"turns":4},{"damage":29,"enemies":"Collector","floor":33,"turns":3}],"seed_played":"-2128334280055045673","potions_obtained":[{"floor":4,"key":"GhostInAJar"},{"floor":5,"key":"FearPotion"},{"floor":7,"key":"Swift Potion"},{"floor":14,"key":"Block Potion"},{"floor":16,"key":"SpeedPotion"},{"floor":22,"key":"GhostInAJar"},{"floor":25,"key":"PowerPotion"},{"floor":31,"key":"Fire Potion"}],"is_trial":false,"path_per_floor":["M","$","?","M","M","R","E","R","T","R","E","M","M","E","R","B",null,"M","$","?","?","M","E","?","E","T","R","M","M","M","M","R","B"],"character_chosen":"THE_SILENT","items_purchased":["Noxious Fumes","Whetstone"],"campfire_rested":1,"item_purchase_floors":[2,19],"current_hp_per_floor":[59,59,59,59,59,59,45,45,45,45,36,34,32,20,20,9,52,40,40,40,40,40,9,9,9,15,15,15,2,4,4,25,0],"gold":141,"neow_bonus":"THREE_ENEMY_KILL","is_prod":false,"is_daily":false,"chose_seed":false,"campfire_upgraded":4,"win_rate":0,"timestamp":1546755776,"path_taken":["M","$","?","M","M","R","E","R","T","R","E","M","M","E","R","BOSS","M","$","?","?","M","E","?","E","T","R","?","M","M","M","R","BOSS"],"build_version":"2019-01-03v4","purchased_purges":0,"victory":false,"max_hp_per_floor":[66,66,66,66,66,66,66,66,66,66,66,66,66,66,66,66,66,66,66,66,66,66,66,66,66,72,72,72,72,72,72,72,72],"card_choices":[{"not_picked":["Dodge and Roll","Underhanded Strike"],"picked":"Dash","floor":1},{"not_picked":["Cloak And Dagger","Outmaneuver"],"picked":"Deflect","floor":4},{"not_picked":["Concentrate","Dagger Throw"],"picked":"Cloak And Dagger","floor":5},{"not_picked":["Storm of Steel","Caltrops"],"picked":"Dagger Spray","floor":7},{"not_picked":["Underhanded Strike","PiercingWail"],"picked":"Die Die Die","floor":11},{"not_picked":["Prepared","Footwork"],"picked":"Backstab","floor":12},{"not_picked":["Reflex","Blade Dance"],"picked":"Flying Knee","floor":13},{"not_picked":["Bane","Prepared"],"picked":"Die Die Die","floor":14},{"not_picked":["Storm of Steel","Burst"],"picked":"Venomology","floor":16},{"not_picked":["Calculated Gamble","Endless Agony"],"picked":"Bane","floor":18},{"not_picked":["Distraction","Dash"],"picked":"Deadly Poison","floor":22},{"not_picked":["Venomology","Tactician"],"picked":"Bouncing Flask","floor":23},{"not_picked":["Tools of the Trade","Prepared"],"picked":"Sucker Punch","floor":25},{"not_picked":["Quick Slash","Cloak And Dagger"],"picked":"Deflect","floor":28},{"not_picked":["Quick Slash","Setup","Endless Agony"],"picked":"SKIP","floor":29},{"not_picked":["Flechettes+1","Poisoned Stab","Dagger Spray"],"picked":"SKIP","floor":30},{"not_picked":["Flying Knee+1","Flechettes+1"],"picked":"Crippling Poison","floor":31}],"player_experience":1056012,"relics_obtained":[{"floor":7,"key":"Ninja Scroll"},{"floor":9,"key":"Sundial"},{"floor":11,"key":"Gambling Chip"},{"floor":14,"key":"Darkstone Periapt"},{"floor":23,"key":"Potion Belt"},{"floor":25,"key":"Peace Pipe"},{"floor":26,"key":"Mummified Hand"}],"event_choices":[{"damage_healed":0,"gold_gain":0,"player_choice":"Leave","damage_taken":0,"max_hp_gain":0,"max_hp_loss":0,"event_name":"The Cleric","floor":3,"gold_loss":0},{"damage_healed":0,"gold_gain":0,"player_choice":"Paid Fearfully","damage_taken":0,"max_hp_gain":0,"max_hp_loss":0,"event_name":"Masked Bandits","floor":20,"gold_loss":98},{"damage_healed":0,"gold_gain":0,"player_choice":"Simplicity","damage_taken":0,"max_hp_gain":0,"max_hp_loss":0,"event_name":"Back to Basics","floor":24,"gold_loss":0,"cards_upgraded":["Defend_G","Defend_G","Defend_G","Defend_G","Defend_G","Strike_G","Strike_G","Strike_G"]}],"is_beta":false,"boss_relics":[{"not_picked":["Runic Dome","Calling Bell"],"picked":"Cursed Key"}],"items_purged_floors":[],"is_endless":false,"potions_floor_spawned":[4,5,7,14,16,22,25,31],"killed_by":"Collector","ascension_level":16}