{"gold_per_floor":[113,3,15,15,32,32,57,57,137,152,177,177,191,191,191,263,263,243,263,10,10,23,23,122,37,61,75,106,123,143,15,15,92,92,106,1105,1115,470,489,489,489,144,144,172,188,218,36,56,56,56],"floor_reached":51,"playtime":1989,"items_purged":["Normality","Normality","Regret"],"score":1378,"play_id":"840fddf9-f32a-4d9f-bcbc-c62f3ba8a40a","local_time":"20181104130252","is_ascension_mode":true,"campfire_choices":[{"data":"Dash","floor":6,"key":"SMITH"},{"floor":8,"key":"REST"},{"data":"Footwork","floor":12,"key":"SMITH"},{"data":"Catalyst","floor":15,"key":"SMITH"},{"floor":32,"key":"REST"},{"data":"Burst","floor":40,"key":"SMITH"},{"floor":49,"key":"REST"}],"neow_cost":"TEN_PERCENT_HP_LOSS","seed_source_timestamp":2144453525292372,"circlet_count":0,"master_deck":["AscendersBane","Survivor","Neutralize","Poisoned Stab","Footwork+1","Distraction","Poisoned Stab","Dash+1","Well Laid Plans","Footwork","Well Laid Plans","Catalyst+1","Doppelganger","Backflip","Deflect","Well Laid Plans","PiercingWail","Noxious Fumes","Quick Slash+1","Bane","Corpse Explosion","Catalyst","Noxious Fumes","Deflect","Burst+1","Poisoned Stab","Slice","Underhanded Strike","Infinite Blades","Catalyst","Bane","Slice","Expertise","Slice","Crippling Poison+1","Well Laid Plans","Calculated Gamble+1","Good Instincts","Good Instincts","Clumsy","Caltrops","Acrobatics+1","Footwork","Dodge and Roll"],"relics":["Ring of the Snake","Mango","Orichalcum","Shuriken","Calipers","Cursed Key","Happy Flower","Thread and Needle","Oddly Smooth Stone","Bronze Scales","Ancient Tea Set","Pandora\u0027s Box","Ninja Scroll","Paper Crane","Kunai","Omamori","Pantograph","Smiling Mask"],"potions_floor_usage":[7,11,27,28,28,30,44,46,48],"damage_taken":[{"damage":10,"enemies":"Cultist","floor":1,"turns":5},{"damage":4,"enemies":"2 Louse","floor":3,"turns":5},{"damage":0,"enemies":"Jaw Worm","floor":5,"turns":4},{"damage":26,"enemies":"Lagavulin","floor":7,"turns":7},{"damage":0,"enemies":"Red Slaver","floor":10,"turns":5},{"damage":4,"enemies":"3 Sentries","floor":11,"turns":9},{"damage":3,"enemies":"Blue Slaver","floor":13,"turns":5},{"damage":28,"enemies":"The Guardian","floor":16,"turns":9},{"damage":6,"enemies":"2 Thieves","floor":18,"turns":4},{"damage":8,"enemies":"Shell Parasite","floor":19,"turns":7},{"damage":8,"enemies":"Snake Plant","floor":22,"turns":6},{"damage":1,"enemies":"Chosen and Byrds","floor":27,"turns":6},{"damage":20,"enemies":"Book of Stabbing","floor":28,"turns":6},{"damage":8,"enemies":"3 Cultists","floor":29,"turns":5},{"damage":3,"enemies":"Cultist and Chosen","floor":30,"turns":6},{"damage":5,"enemies":"Champ","floor":33,"turns":5},{"damage":2,"enemies":"Orb Walker","floor":35,"turns":3},{"damage":20,"enemies":"3 Shapes","floor":37,"turns":4},{"damage":3,"enemies":"3 Darklings","floor":39,"turns":2},{"damage":0,"enemies":"Giant Head","floor":44,"turns":7},{"damage":11,"enemies":"Jaw Worm Horde","floor":45,"turns":2},{"damage":13,"enemies":"Reptomancer","floor":46,"turns":5},{"damage":0,"enemies":"Transient","floor":48,"turns":5},{"damage":21,"enemies":"Donu and Deca","floor":50,"turns":5}],"seed_played":"-3741563147142517556","potions_obtained":[{"floor":3,"key":"Strength Potion"},{"floor":5,"key":"Explosive Potion"},{"floor":10,"key":"Fire Potion"},{"floor":13,"key":"Block Potion"},{"floor":19,"key":"Regen Potion"},{"floor":27,"key":"LiquidBronze"},{"floor":28,"key":"SpeedPotion"},{"floor":29,"key":"AttackPotion"},{"floor":33,"key":"SteroidPotion"},{"floor":39,"key":"PowerPotion"},{"floor":45,"key":"GhostInAJar"}],"is_trial":false,"path_per_floor":["M","$","M","$","M","R","E","R","T","M","E","R","M","?","R","B",null,"M","M","$","?","M","?","?","?","T","M","E","M","M","$","R","B",null,"M","?","M","$","M","R","?","$","T","E","M","E","$","M","R","B",null],"character_chosen":"THE_SILENT","items_purchased":["Footwork","Distraction","Well Laid Plans","Happy Flower","PiercingWail","Noxious Fumes","Deflect","Ninja Scroll","Well Laid Plans","Paper Crane","Kunai","Swift Potion","Footwork"],"campfire_rested":3,"item_purchase_floors":[2,2,20,20,20,31,31,38,38,38,42,47,47],"current_hp_per_floor":[63,63,59,59,59,59,33,55,55,55,51,51,48,53,53,25,66,60,52,52,52,44,44,44,44,44,43,38,30,27,27,50,45,71,69,69,49,49,46,46,41,41,41,41,30,17,17,17,40,44],"gold":56,"neow_bonus":"ONE_RARE_RELIC","is_prod":false,"is_daily":false,"chose_seed":false,"campfire_upgraded":4,"win_rate":0,"timestamp":1541365372,"path_taken":["M","$","?","$","M","R","E","R","T","M","E","R","M","?","R","BOSS","M","M","$","?","?","?","?","?","T","M","E","?","M","$","R","BOSS","M","?","M","$","M","R","?","$","T","E","M","E","$","M","R","BOSS"],"build_version":"2018-11-01","purchased_purges":3,"victory":true,"max_hp_per_floor":[74,74,74,74,74,74,74,74,74,74,74,74,74,79,79,79,79,79,79,79,79,79,79,79,79,79,79,79,79,79,79,79,79,79,79,79,79,79,79,79,79,79,79,79,79,79,79,79,79,79],"card_choices":[{"not_picked":["Slice","Underhanded Strike"],"picked":"Poisoned Stab","floor":1},{"not_picked":["Skewer","Burst"],"picked":"Poisoned Stab","floor":3},{"not_picked":["Backflip","Quick Slash"],"picked":"Dash","floor":5},{"not_picked":["Quick Slash","Sucker Punch"],"picked":"Well Laid Plans","floor":7},{"not_picked":["Slice","Night Terror"],"picked":"Footwork","floor":10},{"not_picked":["Flechettes","Prepared"],"picked":"Well Laid Plans","floor":11},{"not_picked":["Infinite Blades","Underhanded Strike"],"picked":"Catalyst","floor":13},{"not_picked":["Grand Finale","A Thousand Cuts"],"picked":"Doppelganger","floor":16},{"not_picked":["Masterful Stab","Blade Dance"],"picked":"Backflip","floor":18},{"not_picked":["Flying Knee","Outmaneuver+1"],"picked":"Deflect","floor":19},{"not_picked":["Concentrate","Outmaneuver"],"picked":"Quick Slash+1","floor":22},{"not_picked":["Poisoned Stab","PiercingWail"],"picked":"Bane","floor":27},{"not_picked":["Dagger Throw","Underhanded Strike"],"picked":"Corpse Explosion","floor":28},{"not_picked":["Blade Dance","Backflip","Outmaneuver"],"picked":"SKIP","floor":29},{"not_picked":["Infinite Blades","Prepared"],"picked":"Catalyst","floor":30},{"not_picked":["Wraith Form v2","A Thousand Cuts"],"picked":"Burst","floor":33},{"not_picked":["Acrobatics","Reflex+1"],"picked":"Crippling Poison+1","floor":35},{"not_picked":["Predator","Flechettes","Blade Dance+1"],"picked":"SKIP","floor":37},{"not_picked":["Deflect+1","Infinite Blades"],"picked":"Calculated Gamble+1","floor":39},{"not_picked":["Swift Strike","Madness"],"picked":"Good Instincts","floor":41},{"not_picked":["Master of Strategy","Flash of Steel"],"picked":"Good Instincts","floor":41},{"not_picked":["Dagger Spray","Deadly Poison"],"picked":"Caltrops","floor":44},{"not_picked":["Heel Hook+1","Dagger Throw"],"picked":"Acrobatics+1","floor":45},{"not_picked":["Blade Dance","Grand Finale","Phantasmal Killer"],"picked":"SKIP","floor":46},{"not_picked":["Dagger Throw","Outmaneuver"],"picked":"Dodge and Roll","floor":48}],"player_experience":854891,"relics_obtained":[{"floor":7,"key":"Orichalcum"},{"floor":9,"key":"Shuriken"},{"floor":11,"key":"Calipers"},{"floor":26,"key":"Bronze Scales"},{"floor":28,"key":"Ancient Tea Set"},{"floor":43,"key":"Omamori"},{"floor":44,"key":"Pantograph"},{"floor":46,"key":"Smiling Mask"}],"event_choices":[{"damage_healed":0,"gold_gain":0,"player_choice":"Donut","damage_taken":0,"max_hp_gain":5,"max_hp_loss":0,"event_name":"Big Fish","floor":14,"gold_loss":0},{"damage_healed":0,"gold_gain":0,"cards_transformed":["Strike_G"],"player_choice":"Transformed","damage_taken":0,"max_hp_gain":0,"max_hp_loss":0,"event_name":"Transmorgrifier","floor":21,"gold_loss":0,"cards_obtained":["Noxious Fumes"]},{"damage_healed":0,"gold_gain":0,"player_choice":"Opened","damage_taken":0,"relics_obtained":["Thread and Needle"],"max_hp_gain":0,"max_hp_loss":0,"event_name":"The Mausoleum","floor":23,"gold_loss":0},{"damage_healed":0,"gold_gain":99,"player_choice":"Stole From Cult","damage_taken":0,"max_hp_gain":0,"max_hp_loss":0,"event_name":"Nest","floor":24,"gold_loss":0},{"damage_healed":0,"gold_gain":0,"player_choice":"Obtained Relic","damage_taken":0,"relics_obtained":["Oddly Smooth Stone"],"max_hp_gain":0,"max_hp_loss":0,"event_name":"Addict","floor":25,"gold_loss":85},{"damage_healed":0,"gold_gain":999,"player_choice":"Gold","damage_taken":0,"max_hp_gain":0,"max_hp_loss":0,"event_name":"MindBloom","floor":36,"gold_loss":0,"cards_obtained":["Normality","Normality"]},{"damage_healed":0,"gold_gain":0,"player_choice":"Memory 2","damage_taken":5,"max_hp_gain":0,"max_hp_loss":0,"event_name":"SensoryStone","floor":41,"gold_loss":0}],"is_beta":false,"boss_relics":[{"not_picked":["Orrery","Ectoplasm"],"picked":"Cursed Key"},{"not_picked":["Eternal Feather","Velvet Choker"],"picked":"Pandora\u0027s Box"}],"items_purged_floors":[38,42,47],"is_endless":false,"potions_floor_spawned":[3,5,10,13,19,27,28,29,33,39,45],"ascension_level":14}