{"gold_per_floor":[119,138,88,88,99,132,132,8,8,19,33,63,63,90,90,188,188,205,218,244,4,23,54,65,90,145,176,186,186,186,196,196,295,295,314,328,345,123,137,165,175,204,204,231,231,231,248,259,259,259],"floor_reached":51,"playtime":8293,"items_purged":["Strike_B","Strike_B","Strike_B"],"score":1215,"play_id":"49fe1622-ae69-4434-b1d3-2d3bf48b1052","local_time":"20190327142350","is_ascension_mode":true,"campfire_choices":[{"data":"Loop","floor":7.0,"key":"SMITH"},{"data":"Zap","floor":13.0,"key":"SMITH"},{"data":"Self Repair","floor":15.0,"key":"SMITH"},{"data":"Seek","floor":29,"key":"SMITH"},{"data":"Biased Cognition","floor":32,"key":"SMITH"},{"data":"Dualcast","floor":46,"key":"SMITH"},{"floor":49,"key":"REST"}],"neow_cost":"NONE","seed_source_timestamp":0,"circlet_count":0,"master_deck":["Defend_B","Defend_B","Defend_B","Defend_B","Zap+1","Dualcast+1","Conserve Battery","Loop+1","BootSequence","Cold Snap+1","Barrage+1","Self Repair+1","Electrodynamics","Ball Lightning+1","Biased Cognition+1","Chill","Go for the Eyes+1","Conserve Battery","Consume+1","Redo+1","Turbo+1","Rebound+1","Seek+1","FTL+1","Machine Learning","Barrage+1","Cold Snap+1","Double Energy+1","Rainbow","Cold Snap+1","Rebound+1","Blizzard+1","Auto Shields+1"],"special_seed":0,"relics":["Cracked Core","Molten Egg 2","Dream Catcher","The Courier","Art of War","Philosopher\u0027s Stone","Red Mask","Runic Capacitor","StoneCalendar","Regal Pillow","Vajra","Strawberry","Inserter","Happy Flower","Darkstone Periapt","Bottled Tornado","Pear","DataDisk","NlothsMask"],"potions_floor_usage":[20,23,25,27,31,37,40,47],"damage_taken":[{"damage":0.0,"enemies":"2 Louse","floor":1.0,"turns":4.0},{"damage":2.0,"enemies":"Jaw Worm","floor":2.0,"turns":4.0},{"damage":0.0,"enemies":"Small Slimes","floor":5.0,"turns":4.0},{"damage":32.0,"enemies":"Lagavulin","floor":6.0,"turns":8.0},{"damage":0.0,"enemies":"Gremlin Gang","floor":10.0,"turns":3.0},{"damage":6.0,"enemies":"Exordium Wildlife","floor":11.0,"turns":4.0},{"damage":12.0,"enemies":"3 Sentries","floor":12.0,"turns":7.0},{"damage":5.0,"enemies":"Gremlin Nob","floor":14.0,"turns":4.0},{"damage":0.0,"enemies":"Hexaghost","floor":16.0,"turns":9.0},{"damage":6.0,"enemies":"2 Thieves","floor":18.0,"turns":4.0},{"damage":0.0,"enemies":"Shell Parasite","floor":19.0,"turns":3.0},{"damage":0,"enemies":"Masked Bandits","floor":20,"turns":5},{"damage":2,"enemies":"3 Cultists","floor":22,"turns":3},{"damage":7,"enemies":"Book of Stabbing","floor":23,"turns":4},{"damage":0,"enemies":"Centurion and Healer","floor":24,"turns":5},{"damage":6,"enemies":"Gremlin Leader","floor":25,"turns":5},{"damage":7,"enemies":"Slavers","floor":27,"turns":4},{"damage":20,"enemies":"Snake Plant","floor":28,"turns":4},{"damage":3,"enemies":"Snecko","floor":31,"turns":5},{"damage":15,"enemies":"Champ","floor":33,"turns":7},{"damage":2,"enemies":"3 Shapes","floor":35,"turns":5},{"damage":12,"enemies":"3 Darklings","floor":36,"turns":4},{"damage":2,"enemies":"4 Shapes","floor":37,"turns":5},{"damage":14,"enemies":"Sphere and 2 Shapes","floor":39,"turns":5},{"damage":21,"enemies":"Giant Head","floor":40,"turns":7},{"damage":32,"enemies":"Transient","floor":41,"turns":5},{"damage":21,"enemies":"Reptomancer","floor":42,"turns":4},{"damage":8,"enemies":"Nemesis","floor":44,"turns":5},{"damage":6,"enemies":"Spire Growth","floor":47,"turns":4},{"damage":2,"enemies":"Jaw Worm Horde","floor":48,"turns":3},{"damage":29,"enemies":"Time Eater","floor":50,"turns":9}],"seed_played":"530259970077178654","potions_obtained":[{"floor":2.0,"key":"Dexterity Potion"},{"floor":10.0,"key":"Energy Potion"},{"floor":12.0,"key":"EntropicBrew"},{"floor":14.0,"key":"Weak Potion"},{"floor":18.0,"key":"EssenceOfSteel"},{"floor":19.0,"key":"LiquidBronze"},{"floor":23,"key":"SkillPotion"},{"floor":25,"key":"PowerPotion"},{"floor":27,"key":"Energy Potion"},{"floor":28,"key":"Weak Potion"},{"floor":35,"key":"Poison Potion"},{"floor":40,"key":"Ancient Potion"},{"floor":41,"key":"SteroidPotion"},{"floor":44,"key":"FearPotion"},{"floor":47,"key":"Explosive Potion"},{"floor":48,"key":"Fire Potion"}],"is_trial":false,"path_per_floor":["M","M","?","?","M","E","R","$","T","M","M","E","R","E","R","B",null,"M","M","?","$","M","E","M","E","T","E","M","R","?","M","R","B",null,"M","M","M","$","M","E","M","E","T","E","?","R","M","M","R","B",null],"character_chosen":"DEFECT","items_purchased":["Fire Potion","Runic Capacitor","Happy Flower"],"campfire_rested":1,"item_purchase_floors":[8,21,38],"current_hp_per_floor":[75,73,73,73,73,41,41,41,41,41,35,30,30,32,32,42,72,66,76,76,76,74,77,82,82,82,89,79,79,79,86,86,81,87,89,87,89,89,85,74,52,41,51,53,53,53,57,55,99,80],"gold":259,"neow_bonus":"TEN_PERCENT_HP_BONUS","is_prod":false,"is_daily":false,"chose_seed":false,"campfire_upgraded":6,"win_rate":0,"timestamp":1553696630,"path_taken":["M","M","?","?","M","E","R","$","T","M","M","E","R","E","R","BOSS","M","M","?","$","M","E","M","E","T","E","M","R","?","?","R","BOSS","M","M","M","$","M","E","M","E","T","E","?","R","?","M","R","BOSS"],"build_version":"2019-01-23","purchased_purges":3,"victory":true,"max_hp_per_floor":[82,82,82,82,82,82,82,82,82,82,82,82,82,82,82,82,82,82,82,82,82,82,82,82,82,82,89,89,89,89,89,89,89,89,89,89,89,89,89,89,89,89,99,99,99,99,99,99,99,99],"card_choices":[{"not_picked":["Leap","Hologram"],"picked":"Conserve Battery","floor":1.0},{"not_picked":["Rebound","Storm"],"picked":"Loop","floor":2.0},{"not_picked":["Heatsinks","Ball Lightning"],"picked":"BootSequence","floor":5.0},{"not_picked":["Ball Lightning","Leap"],"picked":"Cold Snap","floor":6.0},{"not_picked":["Go for the Eyes+1","Steam"],"picked":"Barrage+1","floor":10.0},{"not_picked":["Chaos","Coolheaded"],"picked":"Self Repair","floor":11.0},{"not_picked":["Redo","Conserve Battery"],"picked":"Electrodynamics","floor":12.0},{"not_picked":["Beam Cell+1","Rebound+1"],"picked":"Ball Lightning+1","floor":14.0},{"not_picked":["Electrodynamics","Hyperbeam+1"],"picked":"Biased Cognition","floor":16.0},{"not_picked":["Redo","Aggregate"],"picked":"Chill","floor":18.0},{"not_picked":["Doom and Gloom+1","Compile Driver+1"],"picked":"Go for the Eyes+1","floor":19.0},{"not_picked":["Beam Cell+1","Genetic Algorithm"],"picked":"Conserve Battery","floor":20},{"not_picked":["Conserve Battery","Scrape+1"],"picked":"Consume+1","floor":22},{"not_picked":["Beam Cell+1","Biased Cognition"],"picked":"Redo+1","floor":23},{"not_picked":["Cold Snap+1","Redo"],"picked":"Turbo+1","floor":24},{"not_picked":["Streamline+1","Cold Snap+1"],"picked":"Rebound+1","floor":25},{"not_picked":["Leap","Reprogram"],"picked":"Seek","floor":27},{"not_picked":["Consume","Chaos","Beam Cell+1"],"picked":"SKIP","floor":28},{"not_picked":["Conserve Battery","Turbo+1","Undo+1"],"picked":"SKIP","floor":31},{"not_picked":["Amplify","Hyperbeam+1"],"picked":"Machine Learning","floor":33},{"not_picked":["Reinforced Body","Gash+1"],"picked":"Barrage+1","floor":35},{"not_picked":["White Noise","Beam Cell+1"],"picked":"Cold Snap+1","floor":36},{"not_picked":["Genetic Algorithm","Turbo"],"picked":"Double Energy+1","floor":37},{"not_picked":["Turbo+1","Compile Driver+1","Gash+1"],"picked":"SKIP","floor":39},{"not_picked":["Redo+1","Reinforced Body"],"picked":"Rainbow","floor":40},{"not_picked":["Sunder+1","Turbo+1","Gash+1"],"picked":"SKIP","floor":41},{"not_picked":["Fusion","Rebound+1"],"picked":"Cold Snap+1","floor":42},{"not_picked":["Stack","Leap"],"picked":"Rebound+1","floor":44},{"not_picked":["Streamline+1","Go for the Eyes+1"],"picked":"Blizzard+1","floor":47},{"not_picked":["Rebound+1","Cold Snap+1","Darkness+1"],"picked":"SKIP","floor":48},{"not_picked":["Electrodynamics","Conserve Battery"],"picked":"Auto Shields+1","floor":49}],"player_experience":791032,"relics_obtained":[{"floor":6.0,"key":"Molten Egg 2"},{"floor":9.0,"key":"Dream Catcher"},{"floor":12.0,"key":"The Courier"},{"floor":14.0,"key":"Art of War"},{"floor":20,"key":"Red Mask"},{"floor":23,"key":"StoneCalendar"},{"floor":25,"key":"Regal Pillow"},{"floor":26,"key":"Vajra"},{"floor":27,"key":"Strawberry"},{"floor":40,"key":"Darkstone Periapt"},{"floor":42,"key":"Bottled Tornado"},{"floor":43,"key":"Pear"},{"floor":44,"key":"DataDisk"}],"event_choices":[{"cards_removed":["Strike_B"],"damage_healed":0.0,"max_hp_gain":0.0,"max_hp_loss":0.0,"gold_gain":0.0,"event_name":"The Cleric","player_choice":"Card Removal","floor":3.0,"gold_loss":50.0,"damage_taken":0.0},{"damage_healed":0.0,"max_hp_gain":0.0,"max_hp_loss":0.0,"gold_gain":0.0,"event_name":"Liars Game","player_choice":"Ignored","floor":4.0,"gold_loss":0.0,"damage_taken":0.0},{"damage_healed":0,"gold_gain":0,"player_choice":"Fought Bandits","damage_taken":0,"max_hp_gain":0,"max_hp_loss":0,"event_name":"Masked Bandits","floor":20,"gold_loss":0},{"damage_healed":0,"gold_gain":0,"player_choice":"1 cards matched","damage_taken":0,"max_hp_gain":0,"max_hp_loss":0,"event_name":"Match and Keep!","floor":30,"gold_loss":0,"cards_obtained":["FTL"]},{"damage_healed":0,"gold_gain":0,"player_choice":"Trade","damage_taken":0,"relics_obtained":["NlothsMask"],"max_hp_gain":0,"max_hp_loss":0,"event_name":"FaceTrader","floor":45,"gold_loss":0}],"is_beta":false,"boss_relics":[{"not_picked":["Runic Pyramid","Busted Crown"],"picked":"Philosopher\u0027s Stone"},{"not_picked":["Pandora\u0027s Box","Eternal Feather"],"picked":"Inserter"}],"items_purged_floors":[8,21,38],"is_endless":false,"potions_floor_spawned":[2,10,12,14,18,19,23,25,27,28,35,40,41,44,47,48],"ascension_level":9}