{"gold_per_floor":[11,29,45,45,10,10,43,63,63,63,96,96,125,125,125,224,224,243,262,34,34,34,34],"floor_reached":23,"playtime":1241,"items_purged":[],"score":394,"play_id":"e0205223-f7a1-4301-8340-f81eaff419ce","local_time":"20190415142846","is_ascension_mode":true,"campfire_choices":[{"data":"Skewer","floor":6,"key":"SMITH"},{"data":"Neutralize","floor":10,"key":"SMITH"},{"data":"Cloak And Dagger","floor":12,"key":"SMITH"},{"data":"Survivor","floor":15,"key":"SMITH"}],"neow_cost":"NO_GOLD","seed_source_timestamp":278070537279221,"circlet_count":0,"master_deck":["AscendersBane","Defend_G","Defend_G","Defend_G","Defend_G","Defend_G","Strike_G","Strike_G","Strike_G","Strike_G","Strike_G","Survivor+1","Neutralize+1","Slice","Backstab","Skewer+1","Infinite Blades","Cloak And Dagger+1","Terror","Leg Sweep+1","Corpse Explosion","PiercingWail","RitualDagger"],"relics":["Ring of the Snake","Turnip","Golden Idol","Ancient Tea Set","Juzu Bracelet","Blue Candle","Odd Mushroom","Black Star","Chemical X"],"potions_floor_usage":[7,11,16,16,19],"damage_taken":[{"damage":7,"enemies":"Jaw Worm","floor":1,"turns":5},{"damage":7,"enemies":"Small Slimes","floor":2,"turns":5},{"damage":0,"enemies":"2 Louse","floor":3,"turns":3},{"damage":14,"enemies":"Gremlin Nob","floor":7,"turns":4},{"damage":0,"enemies":"2 Fungi Beasts","floor":8,"turns":3},{"damage":15,"enemies":"Lagavulin","floor":11,"turns":4},{"damage":0,"enemies":"The Mushroom Lair","floor":13,"turns":3},{"damage":1,"enemies":"The Guardian","floor":16,"turns":9},{"damage":13,"enemies":"Shell Parasite","floor":18,"turns":7},{"damage":3,"enemies":"Chosen","floor":19,"turns":4},{"damage":33,"enemies":"Book of Stabbing","floor":23,"turns":4}],"seed_played":"6267800612801205520","potions_obtained":[{"floor":2,"key":"LiquidBronze"},{"floor":3,"key":"Block Potion"},{"floor":8,"key":"SteroidPotion"},{"floor":11,"key":"EssenceOfSteel"},{"floor":18,"key":"Dexterity Potion"}],"is_trial":false,"path_per_floor":["M","M","M","?","?","R","E","M","T","R","E","R","?","?","R","B",null,"M","M","$","?","?","E"],"character_chosen":"THE_SILENT","items_purchased":["Chemical X"],"campfire_rested":0,"item_purchase_floors":[20],"current_hp_per_floor":[52,45,45,45,60,60,46,46,46,46,31,31,31,31,31,30,53,40,37,37,37,31,0],"gold":34,"neow_bonus":"ONE_RARE_RELIC","is_prod":false,"is_daily":false,"chose_seed":false,"campfire_upgraded":4,"win_rate":0,"timestamp":1555334926,"path_taken":["M","M","M","?","?","R","E","M","T","R","E","R","?","?","R","BOSS","M","M","$","?","?","E"],"build_version":"2019-01-23","purchased_purges":0,"victory":false,"max_hp_per_floor":[66,66,66,60,60,60,60,60,60,60,60,60,60,60,60,60,60,60,60,60,60,60,60],"card_choices":[{"not_picked":["Underhanded Strike","Dodge and Roll"],"picked":"Slice","floor":1},{"not_picked":["Crippling Poison","Outmaneuver"],"picked":"Backstab","floor":2},{"not_picked":["Slice","Dash"],"picked":"Skewer","floor":3},{"not_picked":["Flechettes","Catalyst"],"picked":"Infinite Blades","floor":7},{"not_picked":["Backflip","Deadly Poison"],"picked":"Cloak And Dagger","floor":8},{"not_picked":["Eviscerate","Blur"],"picked":"Terror","floor":11},{"not_picked":["Sucker Punch","Quick Slash"],"picked":"Leg Sweep","floor":13},{"not_picked":["Storm of Steel","Malaise"],"picked":"Corpse Explosion","floor":16},{"not_picked":["Infinite Blades","Dagger Spray","Slice"],"picked":"SKIP","floor":18},{"not_picked":["Dagger Throw","Sucker Punch","Blade Dance"],"picked":"SKIP","floor":19}],"player_experience":1082212,"relics_obtained":[{"floor":7,"key":"Ancient Tea Set"},{"floor":9,"key":"Juzu Bracelet"},{"floor":11,"key":"Blue Candle"},{"floor":13,"key":"Odd Mushroom"}],"event_choices":[{"damage_healed":0,"gold_gain":0,"player_choice":"Lose Max HP","damage_taken":0,"relics_obtained":["Golden Idol"],"max_hp_gain":0,"max_hp_loss":6,"event_name":"Golden Idol","floor":4,"gold_loss":0},{"damage_healed":15,"gold_gain":0,"player_choice":"Healed","damage_taken":0,"max_hp_gain":0,"max_hp_loss":0,"event_name":"The Cleric","floor":5,"gold_loss":35},{"damage_healed":0,"gold_gain":0,"player_choice":"Fought Mushrooms","damage_taken":0,"max_hp_gain":0,"max_hp_loss":0,"event_name":"Mushrooms","floor":13,"gold_loss":0},{"damage_healed":0,"gold_gain":0,"player_choice":"Grow","damage_taken":0,"max_hp_gain":0,"max_hp_loss":0,"event_name":"Living Wall","floor":14,"gold_loss":0,"cards_upgraded":["Leg Sweep"]},{"damage_healed":0,"gold_gain":0,"player_choice":"Read","damage_taken":0,"max_hp_gain":0,"max_hp_loss":0,"event_name":"The Library","floor":21,"gold_loss":0,"cards_obtained":["PiercingWail"]},{"damage_healed":0,"gold_gain":0,"player_choice":"Joined the Cult","damage_taken":6,"max_hp_gain":0,"max_hp_loss":0,"event_name":"Nest","floor":22,"gold_loss":0,"cards_obtained":["RitualDagger"]}],"is_beta":false,"boss_relics":[{"not_picked":["Runic Pyramid","Empty Cage"],"picked":"Black Star"}],"items_purged_floors":[],"is_endless":false,"potions_floor_spawned":[2,3,8,11,18],"killed_by":"Book of Stabbing","ascension_level":20}