{"gold_per_floor":[117,117,292,310,310,348,372,372],"floor_reached":8,"playtime":199,"items_purged":[],"score":62,"play_id":"00d79092-1cec-41bd-8d1a-d2850e0fbb27","local_time":"20190415041236","is_ascension_mode":true,"campfire_choices":[],"neow_cost":"NONE","seed_source_timestamp":265801565895900,"circlet_count":0,"master_deck":["Strike_B","Strike_B","Strike_B","Defend_B","Defend_B","Defend_B","Defend_B","Zap","Dualcast","Ball Lightning","Doubt","Hello World","Hello World","Force Field"],"relics":["Cracked Core","Golden Idol","Happy Flower"],"potions_floor_usage":[8],"damage_taken":[{"damage":1,"enemies":"2 Louse","floor":1,"turns":2},{"damage":2,"enemies":"Jaw Worm","floor":4,"turns":3},{"damage":19,"enemies":"Gremlin Nob","floor":6,"turns":4},{"damage":21,"enemies":"Small Slimes","floor":7,"turns":3},{"damage":15,"enemies":"The Mushroom Lair","floor":8,"turns":2}],"seed_played":"1193790208501761805","potions_obtained":[{"floor":4,"key":"Energy Potion"},{"floor":7,"key":"FocusPotion"}],"is_trial":false,"path_per_floor":["M","?","?","M","?","E","M","?"],"character_chosen":"DEFECT","items_purchased":[],"campfire_rested":0,"item_purchase_floors":[],"current_hp_per_floor":[81,74,74,72,52,33,12,0],"gold":372,"neow_bonus":"TEN_PERCENT_HP_BONUS","is_prod":false,"is_daily":false,"chose_seed":false,"campfire_upgraded":0,"win_rate":0,"timestamp":1555326756,"path_taken":["M","?","?","M","?","E","M","?"],"build_version":"2019-01-23","purchased_purges":0,"victory":false,"max_hp_per_floor":[82,82,82,82,82,82,82,82],"card_choices":[{"not_picked":["Beam Cell","Conserve Battery"],"picked":"Ball Lightning","floor":1},{"not_picked":["Redo","Sweeping Beam"],"picked":"Hello World","floor":4},{"not_picked":["Beam Cell","Steam"],"picked":"Hello World","floor":6},{"not_picked":["Rip and Tear","Sweeping Beam"],"picked":"Force Field","floor":7}],"player_experience":116275,"relics_obtained":[{"floor":6,"key":"Happy Flower"}],"event_choices":[{"cards_removed":["Strike_B"],"damage_healed":0,"gold_gain":0,"player_choice":"Card Removal","damage_taken":7,"max_hp_gain":0,"max_hp_loss":0,"event_name":"Golden Wing","floor":2,"gold_loss":0},{"damage_healed":0,"gold_gain":175,"player_choice":"AGREE","damage_taken":0,"max_hp_gain":0,"max_hp_loss":0,"event_name":"Liars Game","floor":3,"gold_loss":0,"cards_obtained":["Doubt"]},{"damage_healed":0,"gold_gain":0,"player_choice":"Take Damage","damage_taken":20,"relics_obtained":["Golden Idol"],"max_hp_gain":0,"max_hp_loss":0,"event_name":"Golden Idol","floor":5,"gold_loss":0},{"damage_healed":0,"gold_gain":0,"player_choice":"Fought Mushrooms","damage_taken":0,"max_hp_gain":0,"max_hp_loss":0,"event_name":"Mushrooms","floor":8,"gold_loss":0}],"is_beta":false,"boss_relics":[],"items_purged_floors":[],"is_endless":false,"potions_floor_spawned":[4,7],"killed_by":"The Mushroom Lair","ascension_level":2}