{"gold_per_floor":[213,163,163,163,180,180,208,0,0,0],"floor_reached":10,"playtime":141,"items_purged":[],"score":109,"play_id":"4a260d93-7eec-4420-8d33-623afd6e28ab","local_time":"20181103234046","is_ascension_mode":true,"campfire_choices":[{"data":"Noxious Fumes","floor":6,"key":"SMITH"}],"neow_cost":"NONE","seed_source_timestamp":2094618253041301,"circlet_count":0,"master_deck":["AscendersBane","Defend_G","Defend_G","Defend_G","Defend_G","Defend_G","Strike_G","Strike_G","Strike_G","Strike_G","Survivor","Neutralize","Noxious Fumes","Noxious Fumes+1","Quick Slash","Footwork","Discovery"],"relics":["Ring of the Snake","Anchor","Matryoshka"],"potions_floor_usage":[],"damage_taken":[{"damage":1,"enemies":"Small Slimes","floor":1,"turns":4},{"damage":2,"enemies":"2 Louse","floor":5,"turns":4},{"damage":30,"enemies":"Gremlin Nob","floor":7,"turns":5}],"seed_played":"-615835895795528043","potions_obtained":[{"floor":1,"key":"Fire Potion"}],"is_trial":false,"path_per_floor":["M","?","?","?","M","R","E","$","T","?"],"character_chosen":"THE_SILENT","items_purchased":["Footwork","Discovery","Block Potion"],"campfire_rested":0,"item_purchase_floors":[8,8,8],"current_hp_per_floor":[58,58,58,63,61,61,31,31,31,0],"gold":0,"neow_bonus":"HUNDRED_GOLD","is_prod":false,"is_daily":false,"chose_seed":false,"campfire_upgraded":1,"win_rate":0,"timestamp":1541313646,"path_taken":["M","?","?","?","M","R","E","$","T","?"],"build_version":"2018-11-01","purchased_purges":0,"victory":false,"max_hp_per_floor":[66,66,66,71,71,71,71,71,71,71],"card_choices":[{"not_picked":["Cloak And Dagger","Blade Dance"],"picked":"Noxious Fumes","floor":1},{"not_picked":["Skewer","Backflip"],"picked":"Noxious Fumes","floor":5},{"not_picked":["Acrobatics","Slice"],"picked":"Quick Slash","floor":7}],"player_experience":848276,"relics_obtained":[{"floor":7,"key":"Anchor"},{"floor":9,"key":"Matryoshka"}],"event_choices":[{"cards_removed":["Strike_G"],"damage_healed":0,"gold_gain":0,"player_choice":"Card Removal","damage_taken":0,"max_hp_gain":0,"max_hp_loss":0,"event_name":"The Cleric","floor":2,"gold_loss":50},{"damage_healed":0,"gold_gain":0,"player_choice":"Ignored","damage_taken":0,"max_hp_gain":0,"max_hp_loss":0,"event_name":"Liars Game","floor":3,"gold_loss":0},{"damage_healed":0,"gold_gain":0,"player_choice":"Donut","damage_taken":0,"max_hp_gain":5,"max_hp_loss":0,"event_name":"Big Fish","floor":4,"gold_loss":0}],"is_beta":false,"boss_relics":[],"items_purged_floors":[],"is_endless":false,"potions_floor_spawned":[1],"ascension_level":14}