{"gold_per_floor":[112,112,122,87,87,122,197,197,248,271,27,71,71],"floor_reached":13,"playtime":429,"items_purged":[],"score":159,"play_id":"4af11102-e6ac-4e3f-bc5f-a538cee42032","local_time":"20190316113040","is_ascension_mode":true,"campfire_choices":[{"floor":8,"key":"REST"}],"neow_cost":"CURSE","seed_source_timestamp":1024818736309595,"circlet_count":0,"master_deck":["AscendersBane","Strike_R","Strike_R","Strike_R","Strike_R+1","Strike_R","Defend_R+1","Defend_R","Defend_R","Defend_R","Bash","Decay","Armaments","Sword Boomerang","Shrug It Off"],"relics":["Burning Blood","Golden Idol","Torii","Bag of Preparation","Singing Bowl","Ancient Tea Set"],"potions_floor_usage":[12,12],"damage_taken":[{"damage":5,"enemies":"Cultist","floor":1,"turns":4},{"damage":1,"enemies":"Jaw Worm","floor":3,"turns":3},{"damage":59,"enemies":"3 Sentries","floor":6,"turns":11},{"damage":0,"enemies":"Small Slimes","floor":10,"turns":3},{"damage":35,"enemies":"Lagavulin","floor":12,"turns":5},{"damage":22,"enemies":"Exordium Wildlife","floor":13,"turns":3}],"seed_played":"2450714474342126218","potions_obtained":[{"floor":1,"key":"Strength Potion"},{"floor":6,"key":"Ancient Potion"}],"is_trial":false,"path_per_floor":["M","?","M","?","?","E","?","R","T","M","$","E","M"],"character_chosen":"IRONCLAD","items_purchased":["Singing Bowl"],"campfire_rested":1,"item_purchase_floors":[11],"current_hp_per_floor":[83,56,61,83,81,28,17,41,41,47,47,20,0],"gold":71,"neow_bonus":"TWENTY_PERCENT_HP_BONUS","is_prod":false,"is_daily":false,"chose_seed":false,"campfire_upgraded":0,"win_rate":0,"timestamp":1552750240,"path_taken":["M","?","M","?","?","E","?","R","T","M","$","E","?"],"build_version":"2019-01-23","purchased_purges":0,"victory":false,"max_hp_per_floor":[89,89,89,89,81,81,81,81,81,81,81,83,83],"card_choices":[{"not_picked":["Searing Blow","Perfected Strike","Body Slam"],"picked":"SKIP","floor":1},{"not_picked":["Sentinel","Perfected Strike"],"picked":"Armaments","floor":3},{"not_picked":["Twin Strike","Body Slam"],"picked":"Sword Boomerang","floor":6},{"not_picked":["Combust","Barricade"],"picked":"Shrug It Off","floor":10},{"not_picked":["Armaments","Entrench","Clash"],"picked":"Singing Bowl","floor":12}],"player_experience":303302,"relics_obtained":[{"floor":6,"key":"Torii"},{"floor":9,"key":"Bag of Preparation"},{"floor":12,"key":"Ancient Tea Set"}],"event_choices":[{"damage_healed":0,"gold_gain":0,"player_choice":"Entered Light","damage_taken":27,"max_hp_gain":0,"max_hp_loss":0,"event_name":"Shining Light","floor":2,"gold_loss":0,"cards_upgraded":["Strike_R","Defend_R"]},{"damage_healed":22,"gold_gain":0,"player_choice":"Healed","damage_taken":0,"max_hp_gain":0,"max_hp_loss":0,"event_name":"The Cleric","floor":4,"gold_loss":35},{"damage_healed":0,"gold_gain":0,"player_choice":"Lose Max HP","damage_taken":0,"relics_obtained":["Golden Idol"],"max_hp_gain":0,"max_hp_loss":8,"event_name":"Golden Idol","floor":5,"gold_loss":0},{"damage_healed":0,"gold_gain":75,"player_choice":"Gather Gold","damage_taken":11,"max_hp_gain":0,"max_hp_loss":0,"event_name":"World of Goop","floor":7,"gold_loss":0}],"is_beta":false,"boss_relics":[],"items_purged_floors":[],"is_endless":false,"potions_floor_spawned":[1,6,10],"killed_by":"Exordium Wildlife","ascension_level":15}