{"gold_per_floor":[126,157,181,143,175,219,231,243,282,324,336,378,404,416,428,440],"floor_reached":16,"playtime":1230,"items_purged":[],"score":198,"play_id":"4b08c3e7-f368-4c74-991a-b2df9f0bb425","local_time":"20190405120150","is_ascension_mode":true,"campfire_choices":[{"data":"Zap","floor":7.0,"key":"SMITH"},{"data":"Dualcast","floor":11.0,"key":"SMITH"},{"data":"Coolheaded","floor":15.0,"key":"SMITH"}],"neow_cost":"NONE","seed_source_timestamp":0,"circlet_count":0,"master_deck":["AscendersBane","Strike_B","Strike_B","Strike_B","Defend_B","Defend_B","Defend_B","Defend_B","Zap+1","Dualcast+1","Coolheaded+1","Cold Snap","Sweeping Beam","Compile Driver","Genetic Algorithm","Leap","Rebound","Turbo"],"special_seed":0,"relics":["Cracked Core","MawBank","DataDisk","Lantern","Dream Catcher","Matryoshka"],"potions_floor_usage":[16],"damage_taken":[{"damage":1.0,"enemies":"Cultist","floor":1.0,"turns":3.0},{"damage":7.0,"enemies":"Jaw Worm","floor":2.0,"turns":3.0},{"damage":7.0,"enemies":"Small Slimes","floor":3.0,"turns":4.0},{"damage":4.0,"enemies":"Blue Slaver","floor":5.0,"turns":4.0},{"damage":17.0,"enemies":"3 Sentries","floor":6.0,"turns":6.0},{"damage":19.0,"enemies":"Lagavulin","floor":10.0,"turns":8.0},{"damage":17.0,"enemies":"Gremlin Nob","floor":12.0,"turns":3.0},{"damage":4.0,"enemies":"Large Slime","floor":13.0,"turns":7.0},{"damage":39,"enemies":"Slime Boss","floor":16,"turns":7}],"seed_played":"-8393646403728127440","potions_obtained":[{"floor":5.0,"key":"GamblersBrew"},{"floor":10.0,"key":"FearPotion"},{"floor":12.0,"key":"Regen Potion"},{"floor":13.0,"key":"GamblersBrew"}],"is_trial":false,"path_per_floor":["M","M","M","?","M","E","R","?","T","E","R","E","M","?","R","B"],"character_chosen":"DEFECT","items_purchased":[],"campfire_rested":0,"item_purchase_floors":[],"current_hp_per_floor":[67,60,53,53,49,32,32,57,57,38,38,21,32,32,32,0],"gold":440,"neow_bonus":"RANDOM_COMMON_RELIC","is_prod":false,"is_daily":false,"chose_seed":false,"campfire_upgraded":3,"win_rate":0,"timestamp":1554462110,"path_taken":["M","M","M","?","M","E","R","?","T","E","R","E","M","?","R","BOSS"],"build_version":"2019-01-23","purchased_purges":0,"victory":false,"max_hp_per_floor":[75,75,75,75,75,75,75,75,75,75,75,75,75,75,75,75],"card_choices":[{"not_picked":["Stack","Beam Cell"],"picked":"Coolheaded","floor":1.0},{"not_picked":["Ball Lightning","Conserve Battery"],"picked":"Cold Snap","floor":2.0},{"not_picked":["Coolheaded","Rebound"],"picked":"Sweeping Beam","floor":3.0},{"not_picked":["Scrape","Hologram"],"picked":"Compile Driver","floor":5.0},{"not_picked":["Chill","Ball Lightning"],"picked":"Genetic Algorithm","floor":6.0},{"not_picked":["White Noise","Recycle"],"picked":"Leap","floor":10.0},{"not_picked":["Stack","Amplify"],"picked":"Rebound","floor":12.0},{"not_picked":["Chaos","Rebound"],"picked":"Turbo","floor":13.0}],"player_experience":911337,"relics_obtained":[{"floor":6.0,"key":"DataDisk"},{"floor":9.0,"key":"Lantern"},{"floor":10.0,"key":"Dream Catcher"},{"floor":12.0,"key":"Matryoshka"}],"event_choices":[{"cards_removed":["Strike_B"],"damage_healed":0.0,"max_hp_gain":0.0,"max_hp_loss":0.0,"gold_gain":0.0,"event_name":"The Cleric","player_choice":"Card Removal","floor":4.0,"gold_loss":50.0,"damage_taken":0.0},{"damage_healed":25.0,"max_hp_gain":0.0,"max_hp_loss":0.0,"gold_gain":0.0,"event_name":"Big Fish","player_choice":"Banana","floor":8.0,"gold_loss":0.0,"damage_taken":0.0},{"damage_healed":0.0,"max_hp_gain":0.0,"max_hp_loss":0.0,"gold_gain":0.0,"event_name":"Shining Light","player_choice":"Ignored","floor":14.0,"gold_loss":0.0,"damage_taken":0.0}],"is_beta":false,"boss_relics":[],"items_purged_floors":[],"is_endless":false,"potions_floor_spawned":[5,10,12,13],"killed_by":"Slime Boss","ascension_level":13}