{"gold_per_floor":[116,116,68,86,34,63,23,39,62,75,75,75,89,99,99,194,194,205,225,225,225,150,150,150],"floor_reached":24,"playtime":916,"items_purged":[],"score":245,"play_id":"050430bb-6164-4e66-a0b6-d9777266af8e","local_time":"20181015115535","is_ascension_mode":true,"campfire_choices":[{"floor":12,"key":"REST"},{"data":"Zap","floor":15,"key":"SMITH"},{"floor":23,"key":"REST"}],"neow_cost":"NONE","seed_source_timestamp":409922109888491,"circlet_count":0,"master_deck":["Strike_B","Strike_B","Strike_B","Strike_B","Defend_B","Defend_B","Defend_B","Zap+1","Dualcast","Conserve Battery","Conserve Battery","Gash","Hologram+1","Reinforced Body","Conserve Battery","Fusion","Coolheaded","Buffer","White Noise","Beam Cell","Beam Cell","Go for the Eyes","Sweeping Beam","Ball Lightning","Rip and Tear+1","Echo Form","Chaos"],"relics":["Cracked Core","Centennial Puzzle","Happy Flower","Orrery"],"potions_floor_usage":[16,18,19],"damage_taken":[{"damage":10,"enemies":"Small Slimes","floor":1,"turns":4},{"damage":0,"enemies":"Jaw Worm","floor":4,"turns":3},{"damage":32,"enemies":"Lagavulin","floor":6,"turns":8},{"damage":11,"enemies":"2 Louse","floor":8,"turns":2},{"damage":1,"enemies":"2 Fungi Beasts","floor":10,"turns":3},{"damage":9,"enemies":"Lots of Slimes","floor":13,"turns":4},{"damage":1,"enemies":"Blue Slaver","floor":14,"turns":4},{"damage":54,"enemies":"The Guardian","floor":16,"turns":16},{"damage":19,"enemies":"Spheric Guardian","floor":18,"turns":8},{"damage":14,"enemies":"3 Byrds","floor":19,"turns":5},{"damage":61,"enemies":"Gremlin Leader","floor":24,"turns":9}],"seed_played":"1839295182089880905","potions_obtained":[{"floor":7,"key":"Energy Potion"},{"floor":7,"key":"Ancient Potion"},{"floor":7,"key":"FairyPotion"},{"floor":8,"key":"Swift Potion"},{"floor":14,"key":"AttackPotion"},{"floor":16,"key":"Strength Potion"},{"floor":18,"key":"Dexterity Potion"}],"is_trial":false,"path_per_floor":["M","?","?","M","$","E","?","M","T","M","?","R","M","M","R","B",null,"M","M","?","?","?","R"],"character_chosen":"DEFECT","items_purchased":["Gash"],"campfire_rested":2,"item_purchase_floors":[5],"current_hp_per_floor":[72,77,77,77,77,45,45,34,34,33,33,59,50,49,49,5,67,48,34,34,34,34,60,0],"gold":150,"neow_bonus":"TEN_PERCENT_HP_BONUS","is_prod":false,"is_daily":false,"chose_seed":false,"campfire_upgraded":1,"win_rate":0,"timestamp":1539629735,"path_taken":["M","?","?","?","$","E","?","M","T","M","?","R","?","M","R","BOSS","M","M","?","?","?","R","E"],"build_version":"2018-10-11","purchased_purges":0,"victory":false,"max_hp_per_floor":[82,87,87,87,87,87,87,87,87,87,87,87,87,87,87,87,87,87,87,87,87,87,87,87],"card_choices":[{"not_picked":["Stack","Skim"],"picked":"Conserve Battery","floor":1},{"not_picked":["Sweeping Beam","Darkness"],"picked":"Conserve Battery","floor":4},{"not_picked":["Turbo","Leap"],"picked":"Hologram","floor":6},{"not_picked":["BootSequence","Loop"],"picked":"Reinforced Body","floor":8},{"not_picked":["Turbo","Skim"],"picked":"Conserve Battery","floor":10},{"not_picked":["Cold Snap","Loop"],"picked":"Fusion","floor":13},{"not_picked":["Reinforced Body","Blizzard"],"picked":"Coolheaded","floor":14},{"not_picked":["Core Surge","Amplify"],"picked":"Buffer","floor":16},{"not_picked":["Darkness","Go for the Eyes"],"picked":"White Noise","floor":17},{"not_picked":["Stack","Streamline"],"picked":"Beam Cell","floor":17},{"not_picked":["Redo","Amplify"],"picked":"Beam Cell","floor":17},{"not_picked":["Skim","Leap"],"picked":"Go for the Eyes","floor":17},{"not_picked":["Blizzard","Capacitor"],"picked":"Sweeping Beam","floor":17},{"not_picked":["Cold Snap","Loop"],"picked":"Ball Lightning","floor":18},{"not_picked":["Reinforced Body","Hologram"],"picked":"Rip and Tear+1","floor":19}],"player_experience":516075,"relics_obtained":[{"floor":6,"key":"Centennial Puzzle"},{"floor":9,"key":"Happy Flower"}],"event_choices":[{"event_name":"Big Fish","player_choice":"Donut","floor":2,"damage_taken":0},{"event_name":"World of Goop","player_choice":"Left","floor":3,"damage_taken":0},{"event_name":"The Woman in Blue","player_choice":"Bought 3 Potions","floor":7,"damage_taken":0},{"event_name":"Living Wall","player_choice":"Grow","floor":11,"damage_taken":0},{"event_name":"Ghosts","player_choice":"Ignored","floor":20,"damage_taken":0},{"event_name":"Match and Keep!","player_choice":"2 cards matched","floor":21,"damage_taken":0},{"event_name":"Beggar","player_choice":"Gave Gold","floor":22,"damage_taken":0}],"is_beta":false,"boss_relics":[{"not_picked":["Velvet Choker","Runic Dome"],"picked":"Orrery"}],"items_purged_floors":[],"is_endless":false,"potions_floor_spawned":[8,10,14,16,18],"killed_by":"Gremlin Leader","ascension_level":5}