{"gold_per_floor":[111,111,124,124,9,9,42,42,42,42,57,88,9,25,25,121,121,135,135,135,41,41,41],"floor_reached":23,"playtime":701,"items_purged":["Defend_G"],"score":385,"play_id":"7d949d60-c8b4-45a7-98d7-90caacb81183","local_time":"20181206223637","is_ascension_mode":true,"campfire_choices":[{"data":"Noxious Fumes","floor":6,"key":"SMITH"},{"data":"Die Die Die","floor":8,"key":"SMITH"},{"floor":15,"key":"REST"}],"neow_cost":"NONE","seed_source_timestamp":111987568859953,"circlet_count":0,"master_deck":["AscendersBane","Defend_G","Defend_G","Defend_G","Defend_G","Strike_G","Strike_G","Strike_G","Strike_G","Survivor","Neutralize","Dagger Spray","Deflect","Die Die Die+1","Noxious Fumes+1","Dodge and Roll","Sucker Punch","Dagger Throw","Well Laid Plans","Footwork","Venomology","Terror","Infinite Blades","Cloak And Dagger"],"relics":["Ring of the Snake","NeowsBlessing","Juzu Bracelet","Ninja Scroll","Ornamental Fan","Golden Idol","Gremlin Horn","Philosopher\u0027s Stone","Enchiridion"],"potions_floor_usage":[18,22,23],"damage_taken":[{"damage":0,"enemies":"Cultist","floor":1,"turns":1},{"damage":0,"enemies":"Small Slimes","floor":3,"turns":1},{"damage":0,"enemies":"Gremlin Nob","floor":7,"turns":1},{"damage":0,"enemies":"Jaw Worm","floor":11,"turns":4},{"damage":30,"enemies":"Lagavulin","floor":12,"turns":7},{"damage":0,"enemies":"Looter","floor":14,"turns":2},{"damage":8,"enemies":"The Guardian","floor":16,"turns":12},{"damage":3,"enemies":"2 Thieves","floor":18,"turns":4},{"damage":9,"enemies":"Colosseum Slavers","floor":22,"turns":5},{"damage":19,"enemies":"Gremlin Leader","floor":23,"turns":7}],"seed_played":"-5898097832461104163","potions_obtained":[{"floor":1,"key":"Block Potion"},{"floor":7,"key":"SpeedPotion"}],"is_trial":false,"path_per_floor":["M","?","M","?","$","R","E","R","T","?","M","E","$","M","R","B",null,"M","?","?","$","?","E"],"character_chosen":"THE_SILENT","items_purchased":["Noxious Fumes","Well Laid Plans","Infinite Blades","Cloak And Dagger"],"campfire_rested":1,"item_purchase_floors":[5,13,21,21],"current_hp_per_floor":[59,48,48,48,48,48,48,48,48,48,48,18,18,18,36,28,52,49,49,28,28,19,0],"gold":41,"neow_bonus":"THREE_ENEMY_KILL","is_prod":false,"is_daily":false,"chose_seed":false,"campfire_upgraded":2,"win_rate":0,"timestamp":1544164597,"path_taken":["M","?","M","?","$","R","E","R","T","?","M","E","$","M","R","BOSS","M","?","?","$","?","E"],"build_version":"2018-12-06","purchased_purges":1,"victory":false,"max_hp_per_floor":[66,66,66,66,66,66,66,66,66,60,60,60,60,60,60,60,60,60,60,60,60,60,60],"card_choices":[{"not_picked":["Concentrate","Underhanded Strike"],"picked":"Dagger Spray","floor":1},{"not_picked":["Sucker Punch","Choke"],"picked":"Deflect","floor":3},{"not_picked":["Eviscerate","Slice"],"picked":"Dodge and Roll","floor":7},{"not_picked":["Bane","Dagger Throw"],"picked":"Sucker Punch","floor":11},{"not_picked":["Dagger Spray","Sucker Punch"],"picked":"Dagger Throw","floor":12},{"not_picked":["Slice","Prepared"],"picked":"Footwork","floor":14},{"not_picked":["Malaise","Envenom"],"picked":"Venomology","floor":16},{"not_picked":["Blade Dance","Sucker Punch"],"picked":"Terror","floor":18}],"player_experience":996763,"relics_obtained":[{"floor":7,"key":"Ninja Scroll"},{"floor":9,"key":"Ornamental Fan"},{"floor":12,"key":"Gremlin Horn"},{"floor":20,"key":"Enchiridion"}],"event_choices":[{"damage_healed":0,"gold_gain":0,"player_choice":"Success","damage_taken":11,"relics_obtained":["Juzu Bracelet"],"max_hp_gain":0,"max_hp_loss":0,"event_name":"Scrap Ooze","floor":2,"gold_loss":0},{"damage_healed":0,"gold_gain":0,"cards_transformed":["Strike_G"],"player_choice":"Transformed","damage_taken":0,"max_hp_gain":0,"max_hp_loss":0,"event_name":"Transmorgrifier","floor":4,"gold_loss":0,"cards_obtained":["Die Die Die"]},{"damage_healed":0,"gold_gain":0,"player_choice":"Lose Max HP","damage_taken":0,"relics_obtained":["Golden Idol"],"max_hp_gain":0,"max_hp_loss":6,"event_name":"Golden Idol","floor":10,"gold_loss":0},{"damage_healed":0,"gold_gain":0,"player_choice":"Ignored","damage_taken":0,"max_hp_gain":0,"max_hp_loss":0,"event_name":"Vampires","floor":19,"gold_loss":0},{"damage_healed":0,"gold_gain":0,"player_choice":"Obtained Book","damage_taken":21,"max_hp_gain":0,"max_hp_loss":0,"event_name":"Cursed Tome","floor":20,"gold_loss":0},{"damage_healed":0,"gold_gain":0,"player_choice":"Fight","damage_taken":0,"max_hp_gain":0,"max_hp_loss":0,"event_name":"Colosseum","floor":22,"gold_loss":0},{"damage_healed":0,"gold_gain":0,"player_choice":"Fled From Nobs","damage_taken":0,"max_hp_gain":0,"max_hp_loss":0,"event_name":"Colosseum","floor":22,"gold_loss":0}],"is_beta":false,"boss_relics":[{"not_picked":["Runic Dome","Calling Bell"],"picked":"Philosopher\u0027s Stone"}],"items_purged_floors":[5],"is_endless":false,"potions_floor_spawned":[1,7,11,22],"killed_by":"Gremlin Leader","ascension_level":15}