{"gold_per_floor":[119,119,119,131,145,177,177,252,252,252,277,37,52,65,65,65],"floor_reached":16,"playtime":867,"items_purged":["Strike_G"],"score":220,"play_id":"d5c6777c-3ced-4a98-a6d4-f8aaab637d50","local_time":"20190412124057","is_ascension_mode":true,"campfire_choices":[{"floor":7,"key":"REST"},{"floor":10,"key":"REST"},{"data":"Dash","floor":15,"key":"SMITH"}],"neow_cost":"NONE","seed_source_timestamp":119958517822814,"circlet_count":0,"master_deck":["AscendersBane","Defend_G","Defend_G","Defend_G","Defend_G","Defend_G","Strike_G","Strike_G","Strike_G","Survivor","Neutralize+1","Dagger Spray","Predator","Terror","Dash+1","Cloak And Dagger"],"relics":["Ring of the Snake","Matryoshka","The Specimen","Boot","Singing Bowl","Oddly Smooth Stone"],"potions_floor_usage":[14,16],"damage_taken":[{"damage":2,"enemies":"Jaw Worm","floor":1,"turns":6},{"damage":1,"enemies":"Small Slimes","floor":4,"turns":4},{"damage":0,"enemies":"2 Louse","floor":5,"turns":2},{"damage":30,"enemies":"Gremlin Nob","floor":6,"turns":4},{"damage":18,"enemies":"Lagavulin","floor":11,"turns":7},{"damage":0,"enemies":"Large Slime","floor":13,"turns":8},{"damage":1,"enemies":"Exordium Wildlife","floor":14,"turns":3},{"damage":27,"enemies":"Slime Boss","floor":16,"turns":10}],"seed_played":"-4567257002974697408","potions_obtained":[{"floor":11,"key":"AttackPotion"},{"floor":13,"key":"Fire Potion"}],"is_trial":false,"path_per_floor":["M","?","?","M","M","E","R","?","T","R","E","$","M","M","R","B"],"character_chosen":"THE_SILENT","items_purchased":["Oddly Smooth Stone"],"campfire_rested":2,"item_purchase_floors":[12],"current_hp_per_floor":[57,52,45,44,44,14,33,22,22,41,23,23,23,24,24,0],"gold":65,"neow_bonus":"UPGRADE_CARD","is_prod":false,"is_daily":false,"chose_seed":false,"campfire_upgraded":1,"win_rate":0,"timestamp":1555094457,"path_taken":["M","?","?","M","M","E","R","?","T","R","E","$","M","M","R","BOSS"],"build_version":"2019-04-04","purchased_purges":1,"victory":false,"max_hp_per_floor":[66,66,66,66,66,66,66,66,66,66,66,66,66,68,68,68],"card_choices":[{"not_picked":["Flying Knee","PiercingWail"],"picked":"Dagger Spray","floor":1},{"not_picked":["Heel Hook","Riddle With Holes"],"picked":"Predator","floor":4},{"not_picked":["Dodge and Roll","Outmaneuver"],"picked":"Terror","floor":5},{"not_picked":["Underhanded Strike","Expertise","Finisher"],"picked":"SKIP","floor":6},{"not_picked":["Outmaneuver","Accuracy"],"picked":"Dash","floor":11},{"not_picked":["Deflect","Slice"],"picked":"Cloak And Dagger","floor":13},{"not_picked":["Grand Finale","Dagger Throw","Terror"],"picked":"Singing Bowl","floor":14}],"player_experience":2860744,"relics_obtained":[{"floor":6,"key":"The Specimen"},{"floor":9,"key":"Boot"},{"floor":11,"key":"Singing Bowl"}],"event_choices":[{"damage_healed":0,"gold_gain":0,"player_choice":"Success","damage_taken":5,"relics_obtained":["Matryoshka"],"max_hp_gain":0,"max_hp_loss":0,"event_name":"Scrap Ooze","floor":2,"gold_loss":0},{"cards_removed":["Strike_G"],"damage_healed":0,"gold_gain":0,"player_choice":"Card Removal","damage_taken":7,"max_hp_gain":0,"max_hp_loss":0,"event_name":"Golden Wing","floor":3,"gold_loss":0},{"damage_healed":0,"gold_gain":75,"player_choice":"Gather Gold","damage_taken":11,"max_hp_gain":0,"max_hp_loss":0,"event_name":"World of Goop","floor":8,"gold_loss":0}],"is_beta":true,"boss_relics":[],"items_purged_floors":[12],"is_endless":false,"potions_floor_spawned":[11,13],"killed_by":"Slime Boss","ascension_level":20}