{"gold_per_floor":[213,225,400,415,11,11,22,22,73,106,117,136,136,30,30,105,105,125,141,91,102,115,115,150,18,45,75,85,85,85],"floor_reached":30,"playtime":793,"items_purged":["Doubt"],"score":428,"play_id":"22bd32b3-12bb-4416-a010-e57558975042","local_time":"20181021022144","is_ascension_mode":true,"campfire_choices":[{"data":"Whirlwind","floor":6,"key":"SMITH"},{"data":"Inflame","floor":8,"key":"SMITH"},{"data":"Shockwave","floor":13,"key":"SMITH"},{"data":"Flame Barrier","floor":15,"key":"SMITH"},{"floor":23,"key":"REST"},{"floor":29,"key":"REST"}],"neow_cost":"NONE","seed_source_timestamp":894017605922690,"circlet_count":0,"master_deck":["Strike_R","Strike_R","Strike_R","Strike_R","Strike_R","Defend_R","Defend_R","Defend_R","Defend_R","Bash","AscendersBane","Inflame+1","Heavy Blade","Whirlwind+1","Cleave","Dramatic Entrance","Headbutt","Wild Strike","Shockwave+1","Shrug It Off","Iron Wave","Flame Barrier+1","Feed","Intimidate","Iron Wave","Cleave","Body Slam+1","Battle Trance","Inflame","Flash of Steel","Heavy Blade"],"relics":["Burning Blood","Bronze Scales","Art of War","Strawberry","Eternal Feather","Omamori","Orichalcum","Tiny Chest"],"potions_floor_usage":[10,10,16,19,21,24,24],"damage_taken":[{"damage":4,"enemies":"2 Louse","floor":1,"turns":4},{"damage":1,"enemies":"Cultist","floor":2,"turns":3},{"damage":14,"enemies":"Jaw Worm","floor":4,"turns":4},{"damage":0,"enemies":"2 Fungi Beasts","floor":7,"turns":2},{"damage":23,"enemies":"Lagavulin","floor":10,"turns":4},{"damage":0,"enemies":"Large Slime","floor":11,"turns":3},{"damage":11,"enemies":"3 Louse","floor":12,"turns":2},{"damage":41,"enemies":"Hexaghost","floor":16,"turns":8},{"damage":12,"enemies":"3 Byrds","floor":18,"turns":3},{"damage":23,"enemies":"Shell Parasite","floor":19,"turns":6},{"damage":22,"enemies":"Shelled Parasite and Fungi","floor":21,"turns":7},{"damage":30,"enemies":"Sentry and Sphere","floor":22,"turns":6},{"damage":34,"enemies":"Slavers","floor":24,"turns":5},{"damage":13,"enemies":"Centurion and Healer","floor":28,"turns":7},{"damage":66,"enemies":"Book of Stabbing","floor":30,"turns":5}],"seed_played":"-1802396044584091548","potions_obtained":[{"floor":2,"key":"SkillPotion"},{"floor":4,"key":"SteroidPotion"},{"floor":10,"key":"FearPotion"},{"floor":11,"key":"PowerPotion"},{"floor":19,"key":"LiquidBronze"},{"floor":21,"key":"FearPotion"}],"is_trial":false,"path_per_floor":["M","M","?","M","$","R","M","R","T","E","M","M","R","$","R","B",null,"M","M","$","M","M","R","E","$","T","?","M","R"],"character_chosen":"IRONCLAD","items_purchased":["Cleave","Dramatic Entrance","Bronze Scales","Headbutt","Iron Wave","Flame Barrier","Fire Potion","Inflame","Flash of Steel"],"campfire_rested":2,"item_purchase_floors":[5,5,5,5,14,14,20,25,25],"current_hp_per_floor":[70,75,75,67,67,67,73,73,73,63,69,64,64,64,64,29,69,66,49,49,36,12,53,28,28,28,28,21,66,0],"gold":85,"neow_bonus":"HUNDRED_GOLD","is_prod":false,"is_daily":false,"chose_seed":false,"campfire_upgraded":4,"win_rate":0,"timestamp":1540113704,"path_taken":["M","M","?","M","$","R","M","R","T","E","M","M","R","$","R","BOSS","M","?","$","M","M","R","E","$","T","?","M","R","E"],"build_version":"2018-10-18","purchased_purges":1,"victory":false,"max_hp_per_floor":[75,75,75,75,75,75,75,75,75,82,82,82,82,82,82,82,82,85,85,85,88,88,88,91,91,91,91,91,91,91],"card_choices":[{"not_picked":["Iron Wave","Shrug It Off"],"picked":"Inflame","floor":1},{"not_picked":["True Grit","Headbutt"],"picked":"Heavy Blade","floor":2},{"not_picked":["Sword Boomerang","Evolve"],"picked":"Whirlwind","floor":4},{"not_picked":["Sever Soul","Evolve"],"picked":"Wild Strike","floor":7},{"not_picked":["Corruption","Anger"],"picked":"Shockwave","floor":10},{"not_picked":["Carnage","Flame Barrier"],"picked":"Shrug It Off","floor":11},{"not_picked":["Entrench","Feel No Pain","Sentinel"],"picked":"SKIP","floor":12},{"not_picked":["Juggernaut","Brutality"],"picked":"Feed","floor":16},{"not_picked":["Sever Soul","Combust"],"picked":"Intimidate","floor":18},{"not_picked":["Warcry","Wild Strike"],"picked":"Iron Wave","floor":19},{"not_picked":["Bloodletting","Headbutt"],"picked":"Cleave","floor":21},{"not_picked":["Shrug It Off","Corruption"],"picked":"Body Slam+1","floor":22},{"not_picked":["Berserk","Clash+1"],"picked":"Battle Trance","floor":24},{"not_picked":["Anger","Wild Strike"],"picked":"Heavy Blade","floor":28}],"player_experience":592663,"relics_obtained":[{"floor":9,"key":"Art of War"},{"floor":10,"key":"Strawberry"},{"floor":24,"key":"Omamori"},{"floor":26,"key":"Orichalcum"}],"event_choices":[{"damage_healed":0,"gold_gain":175,"player_choice":"AGREE","damage_taken":0,"max_hp_gain":0,"max_hp_loss":0,"event_name":"Liars Game","floor":3,"gold_loss":0,"cards_obtained":["Doubt"]},{"damage_healed":0,"gold_gain":0,"player_choice":"Opened","damage_taken":0,"relics_obtained":["Tiny Chest"],"max_hp_gain":0,"max_hp_loss":0,"event_name":"The Mausoleum","floor":27,"gold_loss":0,"cards_obtained":["Writhe"]}],"is_beta":false,"boss_relics":[{"not_picked":["Runic Pyramid","Astrolabe"],"picked":"Eternal Feather"}],"items_purged_floors":[5],"is_endless":false,"potions_floor_spawned":[2,4,10,11,12,19,21],"killed_by":"Book of Stabbing","ascension_level":14}