{"path_per_floor":["M","$","M","?","?","E","$","E","T","?","M","E","R","M","R","B",null,"M","$","?","$","?","R","M","M","T","E","?","M","R","?","R","B",null,"M","?","?","?","$","E","R","$","T","R","M","E","?","E","R","B"],"character_chosen":"THE_SILENT","items_purchased":["Deflect","Sucker Punch","Deflect","Footwork","Ninja Scroll","Accuracy","Snake Skull","Acrobatics"],"gold_per_floor":[112,7,18,93,93,127,2,33,86,148,167,202,202,215,215,310,310,328,73,73,5,5,5,17,33,33,61,61,76,76,76,76,173,173,186,186,186,186,34,60,60,33,104,104,120,155,155,180,180,180],"floor_reached":51,"campfire_rested":3,"playtime":1545,"current_hp_per_floor":[63,63,61,50,70,29,29,10,10,6,6,1,37,37,37,21,58,55,55,55,55,55,55,55,42,42,42,42,32,32,32,68,1,53,48,48,48,48,48,35,35,35,35,70,70,70,70,70,70,27],"items_purged":[],"gold":180,"score":907,"play_id":"bff50b63-9422-440d-809c-e635416a1414","is_prod":false,"is_daily":false,"is_ascension_mode":true,"campfire_upgraded":5,"path_taken":["M","$","M","?","?","E","$","E","T","?","?","E","R","?","R","BOSS","M","$","?","$","?","R","M","M","T","E","?","M","R","?","R","BOSS","M","?","?","?","$","E","R","$","T","R","?","E","?","E","R","BOSS"],"build_version":"2018-02-22-PROD2","purchased_purges":0,"victory":true,"master_deck":["Defend_G+1","Defend_G+1","Defend_G+1","Defend_G+1","Defend_G+1","Strike_G+1","Strike_G+1","Strike_G+1","Strike_G+1","Strike_G+1","Survivor","Neutralize","Poisoned Stab+1","Deflect","Sucker Punch","Cloak And Dagger+1","Heel Hook","Deflect","Footwork","Adrenaline+1","Poisoned Stab","Sucker Punch+1","Footwork","Slice","Envenom+1","Deadly Poison","Accuracy","Heel Hook","Quick Slash","Cloak And Dagger+1","Terror+1","After Image+1","Parasite","Clumsy","Cloak And Dagger","Dagger Throw+1","Acrobatics","Escape Plan+1","Caltrops","Dash+1"],"max_hp_per_floor":[70,70,70,70,70,70,70,70,70,70,70,70,70,70,70,70,70,70,70,70,70,70,70,70,70,70,70,70,70,70,70,70,70,70,70,70,70,70,70,70,70,70,70,70,70,70,70,70,70,70],"relics":["Ring of the Snake","Bag of Marbles","Mercury Hourglass","Lantern","Regal Pillow","Pen Nib","Sozu","Ninja Scroll","Thread and Needle","Dodecahedron","Calling Bell","Kunai","Sundial","Matryoshka","Snake Skull","Paper Crane","Smiling Mask","Toolbox","Ornamental Fan","Gremlin Horn"],"card_choices":[{"not_picked":["PiercingWail","Dodge and Roll"],"picked":"Poisoned Stab"},{"not_picked":["Flechettes","Underhanded Strike"],"picked":"Cloak And Dagger"},{"not_picked":["Acrobatics","Skewer"],"picked":"Heel Hook"},{"not_picked":["Underhanded Strike","Poisoned Stab"],"picked":"Adrenaline"},{"not_picked":["Prepared","Outmaneuver"],"picked":"Poisoned Stab"},{"not_picked":["PiercingWail","Crippling Poison"],"picked":"Sucker Punch"},{"not_picked":["Leg Sweep","Concentrate"],"picked":"Footwork"},{"not_picked":["Catalyst","Bullet Time"],"picked":"Slice"},{"not_picked":["Tactician","Doppelganger"],"picked":"Envenom"},{"not_picked":["Expertise","Crippling Poison"],"picked":"Deadly Poison"},{"not_picked":["All Out Attack","Calculated Gamble"],"picked":"Heel Hook"},{"not_picked":["Bane","Outmaneuver"],"picked":"Quick Slash"},{"not_picked":["Deadly Poison","Quick Slash"],"picked":"Cloak And Dagger"},{"not_picked":["Dagger Spray","Dodge and Roll"],"picked":"Terror"},{"not_picked":["Wraith Form","Die Die Die"],"picked":"After Image"},{"not_picked":["Blade Dance","Dodge and Roll"],"picked":"Cloak And Dagger"},{"not_picked":["Terror","Flechettes"],"picked":"Dagger Throw"},{"not_picked":["Eviscerate","Cloak And Dagger"],"picked":"Escape Plan"},{"not_picked":["Tactician","Prepared"],"picked":"Caltrops"},{"not_picked":["Skewer","Underhanded Strike"],"picked":"Dash"}],"player_experience":214971,"potions_floor_usage":[8,12,18,33],"damage_taken":[{"damage":0,"enemies":"Small Slimes","floor":1,"turns":4},{"damage":2,"enemies":"2 Louse","floor":3,"turns":3},{"damage":41,"enemies":"Lagavulin","floor":6,"turns":8},{"damage":31,"enemies":"Gremlin Nob","floor":8,"turns":5},{"damage":4,"enemies":"3 Sentries","floor":10,"turns":7},{"damage":0,"enemies":"Cultist","floor":11,"turns":2},{"damage":5,"enemies":"3 Sentries","floor":12,"turns":5},{"damage":0,"enemies":"Looter","floor":14,"turns":2},{"damage":16,"enemies":"Slime Boss","floor":16,"turns":10},{"damage":3,"enemies":"Spheric Guardian","floor":18,"turns":4},{"damage":0,"enemies":"Shell Parasite","floor":24,"turns":2},{"damage":13,"enemies":"Snecko","floor":25,"turns":3},{"damage":0,"enemies":"Slavers","floor":27,"turns":4},{"damage":10,"enemies":"Cultist and Chosen","floor":29,"turns":4},{"damage":67,"enemies":"Collector","floor":33,"turns":8},{"damage":5,"enemies":"Orb Walker","floor":35,"turns":3},{"damage":13,"enemies":"2 Orb Walkers","floor":40,"turns":5},{"damage":0,"enemies":"3 Shapes","floor":45,"turns":4},{"damage":0,"enemies":"Giant Head","floor":46,"turns":6},{"damage":0,"enemies":"Nemesis","floor":48,"turns":5},{"damage":43,"enemies":"Time Eater","floor":50,"turns":11}],"event_choices":[{"event_name":"World of Goop","player_choice":"Gather Gold","floor":4,"damage_taken":0},{"event_name":"Wheel of Change","player_choice":"Full Heal","floor":5,"damage_taken":0},{"event_name":"Dead Adventurer","player_choice":"Searched \u00271\u0027 times","floor":10,"damage_taken":0},{"event_name":"Accursed Blacksmith","player_choice":"Forge","floor":20,"damage_taken":0},{"event_name":"Addict","player_choice":"Ignored","floor":22,"damage_taken":0},{"event_name":"Back to Basics","player_choice":"Simplicity","floor":28,"damage_taken":0},{"event_name":"Vampires","player_choice":"Ignored","floor":31,"damage_taken":0},{"event_name":"Purifier","player_choice":"One Purge","floor":36,"damage_taken":0},{"event_name":"Tomb of Lord Red Mask","player_choice":"Ignored","floor":37,"damage_taken":0},{"event_name":"The Woman in Blue","player_choice":"Bought 0 Potions","floor":38,"damage_taken":0},{"event_name":"Upgrade Shrine","player_choice":"Upgraded","floor":47,"damage_taken":0}],"boss_relics":[{"not_picked":["Snecko Eye","Tiny House"],"picked":"Sozu"},{"not_picked":["White Beast Statue","Runic Dome"],"picked":"Calling Bell"}],"potions_floor_spawned":[6,11,12,16,18,25,27,35,40,46],"seed_played":"8671258810315342347","ascension_level":6,"is_trial":false}