{"gold_per_floor":[111,41,41,61,26,26,26,59,59,85,103,103,135,153,153,227,227,245,49,49,49,42,68,18,18,18,46,65,82,82,94,94,172,172,184,194,194],"floor_reached":37,"playtime":1646,"items_purged":["Defend_G"],"score":816,"play_id":"fd321742-0079-41c7-9ffd-8651accd467e","local_time":"20181206111418","is_ascension_mode":true,"campfire_choices":[{"data":"Footwork","floor":6.0,"key":"SMITH"},{"data":"Neutralize","floor":12.0,"key":"SMITH"},{"data":"Predator","floor":15.0,"key":"SMITH"},{"floor":25.0,"key":"REST"},{"floor":30.0,"key":"REST"},{"data":"Footwork","floor":32.0,"key":"SMITH"}],"neow_cost":"NONE","seed_source_timestamp":0,"circlet_count":0,"master_deck":["AscendersBane","Defend_G+1","Defend_G","Defend_G","Strike_G","Strike_G","Strike_G","Strike_G","Survivor","Neutralize+1","Prepared+1","Footwork+1","Footwork+1","Endless Agony","Heel Hook","Leg Sweep","Predator+1","Deflect","Deflect","Venomology","Dash","Noxious Fumes+1","Deadly Poison","Prepared","Deflect","After Image","Doubt","Doubt","Injury","Blur"],"special_seed":0,"relics":["Ring of the Snake","NeowsBlessing","Ornamental Fan","Du-Vu Doll","Pantograph","War Paint","Busted Crown","Bag of Preparation","Singing Bowl","Anchor","Calling Bell","Vajra","Darkstone Periapt","Mango"],"potions_floor_usage":[37,37,37],"damage_taken":[{"damage":0.0,"enemies":"2 Louse","floor":1.0,"turns":1.0},{"damage":0.0,"enemies":"Small Slimes","floor":4.0,"turns":1.0},{"damage":0.0,"enemies":"3 Sentries","floor":8.0,"turns":2.0},{"damage":24.0,"enemies":"Lagavulin","floor":10.0,"turns":8.0},{"damage":0.0,"enemies":"Cultist","floor":11.0,"turns":4.0},{"damage":11.0,"enemies":"Gremlin Nob","floor":13.0,"turns":6.0},{"damage":15.0,"enemies":"Exordium Thugs","floor":14.0,"turns":7.0},{"damage":14.0,"enemies":"Hexaghost","floor":16.0,"turns":16.0},{"damage":6.0,"enemies":"3 Byrds","floor":18.0,"turns":3.0},{"damage":6.0,"enemies":"2 Thieves","floor":22.0,"turns":4.0},{"damage":16.0,"enemies":"Gremlin Leader","floor":23.0,"turns":9.0},{"damage":21.0,"enemies":"Slavers","floor":27.0,"turns":6.0},{"damage":6.0,"enemies":"Snake Plant","floor":28.0,"turns":5.0},{"damage":0.0,"enemies":"Shelled Parasite and Fungi","floor":29.0,"turns":6.0},{"damage":9.0,"enemies":"3 Cultists","floor":31.0,"turns":5.0},{"damage":18.0,"enemies":"Champ","floor":33.0,"turns":16.0},{"damage":21.0,"enemies":"3 Darklings","floor":35.0,"turns":10.0},{"damage":0.0,"enemies":"Orb Walker","floor":36.0,"turns":4.0},{"damage":80,"enemies":"2 Orb Walkers","floor":37,"turns":7}],"seed_played":"8543311299871763932","potions_obtained":[{"floor":4.0,"key":"Poison Potion"},{"floor":8.0,"key":"GhostInAJar"},{"floor":14.0,"key":"SkillPotion"},{"floor":16.0,"key":"PowerPotion"},{"floor":29.0,"key":"SkillPotion"},{"floor":35.0,"key":"Regen Potion"}],"is_trial":false,"path_per_floor":["M","$","?","M","?","R","?","E","T","E","M","R","E","M","R","B",null,"M","$","?","$","M","E","$","R","T","E","M","M","R","M","R","B",null,"M","M","M","?"],"character_chosen":"THE_SILENT","items_purchased":["Footwork","Noxious Fumes","Deadly Poison","Deflect"],"campfire_rested":2,"item_purchase_floors":[2,19,19,24],"current_hp_per_floor":[59,59,52,52,66,66,66,66,66,42,42,42,31,16,16,27,56,50,50,50,50,44,28,28,47,47,28,24,26,47,40,40,47,81,62,62,0],"gold":194,"neow_bonus":"THREE_ENEMY_KILL","is_prod":false,"is_daily":false,"chose_seed":false,"campfire_upgraded":4,"win_rate":0,"timestamp":1544123658,"path_taken":["M","$","?","M","?","R","?","E","T","E","M","R","E","?","R","BOSS","M","$","?","?","?","E","$","R","T","E","M","M","R","M","R","BOSS","M","M","?"],"build_version":"2018-11-15","purchased_purges":1,"victory":false,"max_hp_per_floor":[66,66,66,66,66,66,66,66,66,66,66,66,66,66,66,66,66,66,66,66,66,66,66,66,66,66,68,70,72,72,74,74,74,88,90,90,90],"card_choices":[{"not_picked":["Choke","Slice"],"picked":"Prepared","floor":1.0},{"not_picked":["Footwork","Underhanded Strike","Expertise"],"picked":"SKIP","floor":4.0},{"not_picked":["Underhanded Strike","Expertise"],"picked":"Footwork","floor":4.0},{"not_picked":["Outmaneuver","Choke"],"picked":"Heel Hook","floor":8.0},{"not_picked":["Underhanded Strike","Dash"],"picked":"Leg Sweep","floor":10.0},{"not_picked":["Acrobatics","Blade Dance"],"picked":"Predator","floor":11.0},{"not_picked":["Envenom","Prepared"],"picked":"Deflect","floor":13.0},{"not_picked":["Reflex","Cloak And Dagger"],"picked":"Deflect","floor":14.0},{"not_picked":["Glass Knife","A Thousand Cuts"],"picked":"Venomology","floor":16.0},{"not_picked":[],"picked":"Dash","floor":18.0},{"not_picked":["Slice"],"picked":"SKIP","floor":22.0},{"not_picked":[],"picked":"Prepared","floor":23.0},{"not_picked":["Underhanded Strike+1"],"picked":"Singing Bowl","floor":27.0},{"not_picked":["Outmaneuver"],"picked":"Singing Bowl","floor":28.0},{"not_picked":["Flying Knee"],"picked":"Singing Bowl","floor":29.0},{"not_picked":["Dagger Throw"],"picked":"Singing Bowl","floor":31.0},{"not_picked":[],"picked":"After Image","floor":33.0},{"not_picked":["Prepared"],"picked":"Singing Bowl","floor":35.0},{"not_picked":[],"picked":"Blur","floor":36}],"player_experience":988147,"relics_obtained":[{"floor":8.0,"key":"Ornamental Fan"},{"floor":9.0,"key":"Du-Vu Doll"},{"floor":10.0,"key":"Pantograph"},{"floor":13.0,"key":"War Paint"},{"floor":23.0,"key":"Bag of Preparation"},{"floor":26.0,"key":"Singing Bowl"},{"floor":27.0,"key":"Anchor"},{"floor":34.0,"key":"Vajra"},{"floor":34.0,"key":"Darkstone Periapt"},{"floor":34.0,"key":"Mango"}],"event_choices":[{"cards_removed":["Defend_G"],"damage_healed":0.0,"max_hp_gain":0.0,"max_hp_loss":0.0,"gold_gain":0.0,"event_name":"Golden Wing","player_choice":"Card Removal","floor":3.0,"gold_loss":0.0,"damage_taken":7.0},{"damage_healed":16.0,"max_hp_gain":0.0,"max_hp_loss":0.0,"gold_gain":0.0,"event_name":"The Cleric","player_choice":"Healed","floor":5.0,"gold_loss":35.0,"damage_taken":0.0},{"damage_healed":0.0,"max_hp_gain":0.0,"max_hp_loss":0.0,"gold_gain":0.0,"cards_transformed":["Strike_G"],"event_name":"Transmorgrifier","player_choice":"Transformed","floor":7.0,"gold_loss":0.0,"damage_taken":0.0,"cards_obtained":["Endless Agony"]},{"damage_healed":0.0,"max_hp_gain":0.0,"max_hp_loss":0.0,"gold_gain":0.0,"event_name":"Upgrade Shrine","player_choice":"Upgraded","floor":20.0,"gold_loss":0.0,"damage_taken":0.0,"cards_upgraded":["Noxious Fumes"]},{"damage_healed":0,"gold_gain":0,"player_choice":"Fight","damage_taken":0,"max_hp_gain":0,"max_hp_loss":0,"event_name":"Mysterious Sphere","floor":37,"gold_loss":0}],"is_beta":false,"boss_relics":[{"not_picked":["HoveringKite","Runic Pyramid"],"picked":"Busted Crown"},{"not_picked":["Eternal Feather","Tiny House"],"picked":"Calling Bell"}],"items_purged_floors":[19],"is_endless":false,"potions_floor_spawned":[4,8,14,16,28,29,31,35,36],"killed_by":"2 Orb Walkers","ascension_level":15}