{"gold_per_floor":[118,118,131,131,146,146,34,74,74,74,117,117,117,42,42,42],"floor_reached":16,"playtime":2403,"items_purged":["Strike_B"],"score":212,"play_id":"19ea53bf-f59e-403f-8684-22d5577c49a5","local_time":"20190407201120","is_ascension_mode":true,"campfire_choices":[{"data":"Zap","floor":6.0,"key":"SMITH"},{"floor":10.0,"key":"REST"},{"data":"Blizzard","floor":15.0,"key":"SMITH"}],"neow_cost":"NONE","seed_source_timestamp":171873671403716,"circlet_count":0,"master_deck":["AscendersBane","Defend_B","Defend_B","Defend_B","Defend_B","Zap+1","Dualcast","Coolheaded","Coolheaded","Lockon","Coolheaded","Blizzard+1","Cold Snap","Barrage+1"],"special_seed":0,"relics":["Cracked Core","Golden Idol","Bottled Lightning","Molten Egg 2","Centennial Puzzle","Pantograph"],"potions_floor_usage":[16],"damage_taken":[{"damage":9.0,"enemies":"2 Louse","floor":1.0,"turns":2.0},{"damage":5.0,"enemies":"Small Slimes","floor":3.0,"turns":3.0},{"damage":0.0,"enemies":"Cultist","floor":5.0,"turns":4.0},{"damage":21.0,"enemies":"Lagavulin","floor":8.0,"turns":9.0},{"damage":35.0,"enemies":"Gremlin Nob","floor":11.0,"turns":5.0},{"damage":41,"enemies":"Slime Boss","floor":16,"turns":6}],"seed_played":"8447238635430798623","potions_obtained":[{"floor":3.0,"key":"GamblersBrew"},{"floor":5.0,"key":"Ancient Potion"},{"floor":11.0,"key":"Energy Potion"}],"is_trial":false,"path_per_floor":["M","?","M","?","M","R","$","E","T","R","E","T","?","$","R","B"],"character_chosen":"DEFECT","items_purchased":["Coolheaded","Blizzard"],"campfire_rested":1,"item_purchase_floors":[7,7],"current_hp_per_floor":[55,55,50,50,50,50,50,29,29,48,13,13,6,6,6,0],"gold":42,"neow_bonus":"REMOVE_CARD","is_prod":false,"is_daily":false,"chose_seed":false,"campfire_upgraded":2,"win_rate":0,"timestamp":1554689480,"path_taken":["M","?","M","?","?","R","?","E","T","R","E","?","?","$","R","BOSS"],"build_version":"2019-04-04","purchased_purges":1,"victory":false,"max_hp_per_floor":[71,64,64,64,64,64,64,64,64,64,64,64,64,64,64,64],"card_choices":[{"not_picked":["Streamline","Scrape"],"picked":"Coolheaded","floor":1.0},{"not_picked":["Steam","Compile Driver"],"picked":"Coolheaded","floor":3.0},{"not_picked":["Fusion","Skim"],"picked":"Lockon","floor":5.0},{"not_picked":["Undo","Force Field"],"picked":"Cold Snap","floor":8.0},{"not_picked":["Aggregate","Conserve Battery"],"picked":"Barrage+1","floor":11.0}],"player_experience":2783265,"relics_obtained":[{"floor":8.0,"key":"Bottled Lightning"},{"floor":9.0,"key":"Molten Egg 2"},{"floor":11.0,"key":"Centennial Puzzle"},{"floor":12.0,"key":"Pantograph"}],"event_choices":[{"damage_healed":0.0,"max_hp_gain":0.0,"max_hp_loss":7.0,"gold_gain":0.0,"event_name":"Golden Idol","player_choice":"Lose Max HP","floor":2.0,"gold_loss":0.0,"damage_taken":0.0,"relics_obtained":["Golden Idol"]},{"cards_removed":["Strike_B"],"damage_healed":0.0,"max_hp_gain":0.0,"max_hp_loss":0.0,"gold_gain":0.0,"event_name":"Purifier","player_choice":"Purged","floor":4.0,"gold_loss":0.0,"damage_taken":0.0},{"cards_removed":["Strike_B"],"damage_healed":0.0,"max_hp_gain":0.0,"max_hp_loss":0.0,"gold_gain":0.0,"event_name":"Golden Wing","player_choice":"Card Removal","floor":13.0,"gold_loss":0.0,"damage_taken":7.0}],"is_beta":true,"boss_relics":[],"items_purged_floors":[14],"is_endless":false,"potions_floor_spawned":[3,5,11],"killed_by":"Slime Boss","ascension_level":20}