{"gold_per_floor":[115,134,150,150,168,209,209,209],"floor_reached":8,"playtime":587,"items_purged":[],"score":104,"play_id":"aff17b42-76c9-4695-afa6-668d5da0f3bd","local_time":"20190411111228","is_ascension_mode":true,"campfire_choices":[],"neow_cost":"NONE","seed_source_timestamp":94515388460024,"circlet_count":0,"master_deck":["AscendersBane","Strike_B","Strike_B","Strike_B","Strike_B","Defend_B","Defend_B","Defend_B","Defend_B","Zap","Dualcast","Gash","Streamline","Self Repair","Gash","Leap"],"relics":["Cracked Core","Happy Flower","Golden Idol","Blood Vial","SsserpentHead"],"potions_floor_usage":[6],"damage_taken":[{"damage":7,"enemies":"Jaw Worm","floor":1,"turns":3},{"damage":0,"enemies":"2 Louse","floor":2,"turns":2},{"damage":1,"enemies":"Cultist","floor":3,"turns":3},{"damage":6,"enemies":"3 Louse","floor":5,"turns":3},{"damage":25,"enemies":"Lagavulin","floor":6,"turns":6},{"damage":46,"enemies":"Gremlin Nob","floor":8,"turns":4}],"seed_played":"-6920735002211395416","potions_obtained":[{"floor":5,"key":"PowerPotion"}],"is_trial":false,"path_per_floor":["M","M","M","?","M","E","?","E"],"character_chosen":"DEFECT","items_purchased":[],"campfire_rested":0,"item_purchase_floors":[],"current_hp_per_floor":[57,57,56,56,57,39,39,0],"gold":209,"neow_bonus":"RANDOM_COMMON_RELIC","is_prod":false,"is_daily":false,"chose_seed":false,"campfire_upgraded":0,"win_rate":0,"timestamp":1554977548,"path_taken":["M","M","M","?","M","E","?","E"],"build_version":"2019-01-23","purchased_purges":0,"victory":false,"max_hp_per_floor":[71,71,71,64,64,64,64,64],"card_choices":[{"not_picked":["Steam","BootSequence"],"picked":"Gash","floor":1},{"not_picked":["Darkness","Reinforced Body"],"picked":"Streamline","floor":2},{"not_picked":["Genetic Algorithm","Streamline"],"picked":"Self Repair","floor":3},{"not_picked":["Chill","Force Field"],"picked":"Gash","floor":5},{"not_picked":["Hyperbeam","Compile Driver"],"picked":"Leap","floor":6}],"player_experience":1000439,"relics_obtained":[{"floor":6,"key":"Blood Vial"}],"event_choices":[{"damage_healed":0,"gold_gain":0,"player_choice":"Lose Max HP","damage_taken":0,"relics_obtained":["Golden Idol"],"max_hp_gain":0,"max_hp_loss":7,"event_name":"Golden Idol","floor":4,"gold_loss":0},{"damage_healed":0,"gold_gain":0,"player_choice":"Trade","damage_taken":0,"relics_obtained":["SsserpentHead"],"max_hp_gain":0,"max_hp_loss":0,"event_name":"FaceTrader","floor":7,"gold_loss":0}],"is_beta":false,"boss_relics":[],"items_purged_floors":[],"is_endless":false,"potions_floor_spawned":[5],"killed_by":"Gremlin Nob","ascension_level":16}