{"gold_per_floor":[113,113,40,55,65,98,110,138,163,175,175,192,44,62,62,161,161,146,146,146,161,161,161,18,0,49,49,59,78,78],"floor_reached":30,"playtime":1562,"items_purged":[],"score":303,"play_id":"8f05e628-70d0-48a0-8d80-8788d61c2594","local_time":"20190226010659","is_ascension_mode":true,"campfire_choices":[{"floor":11,"key":"REST"},{"data":"Berserk","floor":15,"key":"SMITH"},{"floor":23,"key":"REST"}],"neow_cost":"NONE","seed_source_timestamp":3432049372757266,"circlet_count":0,"master_deck":["Strike_R+1","Strike_R+1","Strike_R+1","Strike_R+1","Strike_R+1","Defend_R+1","Defend_R+1","Defend_R+1","Defend_R+1","Bash+1","Wild Strike","Anger","Twin Strike","Intimidate","Reaper","Inflame","Headbutt","Pommel Strike","Ghostly Armor","Flame Barrier","Demon Form","Berserk+1","Demon Form","Iron Wave+1","Bash","Heavy Blade+1","Power Through","Evolve","Ghostly Armor","Blood for Blood","Heavy Blade"],"relics":["Burning Blood","Calipers","Omamori","Happy Flower","Black Star","Vajra","Bronze Scales"],"potions_floor_usage":[16,16,18,30],"damage_taken":[{"damage":3,"enemies":"2 Louse","floor":1,"turns":2},{"damage":12,"enemies":"Jaw Worm","floor":4,"turns":2},{"damage":0,"enemies":"Cultist","floor":5,"turns":3},{"damage":32,"enemies":"Gremlin Nob","floor":6,"turns":4},{"damage":17,"enemies":"2 Fungi Beasts","floor":7,"turns":3},{"damage":32,"enemies":"3 Sentries","floor":8,"turns":6},{"damage":14,"enemies":"Red Slaver","floor":10,"turns":3},{"damage":8,"enemies":"Exordium Wildlife","floor":12,"turns":5},{"damage":24,"enemies":"Exordium Thugs","floor":14,"turns":4},{"damage":33,"enemies":"Hexaghost","floor":16,"turns":7},{"damage":29,"enemies":"2 Thieves","floor":18,"turns":4},{"damage":16,"enemies":"Spheric Guardian","floor":21,"turns":4},{"damage":30,"enemies":"Cultist and Chosen","floor":28,"turns":5},{"damage":1,"enemies":"Snecko","floor":29,"turns":4},{"damage":61,"enemies":"Gremlin Leader","floor":30,"turns":5}],"seed_played":"-873739077391907432","potions_obtained":[{"floor":4,"key":"LiquidBronze"},{"floor":8,"key":"Energy Potion"},{"floor":10,"key":"PowerPotion"},{"floor":18,"key":"GamblersBrew"},{"floor":28,"key":"PowerPotion"}],"is_trial":false,"path_per_floor":["M","?","$","M","M","E","M","E","T","M","R","M","$","M","R","B",null,"M","?","?","M","?","R","$","?","T","?","M","M","E"],"character_chosen":"IRONCLAD","items_purchased":["Anger","Twin Strike","Demon Form","Power Through","Evolve"],"campfire_rested":2,"item_purchase_floors":[3,3,13,24,24],"current_hp_per_floor":[80,64,64,58,64,42,39,25,25,21,45,51,51,41,41,14,64,41,41,41,31,31,55,55,55,55,55,56,61,0],"gold":78,"neow_bonus":"UPGRADE_CARD","is_prod":false,"is_daily":false,"chose_seed":false,"campfire_upgraded":1,"win_rate":0,"timestamp":1551161219,"path_taken":["M","?","?","M","M","E","M","E","T","M","R","M","$","?","R","BOSS","M","?","?","?","?","R","?","?","T","?","M","?","E"],"build_version":"2019-01-23","purchased_purges":0,"victory":false,"max_hp_per_floor":[80,80,80,80,80,80,80,80,80,80,80,80,80,80,80,80,80,80,80,80,80,80,80,80,80,80,80,80,80,80],"card_choices":[{"not_picked":["Havoc","Dual Wield"],"picked":"Wild Strike","floor":1},{"not_picked":["Havoc","Sword Boomerang"],"picked":"Intimidate","floor":4},{"not_picked":["Havoc","Intimidate"],"picked":"Reaper","floor":5},{"not_picked":["Twin Strike","Body Slam"],"picked":"Inflame","floor":6},{"not_picked":["Thunderclap","Wild Strike"],"picked":"Headbutt","floor":7},{"not_picked":["True Grit","Sever Soul"],"picked":"Pommel Strike","floor":8},{"not_picked":["Pommel Strike","Thunderclap"],"picked":"Ghostly Armor","floor":10},{"not_picked":["Flex","Fire Breathing"],"picked":"Flame Barrier","floor":12},{"not_picked":["Headbutt","Reckless Charge"],"picked":"Berserk","floor":14},{"not_picked":["Feed","Bludgeon"],"picked":"Demon Form","floor":16},{"not_picked":["Clash","Wild Strike"],"picked":"Iron Wave+1","floor":18},{"not_picked":["Flex","Wild Strike"],"picked":"Heavy Blade+1","floor":21},{"not_picked":["Cleave","Berserk"],"picked":"Blood for Blood","floor":28},{"not_picked":["Rampage+1","Blood for Blood"],"picked":"Heavy Blade","floor":29}],"player_experience":200172,"relics_obtained":[{"floor":6,"key":"Calipers"},{"floor":8,"key":"Omamori"},{"floor":9,"key":"Happy Flower"},{"floor":26,"key":"Bronze Scales"}],"event_choices":[{"damage_healed":0,"gold_gain":0,"player_choice":"Entered Light","damage_taken":16,"max_hp_gain":0,"max_hp_loss":0,"event_name":"Shining Light","floor":2,"gold_loss":0,"cards_upgraded":["Defend_R","Strike_R"]},{"damage_healed":0,"gold_gain":0,"player_choice":"Opened","damage_taken":0,"relics_obtained":["Vajra"],"max_hp_gain":0,"max_hp_loss":0,"event_name":"The Mausoleum","floor":19,"gold_loss":0},{"damage_healed":0,"gold_gain":0,"player_choice":"1 cards matched","damage_taken":0,"max_hp_gain":0,"max_hp_loss":0,"event_name":"Match and Keep!","floor":20,"gold_loss":0,"cards_obtained":["Bash"]},{"damage_healed":0,"gold_gain":0,"player_choice":"Simplicity","damage_taken":0,"max_hp_gain":0,"max_hp_loss":0,"event_name":"Back to Basics","floor":22,"gold_loss":0,"cards_upgraded":["Strike_R","Strike_R","Strike_R","Strike_R","Defend_R","Defend_R","Defend_R"]},{"damage_healed":0,"gold_gain":0,"player_choice":"Paid Fearfully","damage_taken":0,"max_hp_gain":0,"max_hp_loss":0,"event_name":"Masked Bandits","floor":25,"gold_loss":18},{"damage_healed":0,"gold_gain":0,"player_choice":"Copied","damage_taken":0,"max_hp_gain":0,"max_hp_loss":0,"event_name":"Duplicator","floor":27,"gold_loss":0,"cards_obtained":["Ghostly Armor"]}],"is_beta":false,"boss_relics":[{"not_picked":["White Beast Statue","Astrolabe"],"picked":"Black Star"}],"items_purged_floors":[],"is_endless":false,"potions_floor_spawned":[4,8,10,14,18,28],"killed_by":"Gremlin Leader","ascension_level":5}