{"gold_per_floor":[118,129,204,216,233,265,265,285,285,285],"floor_reached":10,"playtime":646,"items_purged":[],"score":112,"play_id":"a641b47e-3abb-405e-8efc-3a0202cc1494","local_time":"20190402151152","is_ascension_mode":true,"campfire_choices":[{"floor":7,"key":"REST"}],"neow_cost":"NONE","seed_source_timestamp":368531723406473,"circlet_count":0,"master_deck":["AscendersBane","Strike_B","Strike_B","Strike_B","Strike_B","Defend_B","Defend_B","Defend_B","Defend_B","Zap","Dualcast","Auto Shields","Rebound","Glacier","Consume","Loop","Genetic Algorithm","Capacitor"],"relics":["Cracked Core","Nunchaku","Darkstone Periapt"],"potions_floor_usage":[10],"damage_taken":[{"damage":0,"enemies":"2 Louse","floor":1,"turns":3},{"damage":7,"enemies":"Jaw Worm","floor":2,"turns":2},{"damage":0,"enemies":"Small Slimes","floor":4,"turns":2},{"damage":0,"enemies":"2 Fungi Beasts","floor":5,"turns":4},{"damage":22,"enemies":"3 Sentries","floor":6,"turns":11},{"damage":32,"enemies":"Exordium Thugs","floor":8,"turns":6},{"damage":27,"enemies":"Exordium Wildlife","floor":10,"turns":4}],"seed_played":"5008135593209159747","potions_obtained":[{"floor":1,"key":"GamblersBrew"},{"floor":4,"key":"Ancient Potion"}],"is_trial":false,"path_per_floor":["M","M","?","M","M","E","R","M","T","M"],"character_chosen":"DEFECT","items_purchased":[],"campfire_rested":1,"item_purchase_floors":[],"current_hp_per_floor":[68,61,50,50,50,28,50,18,18,0],"gold":285,"neow_bonus":"THREE_CARDS","is_prod":false,"is_daily":false,"chose_seed":false,"campfire_upgraded":0,"win_rate":0,"timestamp":1554214312,"path_taken":["M","M","?","M","M","E","R","M","T","M"],"build_version":"2019-01-23","purchased_purges":0,"victory":false,"max_hp_per_floor":[75,75,75,75,75,75,75,75,75,75],"card_choices":[{"not_picked":["Storm","Redo"],"picked":"Auto Shields","floor":0},{"not_picked":["White Noise","Streamline"],"picked":"Rebound","floor":1},{"not_picked":["FTL","Reinforced Body"],"picked":"Glacier","floor":2},{"not_picked":["Redo","Rebound"],"picked":"Consume","floor":4},{"not_picked":["Beam Cell","Gash"],"picked":"Loop","floor":5},{"not_picked":["Recycle","Skim"],"picked":"Genetic Algorithm","floor":6},{"not_picked":["Compile Driver","Skim"],"picked":"Capacitor","floor":8}],"player_experience":887396,"relics_obtained":[{"floor":6,"key":"Nunchaku"},{"floor":9,"key":"Darkstone Periapt"}],"event_choices":[{"damage_healed":0,"gold_gain":75,"player_choice":"Gather Gold","damage_taken":11,"max_hp_gain":0,"max_hp_loss":0,"event_name":"World of Goop","floor":3,"gold_loss":0}],"is_beta":false,"boss_relics":[],"items_purged_floors":[],"is_endless":false,"potions_floor_spawned":[1,4,6,8],"killed_by":"Exordium Wildlife","ascension_level":12}