{"gold_per_floor":[119,119,194,194,115,142,142,168,168,187,187,63,63,88,88,160,160,173,173,183,196,196,196,196],"floor_reached":24,"playtime":1457,"items_purged":[],"score":507,"play_id":"b301cabc-a76f-4586-bc2b-3e88e04fc530","local_time":"20190413141917","is_ascension_mode":true,"campfire_choices":[{"data":"Neutralize","floor":7,"key":"SMITH"},{"data":"Footwork","floor":11,"key":"SMITH"},{"data":"Noxious Fumes","floor":13,"key":"SMITH"},{"floor":15,"key":"REST"},{"floor":23,"key":"REST"}],"neow_cost":"NONE","seed_source_timestamp":104481602298264,"circlet_count":0,"master_deck":["AscendersBane","Defend_G","Defend_G","Defend_G","Defend_G","Defend_G","Strike_G","Strike_G","Strike_G","Strike_G","Survivor","Neutralize+1","Deadly Poison","Footwork+1","Dagger Spray","Sucker Punch","Leg Sweep","Noxious Fumes+1","Caltrops","Wraith Form v2","Cloak And Dagger","RitualDagger"],"relics":["Ring of the Snake","NeowsBlessing","Art of War","Omamori","Letter Opener","Oddly Smooth Stone","Sozu"],"potions_floor_usage":[14],"damage_taken":[{"damage":0,"enemies":"Small Slimes","floor":1,"turns":1},{"damage":0,"enemies":"Lagavulin","floor":6,"turns":1},{"damage":0,"enemies":"3 Sentries","floor":8,"turns":1},{"damage":4,"enemies":"2 Louse","floor":10,"turns":3},{"damage":24,"enemies":"Gremlin Nob","floor":14,"turns":5},{"damage":19,"enemies":"Hexaghost","floor":16,"turns":10},{"damage":10,"enemies":"Shell Parasite","floor":18,"turns":6},{"damage":12,"enemies":"Chosen","floor":20,"turns":6},{"damage":21,"enemies":"Snecko","floor":21,"turns":7},{"damage":26,"enemies":"Centurion and Healer","floor":24,"turns":2}],"seed_played":"-8831045670734548645","potions_obtained":[{"floor":1,"key":"Fire Potion"},{"floor":16,"key":"SpeedPotion"}],"is_trial":false,"path_per_floor":["M","?","?","?","$","E","R","E","T","M","R","$","R","E","R","B",null,"M","?","M","M","?","R","M"],"character_chosen":"THE_SILENT","items_purchased":["Footwork","Leg Sweep","Noxious Fumes"],"campfire_rested":2,"item_purchase_floors":[5,12,12],"current_hp_per_floor":[59,52,41,41,41,41,41,41,41,37,37,37,37,13,32,13,53,43,37,25,4,4,23,0],"gold":196,"neow_bonus":"THREE_ENEMY_KILL","is_prod":false,"is_daily":false,"chose_seed":false,"campfire_upgraded":3,"win_rate":0,"timestamp":1555161557,"path_taken":["M","?","?","?","$","E","R","E","T","M","R","$","R","E","R","BOSS","M","?","M","M","?","R","M"],"build_version":"2019-01-23","purchased_purges":0,"victory":false,"max_hp_per_floor":[66,66,66,66,66,66,66,66,66,66,66,66,66,66,66,66,66,66,66,66,66,66,66,66],"card_choices":[{"not_picked":["Catalyst","Outmaneuver"],"picked":"Deadly Poison","floor":1},{"not_picked":["Cloak And Dagger","Bane"],"picked":"Dagger Spray","floor":6},{"not_picked":["Riddle With Holes","All Out Attack","Poisoned Stab"],"picked":"SKIP","floor":8},{"not_picked":["Endless Agony","Flechettes"],"picked":"Sucker Punch","floor":10},{"not_picked":["Quick Slash","Corpse Explosion"],"picked":"Caltrops","floor":14},{"not_picked":["Glass Knife","Tools of the Trade"],"picked":"Wraith Form v2","floor":16},{"not_picked":["Distraction+1","Prepared"],"picked":"Cloak And Dagger","floor":18},{"not_picked":["Finisher+1","Caltrops","Dagger Throw"],"picked":"SKIP","floor":20},{"not_picked":["Setup","Skewer","Blade Dance+1"],"picked":"SKIP","floor":21}],"player_experience":1058934,"relics_obtained":[{"floor":6,"key":"Art of War"},{"floor":8,"key":"Omamori"},{"floor":9,"key":"Letter Opener"},{"floor":14,"key":"Oddly Smooth Stone"}],"event_choices":[{"cards_removed":["Strike_G"],"damage_healed":0,"gold_gain":0,"player_choice":"Card Removal","damage_taken":7,"max_hp_gain":0,"max_hp_loss":0,"event_name":"Golden Wing","floor":2,"gold_loss":0},{"damage_healed":0,"gold_gain":75,"player_choice":"Gather Gold","damage_taken":11,"max_hp_gain":0,"max_hp_loss":0,"event_name":"World of Goop","floor":3,"gold_loss":0},{"damage_healed":0,"gold_gain":0,"player_choice":"Ignored","damage_taken":0,"max_hp_gain":0,"max_hp_loss":0,"event_name":"Shining Light","floor":4,"gold_loss":0},{"damage_healed":0,"gold_gain":0,"player_choice":"Joined the Cult","damage_taken":6,"max_hp_gain":0,"max_hp_loss":0,"event_name":"Nest","floor":19,"gold_loss":0,"cards_obtained":["RitualDagger"]},{"damage_healed":0,"gold_gain":0,"player_choice":"Smashed Altar","damage_taken":0,"max_hp_gain":0,"max_hp_loss":0,"event_name":"Forgotten Altar","floor":22,"gold_loss":0,"cards_obtained":["Decay"]}],"is_beta":false,"boss_relics":[{"not_picked":["Astrolabe","Ring of the Serpent"],"picked":"Sozu"}],"items_purged_floors":[],"is_endless":false,"potions_floor_spawned":[1,16,20,21],"killed_by":"Centurion and Healer","ascension_level":19}