{"gold_per_floor":[114,114,132,55,55,55,73,107,133,133,133,153,9,40,40,40],"floor_reached":16,"playtime":1805,"items_purged":[],"score":211,"play_id":"13f5f572-feed-4228-98c8-ff00223aecaa","local_time":"20190412112512","is_ascension_mode":true,"campfire_choices":[{"data":"Footwork","floor":6,"key":"SMITH"},{"data":"Dagger Throw","floor":10,"key":"SMITH"},{"floor":15,"key":"REST"}],"neow_cost":"NONE","seed_source_timestamp":7282790753619,"circlet_count":0,"master_deck":["AscendersBane","Defend_G","Defend_G","Defend_G","Defend_G","Defend_G","Strike_G","Strike_G","Strike_G","Strike_G","Survivor","Neutralize+1","Infinite Blades","Dagger Throw+1","Footwork+1","Bane","Leg Sweep","Bandage Up"],"relics":["Busted Crown","Bag of Marbles","Mercury Hourglass","Bag of Preparation","Mummified Hand"],"potions_floor_usage":[8,8,16],"damage_taken":[{"damage":6,"enemies":"Jaw Worm","floor":1,"turns":7},{"damage":0,"enemies":"2 Louse","floor":3,"turns":5},{"damage":0,"enemies":"Cultist","floor":7,"turns":3},{"damage":7,"enemies":"Lagavulin","floor":8,"turns":11},{"damage":6,"enemies":"Exordium Thugs","floor":12,"turns":4},{"damage":23,"enemies":"Gremlin Nob","floor":14,"turns":5},{"damage":39,"enemies":"Slime Boss","floor":16,"turns":9}],"seed_played":"-7998399542951355252","potions_obtained":[{"floor":1,"key":"EssenceOfSteel"},{"floor":3,"key":"Weak Potion"},{"floor":14,"key":"Block Potion"}],"is_trial":false,"path_per_floor":["M","?","M","$","?","R","M","E","T","R","?","M","$","E","R","B"],"character_chosen":"THE_SILENT","items_purchased":["Footwork","Leg Sweep","Bandage Up"],"campfire_rested":1,"item_purchase_floors":[4,13,13],"current_hp_per_floor":[53,53,53,53,48,48,48,41,41,41,41,35,35,16,35,0],"gold":40,"neow_bonus":"BOSS_RELIC","is_prod":false,"is_daily":false,"chose_seed":false,"campfire_upgraded":2,"win_rate":0,"timestamp":1555064712,"path_taken":["M","?","M","$","?","R","M","E","T","R","?","?","?","E","R","BOSS"],"build_version":"2019-01-23","purchased_purges":0,"victory":false,"max_hp_per_floor":[66,66,66,66,66,66,66,66,66,66,66,66,66,66,66,66],"card_choices":[{"not_picked":[],"picked":"Infinite Blades","floor":1},{"not_picked":[],"picked":"Dagger Throw","floor":3},{"not_picked":["Outmaneuver"],"picked":"SKIP","floor":7},{"not_picked":[],"picked":"Bane","floor":8},{"not_picked":["Catalyst"],"picked":"SKIP","floor":12},{"not_picked":["Eviscerate"],"picked":"SKIP","floor":14}],"player_experience":1026325,"relics_obtained":[{"floor":8,"key":"Mercury Hourglass"},{"floor":9,"key":"Bag of Preparation"},{"floor":14,"key":"Mummified Hand"}],"event_choices":[{"damage_healed":0,"gold_gain":0,"player_choice":"Grow","damage_taken":0,"max_hp_gain":0,"max_hp_loss":0,"event_name":"Living Wall","floor":2,"gold_loss":0,"cards_upgraded":["Neutralize"]},{"damage_healed":0,"gold_gain":0,"player_choice":"Success","damage_taken":5,"relics_obtained":["Bag of Marbles"],"max_hp_gain":0,"max_hp_loss":0,"event_name":"Scrap Ooze","floor":5,"gold_loss":0},{"cards_removed":["Strike_G"],"damage_healed":0,"gold_gain":0,"player_choice":"Purged","damage_taken":0,"max_hp_gain":0,"max_hp_loss":0,"event_name":"Purifier","floor":11,"gold_loss":0}],"is_beta":false,"boss_relics":[],"items_purged_floors":[],"is_endless":false,"potions_floor_spawned":[1,3,14],"killed_by":"Slime Boss","ascension_level":19}