{"gold_per_floor":[113,129,149,149,22,22,47,47,47,66,82,82,5,15,15,15],"floor_reached":16,"playtime":296,"items_purged":["Pain"],"score":184,"play_id":"cdc18bd2-7bac-4e7d-a448-d020c873f4ef","local_time":"20190105223115","is_ascension_mode":true,"campfire_choices":[{"data":"Infinite Blades","floor":6,"key":"SMITH"},{"data":"Blade Dance","floor":12,"key":"SMITH"},{"data":"Prepared","floor":15,"key":"SMITH"}],"neow_cost":"NONE","seed_source_timestamp":1364980990870443,"circlet_count":0,"master_deck":["AscendersBane","Defend_G","Defend_G","Defend_G","Defend_G","Defend_G","Strike_G","Strike_G","Strike_G","Strike_G","Strike_G","Survivor","Neutralize","Poisoned Stab","Infinite Blades+1","Corpse Explosion","PiercingWail","Reflex","Reflex","Blade Dance+1","Well Laid Plans","Prepared+1"],"relics":["Ring of the Snake","NeowsBlessing","WarpedTongs","Gambling Chip","Bottled Flame"],"potions_floor_usage":[7],"damage_taken":[{"damage":0,"enemies":"Cultist","floor":1,"turns":1},{"damage":0,"enemies":"Jaw Worm","floor":2,"turns":1},{"damage":0,"enemies":"Small Slimes","floor":3,"turns":1},{"damage":27,"enemies":"Gremlin Nob","floor":7,"turns":4},{"damage":4,"enemies":"2 Fungi Beasts","floor":10,"turns":2},{"damage":0,"enemies":"Exordium Wildlife","floor":11,"turns":3},{"damage":9,"enemies":"3 Louse","floor":14,"turns":3},{"damage":25,"enemies":"Slime Boss","floor":16,"turns":3}],"seed_played":"2473159031596935586","potions_obtained":[{"floor":1,"key":"Swift Potion"},{"floor":11,"key":"SmokeBomb"},{"floor":14,"key":"Ancient Potion"}],"is_trial":false,"path_per_floor":["M","M","M","?","$","R","E","$","T","M","M","R","$","M","R","B"],"character_chosen":"THE_SILENT","items_purchased":["PiercingWail","Well Laid Plans"],"campfire_rested":0,"item_purchase_floors":[5,13],"current_hp_per_floor":[59,59,59,59,59,59,32,32,32,28,28,28,28,19,19,0],"gold":15,"neow_bonus":"THREE_ENEMY_KILL","is_prod":false,"is_daily":false,"chose_seed":false,"campfire_upgraded":3,"win_rate":0,"timestamp":1546756275,"path_taken":["M","?","M","?","$","R","E","$","T","M","M","R","?","M","R","BOSS"],"build_version":"2019-01-03v4","purchased_purges":1,"victory":false,"max_hp_per_floor":[66,66,66,66,66,66,66,66,66,66,66,66,66,66,66,66],"card_choices":[{"not_picked":["Caltrops","Dodge and Roll"],"picked":"Poisoned Stab","floor":1},{"not_picked":["All Out Attack","Outmaneuver"],"picked":"Infinite Blades","floor":2},{"not_picked":["Sucker Punch","Distraction"],"picked":"Corpse Explosion","floor":3},{"not_picked":["Backflip","Cloak And Dagger"],"picked":"Reflex","floor":7},{"not_picked":["Dagger Throw","Dodge and Roll"],"picked":"Reflex","floor":10},{"not_picked":["Quick Slash","Acrobatics"],"picked":"Blade Dance","floor":11},{"not_picked":["Slice","Footwork"],"picked":"Prepared","floor":14}],"player_experience":1057350,"relics_obtained":[{"floor":7,"key":"Gambling Chip"},{"floor":9,"key":"Bottled Flame"}],"event_choices":[{"damage_healed":0,"gold_gain":0,"player_choice":"Rummage","damage_taken":0,"relics_obtained":["WarpedTongs"],"max_hp_gain":0,"max_hp_loss":0,"event_name":"Accursed Blacksmith","floor":4,"gold_loss":0,"cards_obtained":["Pain"]}],"is_beta":false,"boss_relics":[],"items_purged_floors":[5],"is_endless":false,"potions_floor_spawned":[1,11,14],"killed_by":"Slime Boss","ascension_level":16}