{"gold_per_floor":[117,47,222,179,197,225,225,239,239,239,251,251,284,301,301,301],"floor_reached":16,"playtime":345,"items_purged":[],"score":143,"play_id":"18331096-5a29-4405-a1fa-29692060c8fc","local_time":"20181017011637","is_ascension_mode":true,"campfire_choices":[{"floor":7,"key":"REST"},{"data":"Zap","floor":10,"key":"SMITH"},{"data":"White Noise","floor":12,"key":"SMITH"},{"floor":15,"key":"REST"}],"neow_cost":"NONE","seed_source_timestamp":544954877177604,"circlet_count":0,"master_deck":["Strike_B","Strike_B","Strike_B","Strike_B","Defend_B","Defend_B","Defend_B","Defend_B","Zap+1","Dualcast","Core Surge","Defragment","Thunder Strike","Doubt","Heatsinks","Gash","BootSequence","White Noise+1","Doom and Gloom","White Noise"],"relics":["Cracked Core","Question Card","Bottled Lightning","Omamori"],"potions_floor_usage":[13,13,16],"damage_taken":[{"damage":0,"enemies":"Cultist","floor":1,"turns":2},{"damage":7,"enemies":"Jaw Worm","floor":5,"turns":3},{"damage":40,"enemies":"3 Sentries","floor":6,"turns":7},{"damage":0,"enemies":"Small Slimes","floor":8,"turns":3},{"damage":11,"enemies":"Looter","floor":11,"turns":3},{"damage":18,"enemies":"Gremlin Nob","floor":13,"turns":3},{"damage":5,"enemies":"3 Louse","floor":14,"turns":2},{"damage":39,"enemies":"The Guardian","floor":16,"turns":7}],"seed_played":"6793337602404841742","potions_obtained":[{"floor":6,"key":"FocusPotion"},{"floor":8,"key":"Poison Potion"},{"floor":11,"key":"FairyPotion"},{"floor":14,"key":"Block Potion"}],"is_trial":false,"path_per_floor":["M","$","?","?","M","E","R","M","T","R","M","R","E","M","R"],"character_chosen":"DEFECT","items_purchased":["Thunder Strike"],"campfire_rested":2,"item_purchase_floors":[2],"current_hp_per_floor":[68,68,68,68,61,21,43,43,43,43,32,32,14,9,31,0],"gold":301,"neow_bonus":"ONE_RANDOM_RARE_CARD","is_prod":false,"is_daily":false,"chose_seed":false,"campfire_upgraded":2,"win_rate":0,"timestamp":1539764197,"path_taken":["M","$","?","?","?","E","R","M","T","R","M","R","E","M","R","BOSS"],"build_version":"2018-10-11","purchased_purges":0,"victory":false,"max_hp_per_floor":[75,75,75,75,75,75,75,75,75,75,75,75,75,75,75,75],"card_choices":[{"not_picked":["Turbo","Conserve Battery"],"picked":"Defragment","floor":1},{"not_picked":["Cold Snap","Compile Driver"],"picked":"Heatsinks","floor":5},{"not_picked":["Multi-Cast","Stack"],"picked":"Gash","floor":6},{"not_picked":["Turbo","Heatsinks","Steam"],"picked":"BootSequence","floor":8},{"not_picked":["Fusion","Cold Snap","Static Discharge"],"picked":"White Noise","floor":11},{"not_picked":["Tempest","Chill","Redo"],"picked":"Doom and Gloom","floor":13},{"not_picked":["Chill","Reinforced Body","Melter"],"picked":"White Noise","floor":14}],"player_experience":538463,"relics_obtained":[{"floor":6,"key":"Question Card"},{"floor":9,"key":"Bottled Lightning"},{"floor":13,"key":"Omamori"}],"event_choices":[{"event_name":"Liars Game","player_choice":"agreed","floor":3,"damage_taken":0},{"event_name":"World of Goop","player_choice":"Left","floor":4,"damage_taken":0}],"is_beta":false,"boss_relics":[],"items_purged_floors":[],"is_endless":false,"potions_floor_spawned":[6,8,11,14],"killed_by":"The Guardian","ascension_level":6}