{"gold_per_floor":[113,113,127,127,141,141,156,156,156,156,231,257,257,257,257,329,329,344,4,4,17,36,36,36],"floor_reached":24,"playtime":1450,"items_purged":["Strike_B"],"score":368,"play_id":"59e6c420-665c-4c12-8010-b0d68613c292","local_time":"20190408112110","is_ascension_mode":true,"campfire_choices":[{"data":"Zap","floor":6,"key":"SMITH"},{"data":"Creative AI","floor":8,"key":"SMITH"},{"data":"Dualcast","floor":10,"key":"SMITH"},{"data":"Ball Lightning","floor":13,"key":"SMITH"},{"data":"Cold Snap","floor":15,"key":"SMITH"},{"floor":23,"key":"REST"}],"neow_cost":"NONE","seed_source_timestamp":228067194272636,"circlet_count":0,"master_deck":["AscendersBane","Strike_B","Strike_B","Defend_B+1","Defend_B","Defend_B","Defend_B","Zap+1","Dualcast+1","Cold Snap+1","Creative AI+1","Ball Lightning+1","All For One","BootSequence+1","Amplify","Conserve Battery","Discovery","Decay","Coolheaded","Reinforced Body"],"relics":["Cracked Core","Centennial Puzzle","Boot","War Paint","Nuclear Battery","DataDisk"],"potions_floor_usage":[16,16,24],"damage_taken":[{"damage":1,"enemies":"Small Slimes","floor":1,"turns":4},{"damage":12,"enemies":"Jaw Worm","floor":3,"turns":4},{"damage":2,"enemies":"2 Louse","floor":5,"turns":2},{"damage":5,"enemies":"2 Fungi Beasts","floor":7,"turns":3},{"damage":10,"enemies":"Slime Boss","floor":16,"turns":8},{"damage":26,"enemies":"2 Thieves","floor":18,"turns":4},{"damage":15,"enemies":"Shell Parasite","floor":21,"turns":6},{"damage":17,"enemies":"Centurion and Healer","floor":22,"turns":9},{"damage":31,"enemies":"Colosseum Slavers","floor":24,"turns":4}],"seed_played":"5517199793033142131","potions_obtained":[{"floor":3,"key":"Poison Potion"},{"floor":5,"key":"Block Potion"},{"floor":16,"key":"SteroidPotion"}],"is_trial":false,"path_per_floor":["M","?","M","?","M","R","M","R","T","R","?","T","R","?","R","B",null,"M","$","?","M","M","R","?"],"character_chosen":"DEFECT","items_purchased":["DataDisk","Discovery"],"campfire_rested":1,"item_purchase_floors":[19,19],"current_hp_per_floor":[63,63,51,56,54,54,49,49,49,49,38,38,38,38,38,28,64,38,38,38,23,6,28,0],"gold":36,"neow_bonus":"RANDOM_COMMON_RELIC","is_prod":false,"is_daily":false,"chose_seed":false,"campfire_upgraded":5,"win_rate":0,"timestamp":1554744070,"path_taken":["M","?","M","?","M","R","M","R","T","R","?","?","R","?","R","BOSS","M","$","?","?","M","R","?"],"build_version":"2019-04-04","purchased_purges":1,"victory":false,"max_hp_per_floor":[71,71,71,76,76,76,76,76,76,76,76,76,76,76,76,76,76,76,76,76,76,76,76,76],"card_choices":[{"not_picked":["Gash","Steam Power"],"picked":"Cold Snap","floor":1},{"not_picked":["Blizzard","Consume"],"picked":"Ball Lightning","floor":3},{"not_picked":["Streamline","Sweeping Beam"],"picked":"All For One","floor":5},{"not_picked":["Redo","Static Discharge"],"picked":"BootSequence","floor":7},{"not_picked":["Rainbow","Seek"],"picked":"Amplify","floor":16},{"not_picked":["Steam","Leap"],"picked":"Conserve Battery","floor":18},{"not_picked":["Barrage","BootSequence"],"picked":"Coolheaded","floor":21},{"not_picked":["Chaos","Streamline"],"picked":"Reinforced Body","floor":22}],"player_experience":2798878,"relics_obtained":[{"floor":9,"key":"Boot"},{"floor":12,"key":"War Paint"}],"event_choices":[{"damage_healed":0,"gold_gain":0,"cards_transformed":["Strike_B"],"player_choice":"Change","damage_taken":0,"max_hp_gain":0,"max_hp_loss":0,"event_name":"Living Wall","floor":2,"gold_loss":0,"cards_obtained":["Creative AI"]},{"damage_healed":0,"gold_gain":0,"player_choice":"Donut","damage_taken":0,"max_hp_gain":5,"max_hp_loss":0,"event_name":"Big Fish","floor":4,"gold_loss":0},{"damage_healed":0,"gold_gain":75,"player_choice":"Gather Gold","damage_taken":11,"max_hp_gain":0,"max_hp_loss":0,"event_name":"World of Goop","floor":11,"gold_loss":0},{"damage_healed":0,"gold_gain":0,"player_choice":"Ignored","damage_taken":0,"max_hp_gain":0,"max_hp_loss":0,"event_name":"Liars Game","floor":14,"gold_loss":0},{"damage_healed":0,"gold_gain":0,"player_choice":"Cursed","damage_taken":0,"max_hp_gain":0,"max_hp_loss":0,"event_name":"Wheel of Change","floor":20,"gold_loss":0,"cards_obtained":["Decay"]},{"damage_healed":0,"gold_gain":0,"player_choice":"Fight","damage_taken":0,"max_hp_gain":0,"max_hp_loss":0,"event_name":"Colosseum","floor":24,"gold_loss":0}],"is_beta":true,"boss_relics":[{"not_picked":["Calling Bell","Coffee Dripper"],"picked":"Nuclear Battery"}],"items_purged_floors":[19],"is_endless":false,"potions_floor_spawned":[3,5,16],"killed_by":"Colosseum Slavers","ascension_level":20}