{"gold_per_floor":[110,128,53,53,53,53,84,140,140,151,151,151,191,211,211,304,304,325,325,341,359,372,372,415,415,415,415,72,105,129,129,129,129],"floor_reached":33,"playtime":2591,"items_purged":["Strike_R","Writhe"],"score":636,"play_id":"2acaf8f2-6b17-4f5e-b123-d8792417e33b","local_time":"20190412122420","is_ascension_mode":true,"campfire_choices":[{"data":"Bash","floor":6.0,"key":"SMITH"},{"data":"Inflame","floor":12.0,"key":"SMITH"},{"data":"Disarm","floor":15.0,"key":"SMITH"},{"floor":23.0,"key":"REST"},{"floor":25.0,"key":"REST"},{"data":"Iron Wave","floor":32,"key":"SMITH"}],"neow_cost":"NONE","seed_source_timestamp":117111620565333,"circlet_count":0,"master_deck":["AscendersBane","Strike_R+1","Strike_R+1","Strike_R+1","Defend_R+1","Defend_R+1","Defend_R+1","Defend_R+1","Bash+1","Pommel Strike","Iron Wave+1","Inflame+1","Disarm+1","Immolate","Iron Wave","Shrug It Off","Shrug It Off","Sword Boomerang+1","Shrug It Off+1","Reaper+1","Fiend Fire+1"],"special_seed":0,"relics":["Burning Blood","NeowsBlessing","Thread and Needle","Anchor","Red Skull","Golden Idol","Torii","Sozu","Dream Catcher","Molten Egg 2","Dodecahedron","Membership Card","Centennial Puzzle"],"potions_floor_usage":[33],"damage_taken":[{"damage":0.0,"enemies":"Jaw Worm","floor":1.0,"turns":1.0},{"damage":0.0,"enemies":"2 Louse","floor":2.0,"turns":1.0},{"damage":0.0,"enemies":"3 Sentries","floor":7.0,"turns":1.0},{"damage":42.0,"enemies":"3 Sentries","floor":8.0,"turns":15.0},{"damage":0.0,"enemies":"Cultist","floor":10.0,"turns":3.0},{"damage":4.0,"enemies":"Gremlin Nob","floor":13.0,"turns":3.0},{"damage":1.0,"enemies":"2 Fungi Beasts","floor":14.0,"turns":4.0},{"damage":27.0,"enemies":"The Guardian","floor":16.0,"turns":13.0},{"damage":17.0,"enemies":"Spheric Guardian","floor":18.0,"turns":4.0},{"damage":8.0,"enemies":"2 Thieves","floor":20.0,"turns":4.0},{"damage":1.0,"enemies":"Snecko","floor":21.0,"turns":4.0},{"damage":10.0,"enemies":"Shelled Parasite and Fungi","floor":22.0,"turns":5.0},{"damage":22.0,"enemies":"Slavers","floor":24.0,"turns":4.0},{"damage":57,"enemies":"Gremlin Leader","floor":29,"turns":7},{"damage":1,"enemies":"Cultist and Chosen","floor":30,"turns":5},{"damage":63,"enemies":"Champ","floor":33,"turns":20}],"seed_played":"2163751404180511898","potions_obtained":[{"floor":2.0,"key":"Regen Potion"},{"floor":8.0,"key":"Regen Potion"},{"floor":16.0,"key":"SpeedPotion"}],"is_trial":false,"path_per_floor":["M","M","$","?","$","R","E","?","T","M","?","R","E","M","R","B",null,"M","?","M","M","M","R","E","R","T","?","$","E","M","?","R","B"],"character_chosen":"IRONCLAD","items_purchased":["Membership Card","Reaper+1"],"campfire_rested":2,"item_purchase_floors":[28,28],"current_hp_per_floor":[74,75,75,68,68,68,74,38,38,44,18,18,20,25,25,19,61,50,50,48,53,49,71,55,75,75,75,75,24,45,45,45,0],"gold":129,"neow_bonus":"THREE_ENEMY_KILL","is_prod":false,"is_daily":false,"chose_seed":false,"campfire_upgraded":4,"win_rate":0,"timestamp":1555093460,"path_taken":["M","M","$","?","$","R","E","?","T","M","?","R","E","M","R","BOSS","M","?","M","M","M","R","E","R","T","?","$","E","M","?","R","BOSS"],"build_version":"2019-04-04","purchased_purges":2,"victory":false,"max_hp_per_floor":[75,75,75,75,75,75,75,75,75,75,75,75,75,75,75,75,75,75,75,75,75,75,75,75,75,75,75,75,75,75,75,75,75],"card_choices":[{"not_picked":["Thunderclap","Clothesline"],"picked":"Pommel Strike","floor":1.0},{"not_picked":["Flex","Seeing Red"],"picked":"Iron Wave","floor":2.0},{"not_picked":["Clash","Exhume","Cleave"],"picked":"SKIP","floor":7.0},{"not_picked":["Twin Strike","Sword Boomerang"],"picked":"Inflame","floor":10.0},{"not_picked":["Carnage","Intimidate","Exhume"],"picked":"SKIP","floor":13.0},{"not_picked":["Sword Boomerang","Havoc"],"picked":"Disarm","floor":14.0},{"not_picked":["Barricade","Exhume"],"picked":"Immolate","floor":16.0},{"not_picked":["Infernal Blade","Sentinel"],"picked":"Iron Wave","floor":18.0},{"not_picked":["Flex","Pommel Strike"],"picked":"Shrug It Off","floor":20.0},{"not_picked":["Perfected Strike","Rampage+1"],"picked":"Shrug It Off","floor":21.0},{"not_picked":["Rampage","Body Slam","Twin Strike"],"picked":"SKIP","floor":22.0},{"not_picked":["Wild Strike","Warcry"],"picked":"Sword Boomerang+1","floor":24.0},{"not_picked":["Seeing Red+1","Twin Strike"],"picked":"Shrug It Off+1","floor":25.0},{"not_picked":["Heavy Blade+1","Pommel Strike+1"],"picked":"Fiend Fire+1","floor":29},{"not_picked":["Iron Wave+1","Sword Boomerang+1","Pommel Strike+1"],"picked":"SKIP","floor":30}],"player_experience":2858153,"relics_obtained":[{"floor":7.0,"key":"Thread and Needle"},{"floor":8.0,"key":"Anchor"},{"floor":9.0,"key":"Red Skull"},{"floor":13.0,"key":"Torii"},{"floor":24.0,"key":"Dream Catcher"},{"floor":26.0,"key":"Molten Egg 2"},{"floor":29,"key":"Centennial Puzzle"}],"event_choices":[{"cards_removed":["Strike_R"],"damage_healed":0.0,"max_hp_gain":0.0,"max_hp_loss":0.0,"gold_gain":0.0,"event_name":"Golden Wing","player_choice":"Card Removal","floor":4.0,"gold_loss":0.0,"damage_taken":7.0},{"damage_healed":0.0,"max_hp_gain":0.0,"max_hp_loss":0.0,"gold_gain":30.0,"event_name":"Dead Adventurer","player_choice":"Searched \u00272\u0027 times","floor":8.0,"gold_loss":0.0,"damage_taken":0.0},{"damage_healed":0.0,"max_hp_gain":0.0,"max_hp_loss":0.0,"gold_gain":0.0,"event_name":"Golden Idol","player_choice":"Take Damage","floor":11.0,"gold_loss":0.0,"damage_taken":26.0,"relics_obtained":["Golden Idol"]},{"damage_healed":0.0,"max_hp_gain":0.0,"max_hp_loss":0.0,"gold_gain":0.0,"event_name":"Back to Basics","player_choice":"Simplicity","floor":19.0,"gold_loss":0.0,"damage_taken":0.0,"cards_upgraded":["Strike_R","Strike_R","Strike_R","Defend_R","Defend_R","Defend_R","Defend_R"]},{"damage_healed":0.0,"max_hp_gain":0.0,"max_hp_loss":0.0,"gold_gain":0.0,"event_name":"The Mausoleum","player_choice":"Opened","floor":27.0,"gold_loss":0.0,"damage_taken":0.0,"relics_obtained":["Dodecahedron"],"cards_obtained":["Writhe"]},{"damage_healed":0,"gold_gain":0,"player_choice":"Ignored","damage_taken":0,"max_hp_gain":0,"max_hp_loss":0,"event_name":"Ghosts","floor":31,"gold_loss":0}],"is_beta":true,"boss_relics":[{"not_picked":["White Beast Statue","Ectoplasm"],"picked":"Sozu"}],"items_purged_floors":[3,28],"is_endless":false,"potions_floor_spawned":[2,8,13,16,18,21,24,29],"killed_by":"Champ","ascension_level":20}