{"gold_per_floor":[118,43,43,43,59,87,108,108,162,190,222,234,211,241,253,370,382,412,424,454,479,406,418,459,471,483,525,35,35,35,55,55,160,160,176,188,201,218,265,291,291,291,291,291,311,311,330,358,358,358],"floor_reached":51,"playtime":3402,"items_purged":["Strike_R"],"score":1255,"play_id":"11b92606-2a16-472a-87bb-b03a339f062e","local_time":"20190306185727","is_ascension_mode":true,"campfire_choices":[{"data":"Whirlwind","floor":8,"key":"SMITH"},{"floor":15,"key":"REST"},{"data":"Shrug It Off","floor":23,"key":"SMITH"},{"floor":25,"key":"REST"},{"floor":29,"key":"REST"},{"floor":32,"key":"REST"},{"floor":41,"key":"REST"},{"data":"Impervious","floor":44,"key":"SMITH"},{"floor":46,"key":"DIG"},{"floor":49,"key":"REST"}],"neow_cost":"NONE","seed_source_timestamp":188249316310988,"circlet_count":0,"master_deck":["AscendersBane","Strike_R","Defend_R","Defend_R","Defend_R","Defend_R","Bash","Whirlwind+1","Inflame+1","Shockwave","Rampage","Metallicize+1","Barricade+1","Shrug It Off+1","Disarm+1","Heavy Blade+1","Fire Breathing+1","RitualDagger","Ghostly Armor","Impervious+1","Reckless Charge+1","Dual Wield+1","Wild Strike+1","Iron Wave+1","Armaments+1","Disarm","Parasite","Fire Breathing+1","Disarm+1","Decay","Demon Form+1"],"relics":["Burning Blood","NeowsBlessing","Frozen Egg 2","Odd Mushroom","Pen Nib","MawBank","Singing Bowl","Velvet Choker","Dodecahedron","Vajra","Bottled Lightning","Thread and Needle","Bird Faced Urn","Art of War","Astrolabe","Shovel","Blood Vial","Blue Candle","Paper Frog","Pear"],"potions_floor_usage":[14,18,24,24,24,33,39,39,40],"damage_taken":[{"damage":0,"enemies":"Cultist","floor":1,"turns":1},{"damage":0,"enemies":"2 Louse","floor":5,"turns":2},{"damage":0,"enemies":"Gremlin Nob","floor":6,"turns":1},{"damage":18,"enemies":"The Mushroom Lair","floor":7,"turns":4},{"damage":32,"enemies":"Lagavulin","floor":10,"turns":6},{"damage":10,"enemies":"Small Slimes","floor":11,"turns":2},{"damage":0,"enemies":"2 Fungi Beasts","floor":14,"turns":1},{"damage":24,"enemies":"Slime Boss","floor":16,"turns":7},{"damage":14,"enemies":"Shell Parasite","floor":18,"turns":5},{"damage":3,"enemies":"Chosen","floor":20,"turns":5},{"damage":16,"enemies":"Snake Plant","floor":21,"turns":2},{"damage":53,"enemies":"Slavers","floor":24,"turns":5},{"damage":18,"enemies":"Book of Stabbing","floor":27,"turns":7},{"damage":21,"enemies":"Centurion and Healer","floor":31,"turns":5},{"damage":80,"enemies":"Automaton","floor":33,"turns":10},{"damage":20,"enemies":"3 Shapes","floor":35,"turns":3},{"damage":5,"enemies":"3 Darklings","floor":36,"turns":3},{"damage":0,"enemies":"Maw","floor":37,"turns":8},{"damage":0,"enemies":"Writhing Mass","floor":38,"turns":10},{"damage":96,"enemies":"2 Orb Walkers","floor":39,"turns":8},{"damage":0,"enemies":"Nemesis","floor":40,"turns":13},{"damage":2,"enemies":"Spire Growth","floor":45,"turns":7},{"damage":63,"enemies":"Sphere and 2 Shapes","floor":47,"turns":7},{"damage":2,"enemies":"Giant Head","floor":48,"turns":8},{"damage":20,"enemies":"Time Eater","floor":50,"turns":12}],"seed_played":"-9039207381367896342","potions_obtained":[{"floor":1,"key":"FearPotion"},{"floor":6,"key":"FearPotion"},{"floor":7,"key":"Energy Potion"},{"floor":14,"key":"BloodPotion"},{"floor":18,"key":"Swift Potion"},{"floor":31,"key":"Strength Potion"},{"floor":35,"key":"Regen Potion"},{"floor":36,"key":"Swift Potion"},{"floor":39,"key":"Dexterity Potion"},{"floor":45,"key":"SteroidPotion"},{"floor":48,"key":"FairyPotion"}],"is_trial":false,"path_per_floor":["M","$","?","?","M","E","?","R","T","E","M","?","?","M","R","B",null,"M","?","M","M","?","R","E","R","T","E","$","R","?","M","R","B",null,"M","M","M","M","?","E","R","?","T","R","M","R","M","E","R","B",null],"character_chosen":"IRONCLAD","items_purchased":["Fire Breathing+1","Bird Faced Urn","Art of War"],"campfire_rested":6,"item_purchase_floors":[28,28,28],"current_hp_per_floor":[78,78,83,83,85,85,73,73,73,47,43,18,39,47,73,55,79,73,73,76,68,68,68,30,57,57,45,45,72,66,59,86,20,73,63,64,78,91,25,41,68,68,68,68,86,86,41,75,107,100],"gold":358,"neow_bonus":"THREE_ENEMY_KILL","is_prod":false,"is_daily":false,"chose_seed":false,"campfire_upgraded":3,"win_rate":0,"timestamp":1551916647,"path_taken":["M","$","?","?","M","E","?","R","T","E","M","?","?","M","R","BOSS","M","?","M","M","?","R","E","R","T","E","?","R","?","M","R","BOSS","M","M","M","M","?","E","R","?","T","R","?","R","M","E","R","BOSS"],"build_version":"2019-01-23","purchased_purges":1,"victory":true,"max_hp_per_floor":[80,80,85,85,85,85,85,85,85,85,85,85,85,87,87,87,87,89,89,89,91,91,91,91,91,91,91,91,91,91,91,91,91,91,91,91,91,91,93,93,93,93,93,93,95,95,95,107,107,107],"card_choices":[{"not_picked":["Dropkick","Rupture","Rage"],"picked":"SKIP","floor":1},{"not_picked":["Cleave","Wild Strike"],"picked":"Whirlwind","floor":5},{"not_picked":["Rage","Carnage"],"picked":"Inflame","floor":6},{"not_picked":["Anger","Cleave"],"picked":"Shockwave","floor":7},{"not_picked":["Immolate","Heavy Blade"],"picked":"Rampage","floor":10},{"not_picked":["Headbutt","Searing Blow"],"picked":"Metallicize+1","floor":11},{"not_picked":["Warcry","Clash","Anger"],"picked":"Singing Bowl","floor":14},{"not_picked":["Impervious","Exhume"],"picked":"Barricade+1","floor":16},{"not_picked":["Sever Soul","True Grit","Clash"],"picked":"Singing Bowl","floor":18},{"not_picked":["Armaments","Flex"],"picked":"Shrug It Off","floor":20},{"not_picked":["Clash","Evolve+1","Anger"],"picked":"Singing Bowl","floor":21},{"not_picked":["Battle Trance+1","True Grit"],"picked":"Disarm+1","floor":24},{"not_picked":["Dark Embrace+1","Sword Boomerang"],"picked":"Heavy Blade+1","floor":27},{"not_picked":["Disarm","Seeing Red"],"picked":"Ghostly Armor","floor":31},{"not_picked":["Fiend Fire","Dark Embrace+1"],"picked":"Impervious","floor":33},{"not_picked":["Clash+1","Flex"],"picked":"Iron Wave+1","floor":35},{"not_picked":["Wild Strike","Rage+1"],"picked":"Armaments+1","floor":36},{"not_picked":["Wild Strike+1","Heavy Blade+1"],"picked":"Disarm","floor":37},{"not_picked":["Cleave","Rampage"],"picked":"Fire Breathing+1","floor":38},{"not_picked":["Thunderclap","Clash","Wild Strike+1"],"picked":"Singing Bowl","floor":39},{"not_picked":["Brutality+1","Cleave+1"],"picked":"Disarm+1","floor":40},{"not_picked":["Warcry","Clash+1","Sever Soul"],"picked":"Singing Bowl","floor":45},{"not_picked":["Shrug It Off+1","Twin Strike+1"],"picked":"Demon Form+1","floor":47},{"not_picked":["Armaments+1","Searing Blow+1","Corruption+1"],"picked":"Singing Bowl","floor":48}],"player_experience":238095,"relics_obtained":[{"floor":6,"key":"Frozen Egg 2"},{"floor":7,"key":"Odd Mushroom"},{"floor":9,"key":"Pen Nib"},{"floor":10,"key":"MawBank"},{"floor":24,"key":"Vajra"},{"floor":26,"key":"Bottled Lightning"},{"floor":27,"key":"Thread and Needle"},{"floor":39,"key":"Shovel"},{"floor":40,"key":"Blood Vial"},{"floor":43,"key":"Blue Candle"},{"floor":46,"key":"Paper Frog"},{"floor":48,"key":"Pear"}],"event_choices":[{"damage_healed":0,"gold_gain":0,"player_choice":"Donut","damage_taken":0,"max_hp_gain":5,"max_hp_loss":0,"event_name":"Big Fish","floor":3,"gold_loss":0},{"damage_healed":0,"gold_gain":0,"player_choice":"Ignored","damage_taken":0,"max_hp_gain":0,"max_hp_loss":0,"event_name":"Liars Game","floor":4,"gold_loss":0},{"damage_healed":0,"gold_gain":0,"player_choice":"Fought Mushrooms","damage_taken":0,"max_hp_gain":0,"max_hp_loss":0,"event_name":"Mushrooms","floor":7,"gold_loss":0},{"damage_healed":0,"gold_gain":0,"player_choice":"Success","damage_taken":25,"relics_obtained":["Singing Bowl"],"max_hp_gain":0,"max_hp_loss":0,"event_name":"Scrap Ooze","floor":12,"gold_loss":0},{"damage_healed":21,"gold_gain":0,"player_choice":"Healed","damage_taken":0,"max_hp_gain":0,"max_hp_loss":0,"event_name":"The Cleric","floor":13,"gold_loss":35},{"damage_healed":0,"gold_gain":0,"player_choice":"Ignored","damage_taken":0,"max_hp_gain":0,"max_hp_loss":0,"event_name":"Vampires","floor":19,"gold_loss":0},{"damage_healed":0,"gold_gain":0,"player_choice":"Obtained Relic","damage_taken":0,"relics_obtained":["Dodecahedron"],"max_hp_gain":0,"max_hp_loss":0,"event_name":"Addict","floor":22,"gold_loss":85},{"damage_healed":0,"gold_gain":0,"player_choice":"Joined the Cult","damage_taken":6,"max_hp_gain":0,"max_hp_loss":0,"event_name":"Nest","floor":30,"gold_loss":0,"cards_obtained":["RitualDagger"]},{"damage_healed":0,"gold_gain":0,"player_choice":"Fight","damage_taken":0,"max_hp_gain":0,"max_hp_loss":0,"event_name":"Mysterious Sphere","floor":39,"gold_loss":0},{"damage_healed":0,"gold_gain":0,"player_choice":"Cursed","damage_taken":0,"max_hp_gain":0,"max_hp_loss":0,"event_name":"Wheel of Change","floor":42,"gold_loss":0,"cards_obtained":["Decay"]}],"is_beta":false,"boss_relics":[{"not_picked":["Cursed Key","Calling Bell"],"picked":"Velvet Choker"},{"not_picked":["Empty Cage","Runic Dome"],"picked":"Astrolabe"}],"items_purged_floors":[2],"is_endless":false,"potions_floor_spawned":[1,6,7,14,16,18,21,31,35,36,39,45,48],"ascension_level":10}