{"gold_per_floor":[109,109,73,73,87,87,105,134,161,176,210,210,239,251,251,327,327,344,356,356,356,356,382,382,399,467,467,520,520,553,603,603,680,680,702,354,372,59,75,103,103,103],"floor_reached":42,"playtime":1061,"items_purged":["Writhe"],"score":912,"play_id":"e6d4689c-badf-403a-9eb4-efa2140b580d","local_time":"20181024180956","is_ascension_mode":true,"campfire_choices":[{"data":"Whirlwind","floor":6,"key":"SMITH"},{"data":"Limit Break","floor":12,"key":"SMITH"},{"floor":15,"key":"REST"},{"floor":27,"key":"REST"},{"floor":29,"key":"REST"},{"data":"Inflame","floor":32,"key":"SMITH"},{"floor":41,"key":"REST"}],"neow_cost":"NONE","seed_source_timestamp":1209842740876992,"circlet_count":0,"master_deck":["Strike_R","Strike_R+1","Strike_R+1","Strike_R","Strike_R","Defend_R","Defend_R","Defend_R","Defend_R","Bash","AscendersBane","Trip+1","Thunderclap","Whirlwind+1","Inflame+1","Twin Strike","Limit Break+1","Inflame","Twin Strike","Offering+1","Heavy Blade","Limit Break","Infernal Blade","Disarm","Flex","Berserk","Carnage+1","Offering","Shame","Parasite","Shame","Flex","Clash","Clash","Reaper"],"relics":["Burning Blood","Centennial Puzzle","Oddly Smooth Stone","Blood Vial","Mummified Hand","Lizard Tail","MutagenicStrength","Bottled Flame","Mercury Hourglass","Bottled Tornado","Dream Catcher","Du-Vu Doll","Calling Bell","MawBank","Sundial","Champion Belt","Brimstone","Whetstone","Blue Candle","Vajra"],"potions_floor_usage":[11,16,19,30,30,39,40],"damage_taken":[{"damage":2,"enemies":"Small Slimes","floor":1,"turns":4},{"damage":12,"enemies":"Jaw Worm","floor":5,"turns":2},{"damage":10,"enemies":"2 Louse","floor":7,"turns":2},{"damage":20,"enemies":"3 Sentries","floor":8,"turns":3},{"damage":0,"enemies":"2 Fungi Beasts","floor":10,"turns":2},{"damage":16,"enemies":"Gremlin Nob","floor":11,"turns":3},{"damage":20,"enemies":"Lagavulin","floor":13,"turns":5},{"damage":14,"enemies":"Blue Slaver","floor":14,"turns":3},{"damage":50,"enemies":"Hexaghost","floor":16,"turns":5},{"damage":33,"enemies":"2 Thieves","floor":18,"turns":3},{"damage":22,"enemies":"Shell Parasite","floor":19,"turns":4},{"damage":6,"enemies":"Gremlin Leader","floor":23,"turns":2},{"damage":20,"enemies":"Shelled Parasite and Fungi","floor":25,"turns":2},{"damage":21,"enemies":"Book of Stabbing","floor":30,"turns":3},{"damage":65,"enemies":"Collector","floor":33,"turns":5},{"damage":0,"enemies":"3 Shapes","floor":35,"turns":3},{"damage":12,"enemies":"Orb Walker","floor":37,"turns":2},{"damage":0,"enemies":"Jaw Worm Horde","floor":39,"turns":3},{"damage":59,"enemies":"Nemesis","floor":40,"turns":3},{"damage":48,"enemies":"Reptomancer","floor":42,"turns":2}],"seed_played":"-5102066820681262767","potions_obtained":[{"floor":8,"key":"PowerPotion"},{"floor":10,"key":"EssenceOfSteel"},{"floor":13,"key":"Regen Potion"},{"floor":16,"key":"Swift Potion"},{"floor":19,"key":"Weak Potion"},{"floor":33,"key":"SkillPotion"},{"floor":39,"key":"Poison Potion"}],"is_trial":false,"path_per_floor":["M","?","$","?","M","R","M","E","T","M","E","R","E","M","R","B",null,"M","M","?","?","?","E","?","M","T","R","T","R","E","?","R","B",null,"M","$","M","$","M","E","R"],"character_chosen":"IRONCLAD","items_purchased":["Whirlwind","Brimstone","Whetstone","Blue Candle"],"campfire_rested":4,"item_purchase_floors":[3,36,36,38],"current_hp_per_floor":[72,72,72,72,66,66,62,48,48,54,44,44,32,26,48,11,59,34,20,35,35,35,37,37,25,25,47,47,69,56,56,56,43,67,75,75,69,69,75,22,44,0],"gold":103,"neow_bonus":"RANDOM_COLORLESS","is_prod":false,"is_daily":false,"chose_seed":false,"campfire_upgraded":3,"win_rate":0,"timestamp":1540429796,"path_taken":["M","?","$","?","M","R","M","E","T","M","E","R","E","M","R","BOSS","M","M","?","?","?","E","?","M","T","R","?","R","E","?","R","BOSS","M","$","?","$","M","E","R","E"],"build_version":"2018-10-18","purchased_purges":1,"victory":false,"max_hp_per_floor":[75,75,75,75,75,75,75,75,75,75,75,75,75,75,75,75,75,75,75,75,75,75,75,75,75,75,75,75,75,75,75,75,75,75,75,75,75,75,75,75,75,75],"card_choices":[{"not_picked":["Perfected Strike","Entrench"],"picked":"Thunderclap","floor":1},{"not_picked":["Power Through","Sword Boomerang"],"picked":"Inflame","floor":5},{"not_picked":["Metallicize","Wild Strike"],"picked":"Twin Strike","floor":7},{"not_picked":["Flex","Twin Strike"],"picked":"Limit Break","floor":8},{"not_picked":["Dropkick","Warcry"],"picked":"Inflame","floor":10},{"not_picked":["Havoc","Power Through"],"picked":"Twin Strike","floor":11},{"not_picked":["Clash","Clothesline"],"picked":"Offering","floor":13},{"not_picked":["Body Slam","Rampage"],"picked":"Heavy Blade","floor":14},{"not_picked":["Double Tap","Barricade"],"picked":"Limit Break","floor":16},{"not_picked":["Sword Boomerang","Iron Wave+1"],"picked":"Infernal Blade","floor":18},{"not_picked":["Shrug It Off","Body Slam"],"picked":"Disarm","floor":19},{"not_picked":["Second Wind","Perfected Strike+1"],"picked":"Flex","floor":23},{"not_picked":["Clothesline","Twin Strike","Armaments"],"picked":"SKIP","floor":25},{"not_picked":["Uppercut","Wild Strike"],"picked":"Berserk","floor":29},{"not_picked":["Warcry","Thunderclap"],"picked":"Carnage+1","floor":30},{"not_picked":["Feed","Exhume"],"picked":"Offering","floor":33},{"not_picked":["Wild Strike","Shockwave"],"picked":"Flex","floor":35},{"not_picked":["Clothesline","Armaments","Feel No Pain+1"],"picked":"SKIP","floor":37},{"not_picked":["Searing Blow","Clothesline"],"picked":"Clash","floor":39},{"not_picked":["Clothesline","Rampage"],"picked":"Clash","floor":40},{"not_picked":["Body Slam+1","Pummel"],"picked":"Reaper","floor":41}],"player_experience":638202,"relics_obtained":[{"floor":8,"key":"Centennial Puzzle"},{"floor":9,"key":"Oddly Smooth Stone"},{"floor":11,"key":"Blood Vial"},{"floor":13,"key":"Mummified Hand"},{"floor":23,"key":"Bottled Flame"},{"floor":26,"key":"Bottled Tornado"},{"floor":28,"key":"Dream Catcher"},{"floor":30,"key":"Du-Vu Doll"},{"floor":34,"key":"MawBank"},{"floor":34,"key":"Sundial"},{"floor":34,"key":"Champion Belt"},{"floor":40,"key":"Vajra"}],"event_choices":[{"damage_healed":0,"gold_gain":0,"player_choice":"Grow","damage_taken":0,"max_hp_gain":0,"max_hp_loss":0,"event_name":"Living Wall","floor":2,"gold_loss":0,"cards_upgraded":["Trip"]},{"damage_healed":0,"gold_gain":0,"player_choice":"Leave","damage_taken":0,"max_hp_gain":0,"max_hp_loss":0,"event_name":"The Cleric","floor":4,"gold_loss":0},{"damage_healed":15,"gold_gain":0,"player_choice":"Heal","damage_taken":0,"max_hp_gain":0,"max_hp_loss":0,"event_name":"The Library","floor":20,"gold_loss":0},{"damage_healed":0,"gold_gain":0,"player_choice":"Inject Mutagens","damage_taken":0,"relics_obtained":["MutagenicStrength"],"max_hp_gain":0,"max_hp_loss":0,"event_name":"Drug Dealer","floor":21,"gold_loss":0},{"damage_healed":0,"gold_gain":0,"player_choice":"Forge","damage_taken":0,"max_hp_gain":0,"max_hp_loss":0,"event_name":"Accursed Blacksmith","floor":22,"gold_loss":0,"cards_upgraded":["Offering"]},{"damage_healed":0,"gold_gain":0,"player_choice":"Opened","damage_taken":0,"relics_obtained":["Mercury Hourglass"],"max_hp_gain":0,"max_hp_loss":0,"event_name":"The Mausoleum","floor":24,"gold_loss":0,"cards_obtained":["Writhe"]},{"damage_healed":0,"gold_gain":50,"player_choice":"Stole From Cult","damage_taken":0,"max_hp_gain":0,"max_hp_loss":0,"event_name":"Nest","floor":31,"gold_loss":0}],"is_beta":false,"boss_relics":[{"not_picked":["Eternal Feather","Empty Cage"],"picked":"Lizard Tail"},{"not_picked":["Runic Pyramid","Runic Cube"],"picked":"Calling Bell"}],"items_purged_floors":[38],"is_endless":false,"potions_floor_spawned":[8,10,13,16,19,23,33,39],"killed_by":"Reptomancer","ascension_level":15}