{"gold_per_floor":[112,187,18,18,18,18,51,51,51,62,25,39,39,69,69,167,167,184,200,200,200,125,125,159,179,179,179,196,214,228,143,143,248,248,262,262,272,372,372,372],"floor_reached":40,"playtime":889,"items_purged":["Strike_R"],"score":503,"play_id":"e785471f-c905-4378-8433-bf78e5e356c4","local_time":"20190131184205","is_ascension_mode":true,"campfire_choices":[{"data":"Metallicize","floor":6,"key":"SMITH"},{"data":"Warcry","floor":8,"key":"SMITH"},{"data":"Inflame","floor":15,"key":"SMITH"},{"floor":23,"key":"RECALL"},{"floor":27,"key":"REST"},{"data":"Inflame","floor":32,"key":"SMITH"}],"neow_cost":"NONE","seed_source_timestamp":18247001415200,"circlet_count":0,"master_deck":["Strike_R","Strike_R","Strike_R","Strike_R","Defend_R","Defend_R","Defend_R","Defend_R","Bash","Thunderclap","Metallicize+1","Shrug It Off","Warcry+1","Regret","Clash","Inflame+1","Inflame+1","Sword Boomerang","Fiend Fire","Headbutt+1","Twin Strike+1","Cleave","Shame","Reaper","Madness"],"relics":["Burning Blood","NeowsBlessing","Gremlin Horn","Champion Belt","Pen Nib","Dream Catcher","Mercury Hourglass","Meat on the Bone","Cursed Key","Juzu Bracelet","Du-Vu Doll","Oddly Smooth Stone","Fusion Hammer","Prayer Wheel"],"potions_floor_usage":[14,24,24,28,40],"damage_taken":[{"damage":0,"enemies":"Small Slimes","floor":1,"turns":1},{"damage":0,"enemies":"Lagavulin","floor":7,"turns":1},{"damage":0,"enemies":"2 Louse","floor":10,"turns":1},{"damage":6,"enemies":"Jaw Worm","floor":12,"turns":3},{"damage":12,"enemies":"3 Sentries","floor":14,"turns":5},{"damage":9,"enemies":"Slime Boss","floor":16,"turns":7},{"damage":8,"enemies":"Chosen","floor":18,"turns":2},{"damage":11,"enemies":"3 Byrds","floor":19,"turns":4},{"damage":46,"enemies":"Slavers","floor":24,"turns":4},{"damage":29,"enemies":"Snake Plant","floor":25,"turns":4},{"damage":11,"enemies":"Centurion and Healer","floor":28,"turns":4},{"damage":1,"enemies":"Sentry and Sphere","floor":29,"turns":3},{"damage":2,"enemies":"Snake Plant","floor":30,"turns":3},{"damage":8,"enemies":"Collector","floor":33,"turns":7},{"damage":7,"enemies":"3 Shapes","floor":35,"turns":2},{"damage":16,"enemies":"Orb Walker","floor":37,"turns":3},{"damage":14,"enemies":"Mind Bloom Boss Battle","floor":38,"turns":4},{"damage":99,"enemies":"Nemesis","floor":40,"turns":5}],"seed_played":"8421115251717729319","potions_obtained":[{"floor":10,"key":"GamblersBrew"},{"floor":16,"key":"Weak Potion"},{"floor":19,"key":"GamblersBrew"},{"floor":25,"key":"Fire Potion"},{"floor":35,"key":"Ancient Potion"}],"is_trial":false,"path_per_floor":["M","?","$","?","T","R","E","R","T","M","$","M","?","E","R","B",null,"M","M","$","?","$","R","E","M","T","R","M","M","M","?","R","B",null,"M","?","M","?","?","E"],"character_chosen":"IRONCLAD","items_purchased":["Metallicize","Shrug It Off","Warcry","Inflame"],"campfire_rested":1,"item_purchase_floors":[3,3,3,11],"current_hp_per_floor":[80,69,69,69,69,69,75,75,75,80,80,80,77,71,71,68,80,78,73,73,73,73,73,45,34,34,58,53,58,62,62,62,60,80,79,79,69,61,61,0],"gold":372,"neow_bonus":"THREE_ENEMY_KILL","is_prod":false,"is_daily":false,"chose_seed":false,"campfire_upgraded":4,"win_rate":0,"timestamp":1548988925,"path_taken":["M","?","$","?","?","R","E","R","T","M","?","?","?","E","R","BOSS","M","M","$","?","$","R","E","M","T","R","M","M","M","?","R","BOSS","M","?","M","?","?","E"],"build_version":"2019-01-23","purchased_purges":1,"victory":false,"max_hp_per_floor":[80,80,80,80,80,80,80,80,80,80,80,80,80,80,80,80,80,80,80,80,80,80,80,80,80,80,80,80,80,80,80,80,80,80,80,80,80,80,80,80],"card_choices":[{"not_picked":["Pommel Strike","Clash"],"picked":"Thunderclap","floor":1},{"not_picked":["Clothesline","Exhume"],"picked":"Clash","floor":7},{"not_picked":["Uppercut","Body Slam"],"picked":"Inflame","floor":10},{"not_picked":["Body Slam","True Grit"],"picked":"Sword Boomerang","floor":12},{"not_picked":["Anger","Sword Boomerang","Wild Strike"],"picked":"SKIP","floor":14},{"not_picked":["Immolate","Feed"],"picked":"Fiend Fire","floor":16},{"not_picked":["Clothesline","Reckless Charge"],"picked":"Headbutt+1","floor":18},{"not_picked":["Body Slam","Flex+1"],"picked":"Twin Strike+1","floor":19},{"not_picked":["Dark Embrace","Perfected Strike","Anger+1"],"picked":"SKIP","floor":24},{"not_picked":["Clothesline","Thunderclap","Body Slam"],"picked":"SKIP","floor":25},{"not_picked":["Evolve+1","Inflame","Carnage+1"],"picked":"SKIP","floor":28},{"not_picked":["Warcry","Heavy Blade","Anger"],"picked":"SKIP","floor":29},{"not_picked":["Headbutt","Perfected Strike","Twin Strike"],"picked":"SKIP","floor":30},{"not_picked":["Dark Embrace","Double Tap"],"picked":"Reaper","floor":33},{"not_picked":["Seeing Red+1","Blood for Blood+1","Sword Boomerang+1"],"picked":"SKIP","floor":35},{"not_picked":["Pommel Strike","Shrug It Off","Heavy Blade+1"],"picked":"SKIP","floor":37},{"not_picked":["Deep Breath","Discovery"],"picked":"Madness","floor":39}],"player_experience":428859,"relics_obtained":[{"floor":5,"key":"Champion Belt"},{"floor":7,"key":"Pen Nib"},{"floor":9,"key":"Dream Catcher"},{"floor":14,"key":"Meat on the Bone"},{"floor":24,"key":"Juzu Bracelet"},{"floor":26,"key":"Du-Vu Doll"},{"floor":38,"key":"Prayer Wheel"}],"event_choices":[{"damage_healed":0,"gold_gain":75,"player_choice":"Gather Gold","damage_taken":11,"max_hp_gain":0,"max_hp_loss":0,"event_name":"World of Goop","floor":2,"gold_loss":0},{"damage_healed":0,"gold_gain":0,"player_choice":"Box","damage_taken":0,"relics_obtained":["Gremlin Horn"],"max_hp_gain":0,"max_hp_loss":0,"event_name":"Big Fish","floor":4,"gold_loss":0,"cards_obtained":["Regret"]},{"damage_healed":0,"gold_gain":0,"player_choice":"Success","damage_taken":3,"relics_obtained":["Mercury Hourglass"],"max_hp_gain":0,"max_hp_loss":0,"event_name":"Scrap Ooze","floor":13,"gold_loss":0},{"damage_healed":0,"gold_gain":0,"player_choice":"Read","damage_taken":0,"max_hp_gain":0,"max_hp_loss":0,"event_name":"The Library","floor":21,"gold_loss":0,"cards_obtained":["Cleave"]},{"damage_healed":0,"gold_gain":0,"player_choice":"Obtained Relic","damage_taken":0,"relics_obtained":["Oddly Smooth Stone"],"max_hp_gain":0,"max_hp_loss":0,"event_name":"Addict","floor":31,"gold_loss":85},{"damage_healed":0,"gold_gain":0,"player_choice":"Ignored","damage_taken":0,"max_hp_gain":0,"max_hp_loss":0,"event_name":"Tomb of Lord Red Mask","floor":36,"gold_loss":0},{"damage_healed":0,"gold_gain":0,"player_choice":"Fight","damage_taken":0,"max_hp_gain":0,"max_hp_loss":0,"event_name":"MindBloom","floor":38,"gold_loss":0},{"damage_healed":0,"gold_gain":0,"player_choice":"Memory 1","damage_taken":0,"max_hp_gain":0,"max_hp_loss":0,"event_name":"SensoryStone","floor":39,"gold_loss":0}],"is_beta":true,"boss_relics":[{"not_picked":["Pandora\u0027s Box","Coffee Dripper"],"picked":"Cursed Key"},{"not_picked":["Mark of Pain","Calling Bell"],"picked":"Fusion Hammer"}],"items_purged_floors":[22],"is_endless":false,"potions_floor_spawned":[10,16,19,25,35],"killed_by":"Nemesis","ascension_level":3}