{"gold_per_floor":[116,127,127,143,153,184,184,201,201,232,251,282,282,293,293,391,391,409,45,45,60,60,60,87,87,112,211,211,222,256,275,275,374,374,389,434,7,20,32,42,42,72,72,91,110,37,37,0,0,0],"floor_reached":51,"playtime":3536,"items_purged":[],"score":739,"play_id":"f0a66188-063a-49ac-885a-1f5d6b252158","local_time":"20181231044938","is_ascension_mode":false,"campfire_choices":[{"data":"Perfected Strike","floor":7,"key":"SMITH"},{"data":"Infernal Blade","floor":15,"key":"SMITH"},{"floor":23,"key":"REST"},{"floor":25,"key":"REST"},{"data":"Flame Barrier","floor":32,"key":"SMITH"},{"floor":41,"key":"REST"},{"floor":47,"key":"REST"},{"floor":49,"key":"REST"}],"neow_cost":"NONE","seed_source_timestamp":264965788131723,"circlet_count":0,"master_deck":["Strike_R+1","Strike_R","Strike_R","Strike_R","Strike_R","Defend_R","Defend_R","Defend_R+1","Defend_R","Bash","Iron Wave+1","Ghostly Armor+1","Pommel Strike","Perfected Strike+1","True Grit","Dual Wield+1","Bludgeon","Infernal Blade+1","Shockwave","Headbutt","Dark Embrace+1","Intimidate+1","Perfected Strike","Infernal Blade+1","Warcry","Corruption+1","Flame Barrier+1","Rupture+1","Brutality+1","Barricade+1","Pommel Strike","Brutality+1","Violence","Fire Breathing+1","Feel No Pain+1","Sever Soul+1","Shrug It Off+1","Clumsy","Flame Barrier","Entrench+1"],"relics":["Burning Blood","Mercury Hourglass","Frozen Egg 2","Pantograph","Matryoshka","Philosopher\u0027s Stone","Thread and Needle","Nilry\u0027s Codex","Vajra","Ornamental Fan","Lantern","Bag of Marbles","Cursed Key","Turnip","Molten Egg 2","Blood Vial","War Paint","Incense Burner","Red Mask"],"potions_floor_usage":[6,6,6,10,12,30,33,33,33,36,38,38,39,40,42,44,50,50],"damage_taken":[{"damage":0,"enemies":"Small Slimes","floor":1,"turns":3},{"damage":6,"enemies":"Jaw Worm","floor":2,"turns":3},{"damage":0,"enemies":"2 Louse","floor":4,"turns":2},{"damage":8,"enemies":"Exordium Thugs","floor":5,"turns":5},{"damage":13,"enemies":"3 Sentries","floor":6,"turns":8},{"damage":0,"enemies":"3 Louse","floor":8,"turns":2},{"damage":14,"enemies":"Gremlin Nob","floor":10,"turns":3},{"damage":0,"enemies":"Looter","floor":11,"turns":2},{"damage":4,"enemies":"3 Sentries","floor":12,"turns":5},{"damage":9,"enemies":"2 Fungi Beasts","floor":14,"turns":2},{"damage":73,"enemies":"The Guardian","floor":16,"turns":9},{"damage":48,"enemies":"3 Byrds","floor":18,"turns":4},{"damage":0,"enemies":"Spheric Guardian","floor":21,"turns":1},{"damage":7,"enemies":"Gremlin Leader","floor":24,"turns":4},{"damage":0,"enemies":"3 Cultists","floor":29,"turns":4},{"damage":13,"enemies":"Slavers","floor":30,"turns":6},{"damage":0,"enemies":"Cultist and Chosen","floor":31,"turns":3},{"damage":26,"enemies":"Champ","floor":33,"turns":8},{"damage":9,"enemies":"Orb Walker","floor":35,"turns":4},{"damage":4,"enemies":"2 Orb Walkers","floor":36,"turns":4},{"damage":24,"enemies":"3 Darklings","floor":38,"turns":5},{"damage":13,"enemies":"4 Shapes","floor":39,"turns":3},{"damage":43,"enemies":"Writhing Mass","floor":40,"turns":6},{"damage":17,"enemies":"Nemesis","floor":42,"turns":3},{"damage":26,"enemies":"Sphere and 2 Shapes","floor":44,"turns":3},{"damage":15,"enemies":"Maw","floor":45,"turns":9},{"damage":25,"enemies":"Donu and Deca","floor":50,"turns":8}],"seed_played":"6951607637380704484","potions_obtained":[{"floor":0,"key":"Strength Potion"},{"floor":0,"key":"Dexterity Potion"},{"floor":0,"key":"Block Potion"},{"floor":6,"key":"Poison Potion"},{"floor":10,"key":"Weak Potion"},{"floor":21,"key":"Dexterity Potion"},{"floor":24,"key":"SkillPotion"},{"floor":30,"key":"Swift Potion"},{"floor":31,"key":"Block Potion"},{"floor":35,"key":"LiquidBronze"},{"floor":36,"key":"EntropicBrew"},{"floor":40,"key":"Fire Potion"},{"floor":42,"key":"BloodPotion"},{"floor":45,"key":"Swift Potion"}],"is_trial":false,"path_per_floor":["M","M","?","M","M","E","R","M","T","E","M","E","?","M","R","B",null,"M","$","?","M","?","R","E","R","T","?","?","M","E","M","R","B",null,"M","?","$","M","M","M","R","E","T","M","M","$","R","?","R","B",null],"character_chosen":"IRONCLAD","items_purchased":["Thread and Needle","Perfected Strike","Violence","Molten Egg 2","BloodPotion"],"campfire_rested":5,"item_purchase_floors":[19,19,37,37,46],"current_hp_per_floor":[80,80,64,70,68,61,61,67,67,59,65,67,67,64,64,13,80,38,38,38,44,28,52,51,75,75,75,75,80,73,79,79,60,80,77,79,79,61,54,17,41,30,30,20,13,13,37,37,61,69],"gold":0,"neow_bonus":"THREE_SMALL_POTIONS","is_prod":false,"is_daily":false,"chose_seed":false,"campfire_upgraded":3,"win_rate":0,"timestamp":1546260578,"path_taken":["M","M","?","M","M","E","R","M","T","E","M","E","?","M","R","BOSS","M","$","?","M","?","R","E","R","T","?","?","?","E","M","R","BOSS","M","?","$","M","M","M","R","E","T","M","M","$","R","?","R","BOSS"],"build_version":"2018-12-20","purchased_purges":0,"victory":true,"max_hp_per_floor":[80,80,80,80,80,80,80,80,80,80,80,80,80,80,80,80,80,80,80,80,80,80,80,80,80,80,80,80,80,80,80,80,80,80,80,80,80,80,80,80,80,80,80,80,80,80,80,80,80,80],"card_choices":[{"not_picked":["Inflame","Twin Strike"],"picked":"Iron Wave","floor":1},{"not_picked":["Anger","Twin Strike"],"picked":"Ghostly Armor","floor":2},{"not_picked":["Shrug It Off","Sword Boomerang"],"picked":"Pommel Strike","floor":4},{"not_picked":["Heavy Blade","Corruption"],"picked":"Perfected Strike","floor":5},{"not_picked":["Ghostly Armor","Berserk"],"picked":"True Grit","floor":6},{"not_picked":["Uppercut","Heavy Blade"],"picked":"Dual Wield","floor":8},{"not_picked":["Warcry","Anger"],"picked":"Bludgeon","floor":10},{"not_picked":["Cleave","Armaments"],"picked":"Infernal Blade","floor":11},{"not_picked":["Thunderclap","Armaments"],"picked":"Shockwave","floor":12},{"not_picked":["Heavy Blade","True Grit"],"picked":"Headbutt","floor":14},{"not_picked":["Juggernaut+1","Fiend Fire"],"picked":"Dark Embrace+1","floor":16},{"not_picked":["Cleave","Uppercut"],"picked":"Intimidate+1","floor":18},{"not_picked":["Second Wind","True Grit"],"picked":"Infernal Blade+1","floor":21},{"not_picked":["Armaments+1","Twin Strike"],"picked":"Warcry","floor":24},{"not_picked":["True Grit","Perfected Strike"],"picked":"Flame Barrier","floor":29},{"not_picked":["Shockwave+1","Iron Wave"],"picked":"Rupture+1","floor":30},{"not_picked":["Flex","Corruption+1"],"picked":"Brutality+1","floor":31},{"not_picked":["Berserk+1","Double Tap"],"picked":"Barricade+1","floor":33},{"not_picked":["Sword Boomerang+1","Cleave"],"picked":"Pommel Strike","floor":35},{"not_picked":["Whirlwind","Sword Boomerang"],"picked":"Brutality+1","floor":36},{"not_picked":["Pommel Strike+1","Flex"],"picked":"Fire Breathing+1","floor":38},{"not_picked":["Twin Strike+1","Carnage+1"],"picked":"Feel No Pain+1","floor":39},{"not_picked":["Reckless Charge+1","Clothesline+1"],"picked":"Sever Soul+1","floor":40},{"not_picked":["Clash+1","Inflame+1"],"picked":"Shrug It Off+1","floor":42},{"not_picked":["Shrug It Off","Combust+1"],"picked":"Flame Barrier","floor":44},{"not_picked":["Cleave+1","Seeing Red+1"],"picked":"Entrench+1","floor":45}],"player_experience":51531,"relics_obtained":[{"floor":6,"key":"Mercury Hourglass"},{"floor":9,"key":"Frozen Egg 2"},{"floor":10,"key":"Pantograph"},{"floor":12,"key":"Matryoshka"},{"floor":22,"key":"Nilry\u0027s Codex"},{"floor":24,"key":"Vajra"},{"floor":26,"key":"Ornamental Fan"},{"floor":26,"key":"Lantern"},{"floor":30,"key":"Bag of Marbles"},{"floor":36,"key":"Turnip"},{"floor":42,"key":"Blood Vial"},{"floor":43,"key":"War Paint"},{"floor":43,"key":"Incense Burner"}],"event_choices":[{"damage_healed":0,"gold_gain":0,"player_choice":"Entered Light","damage_taken":16,"max_hp_gain":0,"max_hp_loss":0,"event_name":"Shining Light","floor":3,"gold_loss":0,"cards_upgraded":["Iron Wave","Strike_R"]},{"damage_healed":0,"gold_gain":0,"player_choice":"Grow","damage_taken":0,"max_hp_gain":0,"max_hp_loss":0,"event_name":"Living Wall","floor":13,"gold_loss":0,"cards_upgraded":["Dual Wield"]},{"damage_healed":0,"gold_gain":0,"player_choice":"Ignored","damage_taken":0,"max_hp_gain":0,"max_hp_loss":0,"event_name":"Vampires","floor":20,"gold_loss":0},{"damage_healed":0,"gold_gain":0,"player_choice":"Obtained Book","damage_taken":16,"max_hp_gain":0,"max_hp_loss":0,"event_name":"Cursed Tome","floor":22,"gold_loss":0},{"damage_healed":0,"gold_gain":99,"player_choice":"Stole From Cult","damage_taken":0,"max_hp_gain":0,"max_hp_loss":0,"event_name":"Nest","floor":27,"gold_loss":0},{"damage_healed":0,"gold_gain":0,"player_choice":"Read","damage_taken":0,"max_hp_gain":0,"max_hp_loss":0,"event_name":"The Library","floor":28,"gold_loss":0,"cards_obtained":["Corruption"]},{"damage_healed":0,"gold_gain":0,"player_choice":"Fight","damage_taken":0,"max_hp_gain":0,"max_hp_loss":0,"event_name":"Mysterious Sphere","floor":36,"gold_loss":0},{"damage_healed":0,"gold_gain":0,"player_choice":"Paid","damage_taken":0,"relics_obtained":["Red Mask"],"max_hp_gain":0,"max_hp_loss":0,"event_name":"Tomb of Lord Red Mask","floor":48,"gold_loss":37}],"is_beta":false,"boss_relics":[{"not_picked":["Runic Cube","Sozu"],"picked":"Philosopher\u0027s Stone"},{"not_picked":["Snecko Eye","Coffee Dripper"],"picked":"Cursed Key"}],"items_purged_floors":[],"is_endless":false,"potions_floor_spawned":[2,5,6,10,21,24,30,31,35,36,40,42,45],"ascension_level":0}