{"gold_per_floor":[118,268,102,115,40,40,67,67,67,67,77,77,111,122,122,194,194,211,6,23,41,52,52,83,102,102,102,26,26,26,26,26,26],"floor_reached":33,"playtime":1400,"items_purged":["Doubt","Defend_G"],"score":576,"play_id":"f8a544e5-09cf-41f6-b536-316eb96ce492","local_time":"20190117111327","is_ascension_mode":true,"campfire_choices":[{"data":"Poisoned Stab","floor":6.0,"key":"SMITH"},{"data":"Predator","floor":12.0,"key":"SMITH"},{"data":"Cloak And Dagger","floor":15.0,"key":"SMITH"},{"data":"Footwork","floor":23.0,"key":"SMITH"},{"floor":27.0,"key":"REST"},{"floor":32.0,"key":"REST"}],"neow_cost":"NONE","seed_source_timestamp":718042481714072,"circlet_count":0,"master_deck":["AscendersBane","Defend_G+1","Defend_G+1","Defend_G+1","Strike_G+1","Strike_G+1","Strike_G+1","Strike_G+1","Strike_G+1","Survivor","Neutralize","Cloak And Dagger+1","Footwork+1","Poisoned Stab+1","Escape Plan","Predator+1","Leg Sweep","Acrobatics","Escape Plan","Glass Knife","Cloak And Dagger+1","Escape Plan","Dagger Throw","Backflip","Malaise","Escape Plan","Corpse Explosion","Crippling Poison"],"special_seed":0,"relics":["Ring of the Snake","NeowsBlessing","Art of War","Meat on the Bone","Ornamental Fan","White Beast Statue","Bag of Preparation","Ninja Scroll","Pear","Oddly Smooth Stone"],"potions_floor_usage":[33,33],"damage_taken":[{"damage":0.0,"enemies":"Jaw Worm","floor":1.0,"turns":1.0},{"damage":0.0,"enemies":"2 Louse","floor":4.0,"turns":1.0},{"damage":0.0,"enemies":"Lagavulin","floor":7.0,"turns":1.0},{"damage":0.0,"enemies":"Small Slimes","floor":11.0,"turns":3.0},{"damage":23.0,"enemies":"3 Sentries","floor":13.0,"turns":8.0},{"damage":9.0,"enemies":"Gremlin Gang","floor":14.0,"turns":16.0},{"damage":29.0,"enemies":"The Guardian","floor":16.0,"turns":12.0},{"damage":12.0,"enemies":"3 Byrds","floor":18.0,"turns":8.0},{"damage":8.0,"enemies":"Spheric Guardian","floor":20.0,"turns":4.0},{"damage":8.0,"enemies":"Centurion and Healer","floor":21.0,"turns":10.0},{"damage":25.0,"enemies":"Chosen and Byrds","floor":22.0,"turns":11.0},{"damage":21.0,"enemies":"Slavers","floor":24.0,"turns":15.0},{"damage":18.0,"enemies":"Sentry and Sphere","floor":25.0,"turns":8.0},{"damage":74,"enemies":"Automaton","floor":33,"turns":12}],"seed_played":"-2075570063303470771","potions_obtained":[{"floor":1.0,"key":"Fire Potion"},{"floor":7.0,"key":"SkillPotion"},{"floor":16.0,"key":"Ancient Potion"},{"floor":18.0,"key":"GamblersBrew"},{"floor":22.0,"key":"GamblersBrew"},{"floor":24.0,"key":"Weak Potion"},{"floor":25.0,"key":"SpeedPotion"}],"is_trial":false,"path_per_floor":["M","?","$","M","?","R","E","?","T","?","M","R","E","M","R","B",null,"M","$","M","M","M","R","E","M","T","R","$","?","T","T","R","B"],"character_chosen":"THE_SILENT","items_purchased":["Footwork","Poisoned Stab","Escape Plan","Dagger Throw","Crippling Poison"],"campfire_rested":2,"item_purchase_floors":[3,3,19,19,28],"current_hp_per_floor":[59,59,59,59,59,59,59,64,64,54,54,54,43,46,46,29,61,49,49,41,45,32,32,23,17,17,38,38,38,48,48,72,0],"gold":26,"neow_bonus":"THREE_ENEMY_KILL","is_prod":false,"is_daily":false,"chose_seed":false,"campfire_upgraded":4,"win_rate":0,"timestamp":1547752407,"path_taken":["M","?","$","M","?","R","E","?","T","?","M","R","E","M","R","BOSS","M","$","M","M","?","R","E","?","T","R","$","?","?","?","R","BOSS"],"build_version":"2019-01-10","purchased_purges":2,"victory":false,"max_hp_per_floor":[66,66,66,66,66,66,66,71,71,71,71,71,71,71,71,71,71,71,71,71,71,71,71,71,71,71,71,71,71,81,81,81,81],"card_choices":[{"not_picked":["Outmaneuver","Sucker Punch"],"picked":"Cloak And Dagger","floor":1.0},{"not_picked":["PiercingWail","Dagger Throw"],"picked":"Escape Plan","floor":4.0},{"not_picked":["Acrobatics","Concentrate"],"picked":"Predator","floor":7.0},{"not_picked":["Deflect","Prepared"],"picked":"Leg Sweep","floor":11.0},{"not_picked":["Outmaneuver","Phantasmal Killer"],"picked":"Acrobatics","floor":13.0},{"not_picked":["Flying Knee","Sucker Punch"],"picked":"Escape Plan","floor":14.0},{"not_picked":["Malaise","A Thousand Cuts"],"picked":"Glass Knife","floor":16.0},{"not_picked":["Flying Knee","Slice+1"],"picked":"Cloak And Dagger+1","floor":18.0},{"not_picked":["Bane+1","Sucker Punch"],"picked":"Backflip","floor":20.0},{"not_picked":["Dash+1","Calculated Gamble"],"picked":"Malaise","floor":21.0},{"not_picked":["Choke","Concentrate"],"picked":"Escape Plan","floor":22.0},{"not_picked":["PiercingWail","Slice"],"picked":"Corpse Explosion","floor":24.0},{"not_picked":["Poisoned Stab","Underhanded Strike","Leg Sweep"],"picked":"SKIP","floor":25.0}],"player_experience":1078964,"relics_obtained":[{"floor":7.0,"key":"Art of War"},{"floor":9.0,"key":"Meat on the Bone"},{"floor":13.0,"key":"Ornamental Fan"},{"floor":24.0,"key":"Bag of Preparation"},{"floor":26.0,"key":"Ninja Scroll"},{"floor":30.0,"key":"Pear"},{"floor":31.0,"key":"Oddly Smooth Stone"}],"event_choices":[{"damage_healed":0.0,"max_hp_gain":0.0,"max_hp_loss":0.0,"gold_gain":150.0,"event_name":"Liars Game","player_choice":"AGREE","floor":2.0,"gold_loss":0.0,"damage_taken":0.0,"cards_obtained":["Doubt"]},{"cards_removed":["Defend_G"],"damage_healed":0.0,"max_hp_gain":0.0,"max_hp_loss":0.0,"gold_gain":0.0,"event_name":"The Cleric","player_choice":"Card Removal","floor":5.0,"gold_loss":75.0,"damage_taken":0.0},{"damage_healed":0.0,"max_hp_gain":5.0,"max_hp_loss":0.0,"gold_gain":0.0,"event_name":"Big Fish","player_choice":"Donut","floor":8.0,"gold_loss":0.0,"damage_taken":0.0},{"damage_healed":0.0,"max_hp_gain":0.0,"max_hp_loss":0.0,"gold_gain":0.0,"event_name":"Wheel of Change","player_choice":"Damaged","floor":10.0,"gold_loss":0.0,"damage_taken":10.0},{"damage_healed":0.0,"max_hp_gain":0.0,"max_hp_loss":0.0,"gold_gain":0.0,"event_name":"Back to Basics","player_choice":"Simplicity","floor":29.0,"gold_loss":0.0,"damage_taken":0.0,"cards_upgraded":["Defend_G","Defend_G","Defend_G","Strike_G","Strike_G","Strike_G","Strike_G","Strike_G"]}],"is_beta":false,"boss_relics":[{"not_picked":["Runic Dome","Sozu"],"picked":"White Beast Statue"}],"items_purged_floors":[3,19],"is_endless":false,"potions_floor_spawned":[1,7,11,16,18,20,21,22,24,25],"killed_by":"Automaton","ascension_level":17}