{"gold_per_floor":[109,109,123,123,134,159,159,185,185,185,210,228,228],"floor_reached":13,"playtime":487,"items_purged":[],"score":206,"play_id":"a72a00a9-0a17-465d-bff1-ce33711aadb6","local_time":"20190412113852","is_ascension_mode":true,"campfire_choices":[{"data":"True Grit","floor":7,"key":"SMITH"},{"floor":10,"key":"REST"}],"neow_cost":"NONE","seed_source_timestamp":116613815624691,"circlet_count":0,"master_deck":["AscendersBane","Strike_R","Strike_R","Strike_R","Strike_R","Defend_R","Defend_R","Defend_R","Defend_R","Bash+1","Pommel Strike","Seeing Red","Sword Boomerang","Juggernaut","True Grit+1","Iron Wave","Pummel","Shockwave"],"relics":["Burning Blood","NeowsBlessing","Centennial Puzzle","Dodecahedron","Omamori","Bag of Preparation"],"potions_floor_usage":[6,11],"damage_taken":[{"damage":0,"enemies":"Small Slimes","floor":1,"turns":1},{"damage":0,"enemies":"Cultist","floor":3,"turns":1},{"damage":0,"enemies":"2 Louse","floor":5,"turns":1},{"damage":8,"enemies":"Gremlin Nob","floor":6,"turns":3},{"damage":46,"enemies":"3 Sentries","floor":8,"turns":10},{"damage":32,"enemies":"Gremlin Nob","floor":11,"turns":4},{"damage":6,"enemies":"Looter","floor":12,"turns":3},{"damage":29,"enemies":"Exordium Thugs","floor":13,"turns":5}],"seed_played":"649663340563368680","potions_obtained":[{"floor":1,"key":"SteroidPotion"},{"floor":8,"key":"Strength Potion"},{"floor":12,"key":"FearPotion"}],"is_trial":false,"path_per_floor":["M","?","M","?","M","E","R","E","T","R","E","M","M"],"character_chosen":"IRONCLAD","items_purchased":[],"campfire_rested":1,"item_purchase_floors":[],"current_hp_per_floor":[74,74,75,75,75,73,73,33,33,55,29,29,0],"gold":228,"neow_bonus":"THREE_ENEMY_KILL","is_prod":false,"is_daily":false,"chose_seed":false,"campfire_upgraded":1,"win_rate":0,"timestamp":1555090732,"path_taken":["M","?","M","?","?","E","R","E","T","R","E","M","M"],"build_version":"2019-04-04","purchased_purges":0,"victory":false,"max_hp_per_floor":[75,75,75,75,75,75,75,75,75,75,75,75,75],"card_choices":[{"not_picked":["Blood for Blood","Body Slam"],"picked":"Pommel Strike","floor":1},{"not_picked":["Corruption","Havoc"],"picked":"Seeing Red","floor":3},{"not_picked":["Anger","Sever Soul"],"picked":"Juggernaut","floor":5},{"not_picked":["Blood for Blood","Sword Boomerang"],"picked":"True Grit","floor":6},{"not_picked":["Sentinel","Clash"],"picked":"Iron Wave","floor":8},{"not_picked":["Anger","Clash"],"picked":"Pummel","floor":11},{"not_picked":["Intimidate","True Grit"],"picked":"Shockwave","floor":12}],"player_experience":2857666,"relics_obtained":[{"floor":6,"key":"Centennial Puzzle"},{"floor":8,"key":"Dodecahedron"},{"floor":9,"key":"Omamori"},{"floor":11,"key":"Bag of Preparation"}],"event_choices":[{"damage_healed":0,"gold_gain":0,"player_choice":"Grow","damage_taken":0,"max_hp_gain":0,"max_hp_loss":0,"event_name":"Living Wall","floor":2,"gold_loss":0,"cards_upgraded":["Bash"]},{"damage_healed":0,"gold_gain":0,"cards_transformed":["Strike_R"],"player_choice":"Transformed","damage_taken":0,"max_hp_gain":0,"max_hp_loss":0,"event_name":"Transmorgrifier","floor":4,"gold_loss":0,"cards_obtained":["Sword Boomerang"]}],"is_beta":true,"boss_relics":[],"items_purged_floors":[],"is_endless":false,"potions_floor_spawned":[1,8,12],"killed_by":"Exordium Thugs","ascension_level":20}