{"gold_per_floor":[118,118,118,25,25,25,58,58,110,136,154,168,18,47,59,176,188,220,250,262,189,217,229,241,288,300,327,373,585,20,20,20,115,115,133,3,0,0,300,300],"floor_reached":40,"playtime":1070,"items_purged":[],"score":606,"play_id":"0579f5d1-4868-4f28-86d9-8e19d8ec0563","local_time":"20181017015930","is_ascension_mode":true,"campfire_choices":[{"data":"Fission","floor":6,"key":"SMITH"},{"data":"Scrape","floor":8,"key":"SMITH"},{"floor":15,"key":"REST"},{"floor":23,"key":"REST"},{"floor":32,"key":"REST"}],"neow_cost":"NONE","seed_source_timestamp":546799590576134,"circlet_count":0,"master_deck":["Strike_B+1","Strike_B+1","Strike_B","Strike_B","Defend_B","Defend_B","Defend_B","Zap","Dualcast+1","Fission+1","Scrape+1","Beam Cell","Rip and Tear","Sweeping Beam","Coolheaded","Chaos","Sweeping Beam","Seek","Echo Form","Go for the Eyes","Ball Lightning+1","Go for the Eyes+1","Flash of Steel","Auto Shields","Loop+1","Echo Form","Storm","Ball Lightning","Steam","Echo Form","All For One","Cold Snap","Storm","Coolheaded","Cold Snap"],"relics":["Cracked Core","Orichalcum","Regal Pillow","Lantern","MawBank","Nuclear Battery","Omamori","Bronze Scales","Incense Burner","Boot","StoneCalendar","Whetstone","Inserter","Red Mask","Old Coin"],"potions_floor_usage":[10,25,39],"damage_taken":[{"damage":0,"enemies":"Cultist","floor":1,"turns":3},{"damage":18,"enemies":"Gremlin Nob","floor":7,"turns":3},{"damage":9,"enemies":"3 Sentries","floor":10,"turns":3},{"damage":0,"enemies":"Jaw Worm","floor":11,"turns":1},{"damage":4,"enemies":"Small Slimes","floor":12,"turns":2},{"damage":4,"enemies":"2 Fungi Beasts","floor":14,"turns":2},{"damage":57,"enemies":"The Guardian","floor":16,"turns":9},{"damage":0,"enemies":"3 Byrds","floor":18,"turns":3},{"damage":0,"enemies":"Spheric Guardian","floor":19,"turns":3},{"damage":19,"enemies":"Snake Plant","floor":22,"turns":3},{"damage":10,"enemies":"Slavers","floor":25,"turns":3},{"damage":0,"enemies":"Snecko","floor":27,"turns":4},{"damage":4,"enemies":"Book of Stabbing","floor":28,"turns":3},{"damage":35,"enemies":"Champ","floor":33,"turns":9},{"damage":18,"enemies":"3 Shapes","floor":35,"turns":3},{"damage":21,"enemies":"Mind Bloom Boss Battle","floor":39,"turns":6},{"damage":54,"enemies":"Nemesis","floor":40,"turns":4}],"seed_played":"591225698180166170","potions_obtained":[{"floor":1,"key":"Explosive Potion"},{"floor":16,"key":"Strength Potion"},{"floor":22,"key":"Swift Potion"},{"floor":28,"key":"Dexterity Potion"},{"floor":35,"key":"Explosive Potion"}],"is_trial":false,"path_per_floor":["M","?","?","$","?","R","E","R","T","E","M","M","$","M","R","B",null,"M","M","$","?","M","R","?","E","T","M","E","?","$","?","R","B",null,"M","$","?","$","?"],"character_chosen":"DEFECT","items_purchased":["Beam Cell","Rip and Tear","MawBank","StoneCalendar","Whetstone","Storm","Ball Lightning","Steam","Storm","Coolheaded"],"campfire_rested":3,"item_purchase_floors":[4,4,13,30,30,30,30,30,36,36],"current_hp_per_floor":[68,61,46,46,71,71,53,53,53,44,44,40,40,36,73,16,60,60,60,60,60,41,75,61,51,51,51,47,47,47,47,75,40,66,48,48,48,48,27,0],"gold":300,"neow_bonus":"ONE_RANDOM_RARE_CARD","is_prod":false,"is_daily":false,"chose_seed":false,"campfire_upgraded":2,"win_rate":0,"timestamp":1539766770,"path_taken":["M","?","?","$","?","R","E","R","T","E","M","M","$","M","R","BOSS","M","?","$","?","M","R","?","E","T","?","E","?","$","?","R","BOSS","M","$","?","$","?","E"],"build_version":"2018-10-11","purchased_purges":0,"victory":false,"max_hp_per_floor":[75,75,75,75,75,75,75,75,75,75,75,75,75,75,75,75,75,75,75,75,75,75,75,75,75,75,75,75,75,75,75,75,75,75,75,75,75,75,75,75],"card_choices":[{"not_picked":["Defragment","Barrage"],"picked":"Scrape","floor":1},{"not_picked":["Undo","Turbo"],"picked":"Sweeping Beam","floor":7},{"not_picked":["Stack","Turbo"],"picked":"Coolheaded","floor":10},{"not_picked":["Coolheaded","Self Repair"],"picked":"Chaos","floor":11},{"not_picked":["Force Field","Aggregate"],"picked":"Sweeping Beam","floor":12},{"not_picked":["Streamline","Compile Driver"],"picked":"Seek","floor":14},{"not_picked":["Machine Learning","Core Surge"],"picked":"Echo Form","floor":16},{"not_picked":["Skim+1","Steam Power+1"],"picked":"Go for the Eyes","floor":18},{"not_picked":["Coolheaded+1","Leap"],"picked":"Ball Lightning","floor":19},{"not_picked":["Turbo","Creative AI"],"picked":"Go for the Eyes+1","floor":22},{"not_picked":["Turbo","Heatsinks"],"picked":"Auto Shields","floor":25},{"not_picked":["Rebound","Sweeping Beam"],"picked":"Loop+1","floor":27},{"not_picked":["Redo","Barrage"],"picked":"Echo Form","floor":28},{"not_picked":["Echo Form","Hyperbeam"],"picked":"All For One","floor":33},{"not_picked":["Turbo+1","Reprogram"],"picked":"Cold Snap","floor":35},{"not_picked":["Streamline","Stack"],"picked":"Cold Snap","floor":39}],"player_experience":540262,"relics_obtained":[{"floor":7,"key":"Orichalcum"},{"floor":9,"key":"Regal Pillow"},{"floor":10,"key":"Lantern"},{"floor":25,"key":"Bronze Scales"},{"floor":26,"key":"Incense Burner"},{"floor":28,"key":"Boot"},{"floor":39,"key":"Old Coin"}],"event_choices":[{"event_name":"Golden Wing","player_choice":"Card Removal","floor":2,"damage_taken":0},{"event_name":"Shining Light","player_choice":"Entered Light","floor":3,"damage_taken":0},{"event_name":"Big Fish","player_choice":"Banana","floor":5,"damage_taken":0},{"event_name":"Addict","player_choice":"Obtained Relic","floor":21,"damage_taken":0},{"event_name":"Knowing Skull","player_choice":"CARD ","floor":24,"damage_taken":0},{"event_name":"Wheel of Change","player_choice":"Gold","floor":29,"damage_taken":0},{"event_name":"Duplicator","player_choice":"One dupe","floor":31,"damage_taken":0},{"event_name":"Tomb of Lord Red Mask","player_choice":"Paid","floor":37,"damage_taken":0},{"event_name":"MindBloom","player_choice":"Fight","floor":39,"damage_taken":0}],"is_beta":false,"boss_relics":[{"not_picked":["Black Star","Snecko Eye"],"picked":"Nuclear Battery"},{"not_picked":["Calling Bell","Busted Crown"],"picked":"Inserter"}],"items_purged_floors":[],"is_endless":false,"potions_floor_spawned":[1,16,22,28,35],"killed_by":"Nemesis","ascension_level":6}