{"gold_per_floor":[115,131,56,56,56,56,89,89,89,89,102,117,117,155,155,254,254,268,393,393,393,443,443,476,476,523,554,570,495,10,26,26,100,100,120,520,520,530,550,550,164,193,193,193,203,230,276,293,293,293,293,293,293,75,109,109],"floor_reached":56,"playtime":14319,"items_purged":["Strike_R"],"score":2073,"play_id":"3f2a4a31-5941-4727-9218-e0d36d1d81a4","local_time":"20190410222349","is_ascension_mode":true,"campfire_choices":[{"data":"Inflame","floor":6.0,"key":"SMITH"},{"floor":13.0,"key":"REST"},{"data":"Fiend Fire","floor":15.0,"key":"SMITH"},{"floor":23.0,"key":"REST"},{"floor":25.0,"key":"REST"},{"data":"Fiend Fire","floor":32.0,"key":"SMITH"},{"data":"Disarm","floor":40.0,"key":"SMITH"},{"floor":49.0,"key":"RECALL"},{"floor":53.0,"key":"REST"}],"neow_cost":"NONE","seed_source_timestamp":423255230111423,"circlet_count":0,"master_deck":["AscendersBane","Defend_R+1","Defend_R+1","Defend_R+1","Defend_R+1","Bash+1","Inflame+1","Twin Strike","Immolate","Fiend Fire+1","Feed","Anger+1","Feed+1","Headbutt+1","Evolve","Inflame+1","Fiend Fire+1","Shockwave+1","Reaper","Metallicize+1","Impervious","Seeing Red","True Grit","Disarm+1","Panache+1","Inflame+1","Pummel","Burning Pact","Clumsy","Madness","Madness","Havoc+1","True Grit+1","Feel No Pain+1","Metallicize+1","Sever Soul+1"],"special_seed":0,"relics":["Burning Blood","NeowsBlessing","Question Card","Bloody Idol","Peace Pipe","Bronze Scales","Astrolabe","Dead Branch","Kunai","Champion Belt","Art of War","Bird Faced Urn","Frozen Egg 2","Cursed Key","Old Coin","Centennial Puzzle","Toxic Egg 2","Charon\u0027s Ashes","Medical Kit","Lantern"],"potions_floor_usage":[56],"damage_taken":[{"damage":0.0,"enemies":"Cultist","floor":1.0,"turns":1.0},{"damage":0.0,"enemies":"Jaw Worm","floor":2.0,"turns":1.0},{"damage":0.0,"enemies":"Gremlin Nob","floor":7.0,"turns":1.0},{"damage":7.0,"enemies":"Small Slimes","floor":11.0,"turns":4.0},{"damage":6.0,"enemies":"Looter","floor":12.0,"turns":2.0},{"damage":24.0,"enemies":"Lagavulin","floor":14.0,"turns":7.0},{"damage":15.0,"enemies":"Hexaghost","floor":16.0,"turns":7.0},{"damage":12.0,"enemies":"Spheric Guardian","floor":18.0,"turns":5.0},{"damage":30.0,"enemies":"Colosseum Slavers","floor":19.0,"turns":4.0},{"damage":30.0,"enemies":"Colosseum Nobs","floor":19.0,"turns":5.0},{"damage":30.0,"enemies":"Book of Stabbing","floor":24.0,"turns":3.0},{"damage":31.0,"enemies":"Slavers","floor":27.0,"turns":4.0},{"damage":24.0,"enemies":"3 Byrds","floor":28.0,"turns":3.0},{"damage":6.0,"enemies":"Centurion and Healer","floor":31.0,"turns":4.0},{"damage":61.0,"enemies":"Automaton","floor":33.0,"turns":8.0},{"damage":13.0,"enemies":"3 Shapes","floor":35.0,"turns":7.0},{"damage":0.0,"enemies":"Mind Bloom Boss Battle","floor":36.0,"turns":5.0},{"damage":12.0,"enemies":"Orb Walker","floor":38.0,"turns":4.0},{"damage":50.0,"enemies":"Jaw Worm Horde","floor":39.0,"turns":5.0},{"damage":35.0,"enemies":"Nemesis","floor":42.0,"turns":7.0},{"damage":9.0,"enemies":"3 Darklings","floor":45.0,"turns":5.0},{"damage":23.0,"enemies":"Giant Head","floor":46.0,"turns":6.0},{"damage":43.0,"enemies":"2 Orb Walkers","floor":47.0,"turns":6.0},{"damage":0.0,"enemies":"Transient","floor":48.0,"turns":6.0},{"damage":17.0,"enemies":"Time Eater","floor":50.0,"turns":8.0},{"damage":102.0,"enemies":"Donu and Deca","floor":51.0,"turns":8.0},{"damage":65.0,"enemies":"Shield and Spear","floor":55.0,"turns":5.0},{"damage":119,"enemies":"The Heart","floor":56,"turns":9}],"seed_played":"-2607498893946963481","potions_obtained":[{"floor":11.0,"key":"SkillPotion"},{"floor":14.0,"key":"SpeedPotion"},{"floor":19.0,"key":"Ancient Potion"},{"floor":27.0,"key":"Weak Potion"},{"floor":31.0,"key":"AttackPotion"},{"floor":36.0,"key":"Regen Potion"},{"floor":39.0,"key":"FearPotion"},{"floor":47.0,"key":"FairyPotion"}],"is_trial":false,"path_per_floor":["M","M","$","?","?","R","E","?","T","?","M","M","R","E","R","B",null,"M","?","?","?","?","R","E","R","T","E","M","?","$","M","R","B",null,"M","?","?","M","M","R","$","E","T","?","M","E","?","M","R","B","B",null,"R","$","E","B"],"character_chosen":"IRONCLAD","items_purchased":["Reaper","Frozen Egg 2","Poison Potion","Panache+1","SpeedPotion","Inflame+1","Pummel","Medical Kit"],"campfire_rested":4,"item_purchase_floors":[30,30,30,41,41,41,41,54],"current_hp_per_floor":[74,75,75,75,80,80,80,52,52,28,27,27,51,33,33,24,66,60,22,22,22,27,54,35,62,67,51,47,47,47,69,69,25,84,111,118,118,118,101,101,101,93,93,71,89,85,67,92,92,107,49,106,125,125,83,0],"gold":109,"neow_bonus":"THREE_ENEMY_KILL","is_prod":false,"is_daily":false,"chose_seed":false,"campfire_upgraded":4,"win_rate":0,"timestamp":1554956629,"path_taken":["M","M","$","?","?","R","E","?","T","?","M","M","R","E","R","BOSS","M","?","?","?","?","R","E","R","T","E","?","?","$","M","R","BOSS","M","?","?","M","?","R","?","E","T","?","M","E","?","M","R","BOSS","BOSS","R","$","E","BOSS"],"build_version":"2019-04-04","purchased_purges":1,"victory":false,"max_hp_per_floor":[75,75,75,75,80,80,80,80,80,80,80,80,80,80,80,80,80,80,90,90,90,90,90,90,90,90,94,101,101,101,104,104,104,104,111,118,118,118,118,118,118,122,122,122,122,122,122,122,122,122,125,125,125,125,125,125],"card_choices":[{"not_picked":["Perfected Strike","Fire Breathing","Twin Strike"],"picked":"SKIP","floor":1.0},{"not_picked":["Infernal Blade","Cleave"],"picked":"Inflame","floor":2.0},{"not_picked":["Clash","Flex"],"picked":"Twin Strike","floor":7.0},{"not_picked":["Sever Soul","Wild Strike","Cleave"],"picked":"Immolate","floor":11.0},{"not_picked":["Fire Breathing","Hemokinesis","Body Slam","Cleave"],"picked":"SKIP","floor":12.0},{"not_picked":["Iron Wave","Clothesline","Feed"],"picked":"Fiend Fire","floor":14.0},{"not_picked":["Double Tap","Juggernaut","Exhume"],"picked":"Feed","floor":16.0},{"not_picked":["Anger","Thunderclap+1","Clash+1"],"picked":"Headbutt+1","floor":18.0},{"not_picked":["Headbutt","Second Wind+1","Warcry"],"picked":"Evolve","floor":19.0},{"not_picked":["Dark Embrace","Pommel Strike","Iron Wave"],"picked":"Inflame+1","floor":24.0},{"not_picked":["Clash","Power Through","Shrug It Off"],"picked":"Fiend Fire","floor":27.0},{"not_picked":["Seeing Red","Heavy Blade","Anger"],"picked":"Shockwave+1","floor":28.0},{"not_picked":["Body Slam","Bloodletting","Perfected Strike"],"picked":"Metallicize+1","floor":31.0},{"not_picked":["Reaper","Berserk+1","Dark Embrace+1"],"picked":"Impervious","floor":33.0},{"not_picked":["Body Slam+1","Havoc","Twin Strike","Heavy Blade"],"picked":"SKIP","floor":35.0},{"not_picked":["Clothesline","Twin Strike","Perfected Strike"],"picked":"True Grit","floor":38.0},{"not_picked":["Warcry","Bludgeon","Dual Wield"],"picked":"Disarm","floor":39.0},{"not_picked":["True Grit","Evolve+1","Clash"],"picked":"Burning Pact","floor":42.0},{"not_picked":["Headbutt","Blood for Blood","Sever Soul+1"],"picked":"Havoc+1","floor":45.0},{"not_picked":["Anger+1","Rupture+1","Flex"],"picked":"True Grit","floor":46.0},{"not_picked":["Sword Boomerang+1","Sever Soul","Flex+1"],"picked":"Feel No Pain+1","floor":47.0},{"not_picked":["Body Slam","Wild Strike","Hemokinesis"],"picked":"Metallicize+1","floor":48.0},{"not_picked":["Uppercut","Bloodletting+1","Flex+1"],"picked":"Sever Soul+1","floor":55.0}],"player_experience":2833286,"relics_obtained":[{"floor":7.0,"key":"Question Card"},{"floor":9.0,"key":"Peace Pipe"},{"floor":14.0,"key":"Bronze Scales"},{"floor":19.0,"key":"Dead Branch"},{"floor":19.0,"key":"Kunai"},{"floor":24.0,"key":"Champion Belt"},{"floor":26.0,"key":"Art of War"},{"floor":27.0,"key":"Bird Faced Urn"},{"floor":36.0,"key":"Old Coin"},{"floor":42.0,"key":"Centennial Puzzle"},{"floor":46.0,"key":"Toxic Egg 2"},{"floor":47.0,"key":"Charon\u0027s Ashes"},{"floor":55.0,"key":"Lantern"}],"event_choices":[{"damage_healed":0.0,"max_hp_gain":0.0,"max_hp_loss":0.0,"gold_gain":0.0,"event_name":"Liars Game","player_choice":"Ignored","floor":4.0,"gold_loss":0.0,"damage_taken":0.0},{"damage_healed":0.0,"max_hp_gain":5.0,"max_hp_loss":0.0,"gold_gain":0.0,"event_name":"Big Fish","player_choice":"Donut","floor":5.0,"gold_loss":0.0,"damage_taken":0.0},{"damage_healed":0.0,"max_hp_gain":0.0,"max_hp_loss":0.0,"gold_gain":0.0,"event_name":"Golden Idol","player_choice":"Take Damage","floor":8.0,"gold_loss":0.0,"damage_taken":28.0,"relics_obtained":["Golden Idol"]},{"damage_healed":0.0,"max_hp_gain":0.0,"max_hp_loss":0.0,"gold_gain":0.0,"event_name":"Shining Light","player_choice":"Entered Light","floor":10.0,"gold_loss":0.0,"damage_taken":24.0,"cards_upgraded":["Defend_R","Bash"]},{"damage_healed":0.0,"max_hp_gain":0.0,"max_hp_loss":0.0,"gold_gain":0.0,"event_name":"Colosseum","player_choice":"Fight","floor":19.0,"gold_loss":0.0,"damage_taken":0.0},{"damage_healed":0.0,"max_hp_gain":0.0,"max_hp_loss":0.0,"gold_gain":0.0,"event_name":"Colosseum","player_choice":"Fought Nobs","floor":19.0,"gold_loss":0.0,"damage_taken":0.0},{"damage_healed":0.0,"max_hp_gain":0.0,"max_hp_loss":0.0,"gold_gain":0.0,"event_name":"Forgotten Altar","player_choice":"Gave Idol","floor":20.0,"relics_lost":["Golden Idol"],"gold_loss":0.0,"damage_taken":0.0,"relics_obtained":["Bloody Idol"]},{"damage_healed":0.0,"max_hp_gain":0.0,"max_hp_loss":0.0,"gold_gain":0.0,"event_name":"Back to Basics","player_choice":"Simplicity","floor":21.0,"gold_loss":0.0,"damage_taken":0.0,"cards_upgraded":["Strike_R","Defend_R","Defend_R","Defend_R"]},{"damage_healed":0.0,"max_hp_gain":0.0,"max_hp_loss":0.0,"gold_gain":50.0,"event_name":"Nest","player_choice":"Stole From Cult","floor":22.0,"gold_loss":0.0,"damage_taken":0.0},{"cards_removed":["Perfected Strike"],"damage_healed":0.0,"max_hp_gain":0.0,"max_hp_loss":0.0,"gold_gain":0.0,"event_name":"Beggar","player_choice":"Gave Gold","floor":29.0,"gold_loss":75.0,"damage_taken":0.0},{"damage_healed":0.0,"max_hp_gain":0.0,"max_hp_loss":0.0,"gold_gain":0.0,"event_name":"MindBloom","player_choice":"Fight","floor":36.0,"gold_loss":0.0,"damage_taken":0.0},{"damage_healed":0.0,"max_hp_gain":0.0,"max_hp_loss":0.0,"gold_gain":0.0,"cards_transformed":["Strike_R"],"event_name":"Transmorgrifier","player_choice":"Transformed","floor":37.0,"gold_loss":0.0,"damage_taken":0.0,"cards_obtained":["Seeing Red"]},{"damage_healed":0.0,"max_hp_gain":0.0,"max_hp_loss":0.0,"gold_gain":0.0,"event_name":"Winding Halls","player_choice":"Embrace Madness","floor":44.0,"gold_loss":0.0,"damage_taken":22.0,"cards_obtained":["Madness","Madness"]},{"damage_healed":0.0,"max_hp_gain":0.0,"max_hp_loss":0.0,"gold_gain":0.0,"event_name":"Mysterious Sphere","player_choice":"Fight","floor":47.0,"gold_loss":0.0,"damage_taken":0.0}],"is_beta":true,"boss_relics":[{"not_picked":["Runic Cube","Ectoplasm"],"picked":"Astrolabe"},{"not_picked":["Sozu","Pandora\u0027s Box"],"picked":"Cursed Key"}],"items_purged_floors":[3],"is_endless":false,"potions_floor_spawned":[11,14,19,27,31,36,39,45,47,55],"killed_by":"The Heart","ascension_level":20}