{"gold_per_floor":[110,185,56,231,231,258,276,276,302,336,355,372,63,74,74,174,174,192,209,146,160,130,155,165,175,245,245,245],"floor_reached":28,"playtime":1350,"items_purged":["Strike_R","Doubt","Strike_R"],"score":316,"play_id":"50d3aa0a-c543-47d9-9219-3fa1c9b8a79b","local_time":"20190130150458","is_ascension_mode":true,"campfire_choices":[{"data":"Anger","floor":8,"key":"SMITH"},{"data":"Armaments","floor":15,"key":"SMITH"},{"floor":27,"key":"REST"}],"neow_cost":"NONE","seed_source_timestamp":266899691673100,"circlet_count":0,"master_deck":["Strike_R","Strike_R","Defend_R","Defend_R","Defend_R","Defend_R","Bash","Anger+1","Armaments+1","Spot Weakness","Shrug It Off","Uppercut","Flame Barrier","Iron Wave","Cleave","Limit Break","Pummel"],"relics":["Burning Blood","NeowsBlessing","Ancient Tea Set","Vajra","Membership Card","Lizard Tail","Gremlin Horn","The Courier"],"potions_floor_usage":[10,12,16,23,23,23,25],"damage_taken":[{"damage":0,"enemies":"Jaw Worm","floor":1,"turns":1},{"damage":0,"enemies":"3 Sentries","floor":6,"turns":2},{"damage":0,"enemies":"2 Louse","floor":7,"turns":2},{"damage":33,"enemies":"Lagavulin","floor":10,"turns":6},{"damage":0,"enemies":"Small Slimes","floor":11,"turns":3},{"damage":10,"enemies":"Gremlin Gang","floor":12,"turns":4},{"damage":0,"enemies":"Large Slime","floor":14,"turns":6},{"damage":14,"enemies":"Slime Boss","floor":16,"turns":9},{"damage":15,"enemies":"Chosen","floor":18,"turns":4},{"damage":13,"enemies":"3 Byrds","floor":19,"turns":4},{"damage":18,"enemies":"Snake Plant","floor":21,"turns":3},{"damage":25,"enemies":"Book of Stabbing","floor":23,"turns":5},{"damage":27,"enemies":"Centurion and Healer","floor":24,"turns":4},{"damage":32,"enemies":"Shelled Parasite and Fungi","floor":25,"turns":4},{"damage":63,"enemies":"Gremlin Leader","floor":28,"turns":4}],"seed_played":"6172562181402119915","potions_obtained":[{"floor":6,"key":"Fire Potion"},{"floor":11,"key":"SkillPotion"},{"floor":14,"key":"Poison Potion"},{"floor":21,"key":"SpeedPotion"},{"floor":22,"key":"GamblersBrew"},{"floor":22,"key":"Swift Potion"},{"floor":24,"key":"Weak Potion"}],"is_trial":false,"path_per_floor":["M","?","$","?","?","E","M","R","T","E","M","M","$","M","R","B",null,"M","M","$","M","?","E","M","M","T","R","E"],"character_chosen":"IRONCLAD","items_purchased":["Armaments","Membership Card"],"campfire_rested":1,"item_purchase_floors":[3,13],"current_hp_per_floor":[80,69,69,69,62,68,74,74,74,47,53,49,49,55,55,47,80,71,64,64,52,52,33,12,35,35,59,0],"gold":245,"neow_bonus":"THREE_ENEMY_KILL","is_prod":false,"is_daily":false,"chose_seed":false,"campfire_upgraded":2,"win_rate":0,"timestamp":1548889498,"path_taken":["M","?","$","?","?","E","M","R","T","E","M","M","$","M","R","BOSS","M","M","$","M","?","E","M","M","T","R","E"],"build_version":"2019-01-23","purchased_purges":3,"victory":false,"max_hp_per_floor":[80,80,80,80,80,80,80,80,80,80,80,80,80,80,80,80,80,80,80,80,80,80,80,80,80,80,80,80],"card_choices":[{"not_picked":["Clash","Evolve"],"picked":"Anger","floor":1},{"not_picked":["Thunderclap","Fire Breathing"],"picked":"Spot Weakness","floor":6},{"not_picked":["Spot Weakness","True Grit"],"picked":"Shrug It Off","floor":7},{"not_picked":["Wild Strike","Second Wind"],"picked":"Uppercut","floor":10},{"not_picked":["Intimidate","Dual Wield"],"picked":"Flame Barrier","floor":11},{"not_picked":["Havoc","Shrug It Off"],"picked":"Iron Wave","floor":12},{"not_picked":["Clothesline","Flame Barrier"],"picked":"Cleave","floor":14},{"not_picked":["Offering","Fiend Fire"],"picked":"Limit Break","floor":16},{"not_picked":["Pommel Strike","Anger"],"picked":"Pummel","floor":18},{"not_picked":["Rage","Sword Boomerang","Bloodletting+1"],"picked":"SKIP","floor":19},{"not_picked":["Fire Breathing+1","Iron Wave","Cleave+1"],"picked":"SKIP","floor":21},{"not_picked":["Clothesline","Hemokinesis","Combust+1"],"picked":"SKIP","floor":23},{"not_picked":["Combust","True Grit","Corruption"],"picked":"SKIP","floor":24},{"not_picked":["Cleave","Heavy Blade","Iron Wave"],"picked":"SKIP","floor":25}],"player_experience":420510,"relics_obtained":[{"floor":6,"key":"Ancient Tea Set"},{"floor":10,"key":"Vajra"},{"floor":23,"key":"Gremlin Horn"},{"floor":26,"key":"The Courier"}],"event_choices":[{"damage_healed":0,"gold_gain":75,"player_choice":"Gather Gold","damage_taken":11,"max_hp_gain":0,"max_hp_loss":0,"event_name":"World of Goop","floor":2,"gold_loss":0},{"damage_healed":0,"gold_gain":175,"player_choice":"AGREE","damage_taken":0,"max_hp_gain":0,"max_hp_loss":0,"event_name":"Liars Game","floor":4,"gold_loss":0,"cards_obtained":["Doubt"]},{"cards_removed":["Strike_R"],"damage_healed":0,"gold_gain":0,"player_choice":"Card Removal","damage_taken":7,"max_hp_gain":0,"max_hp_loss":0,"event_name":"Golden Wing","floor":5,"gold_loss":0},{"damage_healed":0,"gold_gain":0,"player_choice":"Bought 2 Potions","damage_taken":0,"max_hp_gain":0,"max_hp_loss":0,"event_name":"The Woman in Blue","floor":22,"gold_loss":0}],"is_beta":true,"boss_relics":[{"not_picked":["Runic Cube","Calling Bell"],"picked":"Lizard Tail"}],"items_purged_floors":[3,13,20],"is_endless":false,"potions_floor_spawned":[6,11,14,21,24],"killed_by":"Gremlin Leader","ascension_level":3}