{"path_per_floor":["M","$","?","?","M","R","E","R","T","E","M","M","M","M","R","B",null,"M","M","T","$","?"],"character_chosen":"THE_SILENT","items_purchased":["Bouncing Flask","All Out Attack","Thread and Needle","Cloak And Dagger"],"gold_per_floor":[117,7,7,7,27,27,92,92,147,191,211,226,241,264,264,389,389,412,432,432,32,32],"floor_reached":23,"campfire_rested":1,"playtime":516,"current_hp_per_floor":[55,55,55,55,48,48,36,36,36,18,18,17,17,17,51,23,55,43,9,9,9,9],"items_purged":["Underhanded Strike"],"gold":32,"score":261,"play_id":"e01a3b1d-ed5e-430d-b07d-4b749c8f781f","is_prod":false,"is_daily":false,"is_ascension_mode":true,"campfire_upgraded":2,"path_taken":["M","$","?","?","?","R","E","R","T","E","M","M","M","M","R","BOSS","M","M","?","$","?","E"],"build_version":"2018-02-22-PROD2","purchased_purges":1,"victory":false,"master_deck":["Defend_G","Defend_G","Defend_G","Defend_G","Defend_G","Strike_G","Strike_G","Strike_G","Strike_G","Strike_G","Survivor","Neutralize","Bouncing Flask+1","All Out Attack","Slice","Distraction+1","Slice","Deflect","Bouncing Flask","Slice","Bouncing Flask","Envenom","Flying Knee","Footwork+1","Cloak And Dagger","Flechettes","Parasite","Mind Blast"],"max_hp_per_floor":[70,70,65,65,65,65,65,65,65,65,65,65,65,65,65,65,65,65,65,65,65,65],"relics":["Ring of the Snake","Snake Skull","Golden Idol","Tiny Chest","Ancient Tea Set","Regal Pillow","Eternal Feather","Centennial Puzzle","Thread and Needle"],"card_choices":[{"not_picked":["Backflip","Outmaneuver"],"picked":"Underhanded Strike"},{"not_picked":["Footwork","Underhanded Strike"],"picked":"Slice"},{"not_picked":["Backflip","Endless Agony"],"picked":"Distraction"},{"not_picked":["Bane","Underhanded Strike"],"picked":"Slice"},{"not_picked":["Cloak And Dagger","Setup"],"picked":"Deflect"},{"not_picked":["Cloak And Dagger","Sucker Punch"],"picked":"Bouncing Flask"},{"not_picked":["Doppelganger","Dagger Throw"],"picked":"Slice"},{"not_picked":["Predator","Prepared"],"picked":"Bouncing Flask"},{"not_picked":["After Image","A Thousand Cuts"],"picked":"Envenom"},{"not_picked":["Crippling Poison","Acrobatics"],"picked":"Flying Knee"},{"not_picked":["Underhanded Strike","Skewer"],"picked":"Footwork"}],"player_experience":206590,"potions_floor_usage":[14,16,16,18],"damage_taken":[{"damage":8,"enemies":"2 Louse","floor":1,"turns":3},{"damage":7,"enemies":"Jaw Worm","floor":5,"turns":4},{"damage":12,"enemies":"Lagavulin","floor":7,"turns":7},{"damage":18,"enemies":"Gremlin Nob","floor":10,"turns":3},{"damage":0,"enemies":"Cultist","floor":11,"turns":2},{"damage":1,"enemies":"Red Slaver","floor":12,"turns":3},{"damage":0,"enemies":"Exordium Thugs","floor":13,"turns":3},{"damage":0,"enemies":"2 Fungi Beasts","floor":14,"turns":2},{"damage":28,"enemies":"Hexaghost","floor":16,"turns":6},{"damage":12,"enemies":"3 Byrds","floor":18,"turns":3},{"damage":34,"enemies":"2 Thieves","floor":19,"turns":4},{"damage":12,"enemies":"Gremlin Leader","floor":23,"turns":1}],"event_choices":[{"event_name":"Golden Idol","player_choice":"Lose Max HP","floor":3,"damage_taken":0},{"event_name":"The Cleric","player_choice":"Leave","floor":4,"damage_taken":0},{"event_name":"Match and Keep!","player_choice":"3 cards matched","floor":22,"damage_taken":0}],"boss_relics":[{"not_picked":["Orrery","White Beast Statue"],"picked":"Eternal Feather"}],"potions_floor_spawned":[7,10,12],"seed_played":"-2484001073767639345","killed_by":"Gremlin Leader","ascension_level":6,"is_trial":false}