{"gold_per_floor":[14,14,14,14,28,28,53,53,99,114,149,6,40,40],"floor_reached":14,"playtime":301,"items_purged":[],"score":138,"play_id":"57cf0647-e9f9-4c7b-b2fc-796e886eefc6","local_time":"20181017012150","is_ascension_mode":true,"campfire_choices":[{"data":"Loop","floor":6,"key":"SMITH"},{"floor":8,"key":"REST"}],"neow_cost":"NO_GOLD","seed_source_timestamp":545310811085954,"circlet_count":0,"master_deck":["Strike_B","Strike_B","Strike_B","Strike_B","Defend_B","Defend_B","Defend_B","Zap","Dualcast","Machine Learning","Auto Shields","Regret","Loop+1","Streamline+1","Gash+1","Go for the Eyes+1","Barrage+1","Cold Snap+1"],"relics":["Cracked Core","Molten Egg 2","Omamori","Ancient Tea Set","Darkstone Periapt","PreservedInsect","WingedGreaves"],"potions_floor_usage":[7],"damage_taken":[{"damage":11,"enemies":"Small Slimes","floor":1,"turns":3},{"damage":10,"enemies":"Jaw Worm","floor":5,"turns":4},{"damage":39,"enemies":"3 Sentries","floor":7,"turns":7},{"damage":6,"enemies":"Cultist","floor":10,"turns":3},{"damage":19,"enemies":"Gremlin Nob","floor":11,"turns":4},{"damage":21,"enemies":"Lagavulin","floor":13,"turns":4},{"damage":9,"enemies":"Lots of Slimes","floor":14,"turns":1}],"seed_played":"5153232548663263092","potions_obtained":[{"floor":1,"key":"PowerPotion"},{"floor":10,"key":"Ancient Potion"},{"floor":11,"key":"FairyPotion"}],"is_trial":false,"path_per_floor":["M","?","$","?","M","R","E","R","T","M","E","$","E"],"character_chosen":"DEFECT","items_purchased":["PreservedInsect"],"campfire_rested":1,"item_purchase_floors":[12],"current_hp_per_floor":[57,57,57,57,47,47,8,30,30,24,5,5,7,0],"gold":40,"neow_bonus":"THREE_RARE_CARDS","is_prod":false,"is_daily":false,"chose_seed":false,"campfire_upgraded":1,"win_rate":0,"timestamp":1539764510,"path_taken":["M","?","$","?","M","R","E","R","T","M","E","$","E","?"],"build_version":"2018-10-11","purchased_purges":0,"victory":false,"max_hp_per_floor":[75,75,75,75,75,75,75,75,75,75,75,75,75,75],"card_choices":[{"not_picked":["Thunder Strike","Amplify"],"picked":"Machine Learning","floor":0},{"not_picked":["FTL","Cold Snap"],"picked":"Auto Shields","floor":1},{"not_picked":["Consume","Stack"],"picked":"Streamline+1","floor":5},{"not_picked":["Steam","Sweeping Beam+1"],"picked":"Gash+1","floor":7},{"not_picked":["Heatsinks","Buffer"],"picked":"Go for the Eyes+1","floor":10},{"not_picked":["Conserve Battery","Stack"],"picked":"Barrage+1","floor":11},{"not_picked":["Self Repair","Echo Form"],"picked":"Cold Snap+1","floor":13}],"player_experience":538808,"relics_obtained":[{"floor":7,"key":"Omamori"},{"floor":9,"key":"Ancient Tea Set"},{"floor":11,"key":"Darkstone Periapt"},{"floor":13,"key":"WingedGreaves"}],"event_choices":[{"event_name":"Big Fish","player_choice":"Box","floor":2,"damage_taken":0},{"event_name":"Transmorgrifier","player_choice":"Transform","floor":4,"damage_taken":0}],"is_beta":false,"boss_relics":[],"items_purged_floors":[],"is_endless":false,"potions_floor_spawned":[1,10,11],"killed_by":"Lots of Slimes","ascension_level":6}