{"path_per_floor":["M","M","M","$","M","R","?","R","T","M","E","R","M","E","R","B",null,"M","$","M","M","$","E"],"character_chosen":"THE_SILENT","items_purchased":["Backflip","Membership Card","Swift Strike"],"gold_per_floor":[113,124,140,38,48,48,48,48,48,58,85,85,100,128,128,230,230,243,45,61,81,2,34],"floor_reached":24,"campfire_rested":2,"playtime":823,"current_hp_per_floor":[58,58,58,58,56,56,38,38,38,36,4,25,25,14,35,3,53,54,54,40,46,46,25],"items_purged":["Defend_G"],"gold":34,"score":308,"play_id":"512d4ce3-3201-47a8-8f94-f42cf7920b7c","is_prod":false,"is_daily":false,"is_ascension_mode":true,"campfire_upgraded":2,"path_taken":["M","?","?","$","M","R","?","R","T","M","E","R","M","E","R","BOSS","M","$","M","M","$","E","?"],"build_version":"2018-02-22-PROD2","purchased_purges":1,"victory":false,"master_deck":["Defend_G","Defend_G","Defend_G","Defend_G","Strike_G","Strike_G","Strike_G","Strike_G","Strike_G","Survivor","Neutralize","Die Die Die+1","Bouncing Flask","Deflect","Cloak And Dagger","Backflip","Escape Plan+1","Terror","Bane","Deflect","A Thousand Cuts+1","Burst","Dagger Throw+1","Slice","Catalyst","Swift Strike","Deflect+1"],"max_hp_per_floor":[70,70,70,70,70,70,70,70,70,70,70,70,70,70,70,70,70,70,70,70,70,70,70],"relics":["Ring of the Snake","Bird Faced Urn","Torii","Anchor","Frozen Egg 2","Lizard Tail","Membership Card","Regal Pillow"],"card_choices":[{"not_picked":["Blade Dance","Bane"],"picked":"Bouncing Flask"},{"not_picked":["Deadly Poison","Caltrops"],"picked":"Deflect"},{"not_picked":["Quick Slash","Prepared"],"picked":"Cloak And Dagger"},{"not_picked":["Predator","Leg Sweep"],"picked":"Escape Plan"},{"not_picked":["Backflip","Distraction"],"picked":"Terror"},{"not_picked":["Acrobatics","Finisher"],"picked":"Bane"},{"not_picked":["Slice","Flechettes"],"picked":"Deflect"},{"not_picked":["Dodge and Roll","Deadly Poison"],"picked":"A Thousand Cuts"},{"not_picked":["Bullet Time","Grand Finale"],"picked":"Burst"},{"not_picked":["Flying Knee","Deadly Poison"],"picked":"Dagger Throw"},{"not_picked":["Infinite Blades","All Out Attack"],"picked":"Slice"},{"not_picked":["Crippling Poison","Flying Knee"],"picked":"Catalyst"},{"not_picked":["Catalyst","Quick Slash"],"picked":"Deflect"}],"player_experience":219608,"potions_floor_usage":[5,16,21,21,21,23,24],"damage_taken":[{"damage":5,"enemies":"Cultist","floor":1,"turns":4},{"damage":0,"enemies":"Small Slimes","floor":2,"turns":2},{"damage":0,"enemies":"2 Louse","floor":3,"turns":1},{"damage":2,"enemies":"Gremlin Gang","floor":5,"turns":4},{"damage":2,"enemies":"Large Slime","floor":10,"turns":7},{"damage":32,"enemies":"Lagavulin","floor":11,"turns":6},{"damage":0,"enemies":"Blue Slaver","floor":13,"turns":2},{"damage":11,"enemies":"3 Sentries","floor":14,"turns":5},{"damage":49,"enemies":"Hexaghost","floor":16,"turns":12},{"damage":1,"enemies":"Chosen","floor":18,"turns":5},{"damage":16,"enemies":"Shell Parasite","floor":20,"turns":6},{"damage":8,"enemies":"Centurion and Healer","floor":21,"turns":5},{"damage":32,"enemies":"Slavers","floor":23,"turns":4},{"damage":22,"enemies":"Slaver and Parasite","floor":24,"turns":4}],"event_choices":[{"event_name":"Scrap Ooze","player_choice":"success","floor":7,"damage_taken":18}],"boss_relics":[{"not_picked":["Velvet Choker","Question Card"],"picked":"Lizard Tail"}],"potions_floor_spawned":[1,3,5,14,16,20,21,23],"seed_played":"2132405392999487752","killed_by":"Slaver and Parasite","ascension_level":7,"is_trial":false}