{"gold_per_floor":[113,126,12,24,24,24,60,60,114,79,4,45,64,88,88,177,177,195,245,260,260,274,274,356,356,356,374,374,389,46,46,46,140,140,153,278,343,10,10,10,10],"floor_reached":41,"playtime":4232,"items_purged":["Strike_G"],"score":919,"play_id":"6ee22b2d-7096-4890-baec-867f0297fa63","local_time":"20190412224337","is_ascension_mode":true,"campfire_choices":[{"data":"Neutralize","floor":6.0,"key":"SMITH"},{"data":"Concentrate","floor":15.0,"key":"SMITH"},{"data":"Noxious Fumes","floor":23,"key":"SMITH"},{"data":"Well Laid Plans","floor":25,"key":"SMITH"},{"data":"After Image","floor":28,"key":"SMITH"},{"data":"Night Terror","floor":32,"key":"SMITH"},{"data":"Adrenaline","floor":40,"key":"SMITH"}],"neow_cost":"PERCENT_DAMAGE","seed_source_timestamp":152581901055209,"circlet_count":0,"master_deck":["AscendersBane","Survivor","Neutralize+1","Quick Slash","Backstab","Footwork","Backflip","Dagger Throw","After Image+1","Heel Hook","Noxious Fumes+1","Concentrate+1","Noxious Fumes","Adrenaline+1","Caltrops","Acrobatics","Distraction","Well Laid Plans+1","Backflip","Heel Hook","Night Terror+1","Shame","A Thousand Cuts","Catalyst","Prepared","Dodge and Roll","Backflip","Footwork","PiercingWail","PiercingWail","Backflip","Night Terror+1","Setup"],"special_seed":0,"relics":["Ring of the Snake","Tough Bandages","Golden Idol","Anchor","Centennial Puzzle","Strawberry","Coffee Dripper","Ancient Tea Set","Snake Skull","Orichalcum","Pandora\u0027s Box","Ginger","Bird Faced Urn","DollysMirror"],"potions_floor_usage":[27,27,33,33,37,41],"damage_taken":[{"damage":0.0,"enemies":"Cultist","floor":1.0,"turns":4.0},{"damage":0.0,"enemies":"Small Slimes","floor":2.0,"turns":3.0},{"damage":0.0,"enemies":"2 Louse","floor":4.0,"turns":3.0},{"damage":6.0,"enemies":"Gremlin Nob","floor":7.0,"turns":4.0},{"damage":6.0,"enemies":"Lagavulin","floor":12.0,"turns":9.0},{"damage":4.0,"enemies":"Large Slime","floor":13.0,"turns":5.0},{"damage":15.0,"enemies":"Gremlin Gang","floor":14.0,"turns":4.0},{"damage":5.0,"enemies":"Hexaghost","floor":16.0,"turns":11.0},{"damage":8.0,"enemies":"2 Thieves","floor":18.0,"turns":4.0},{"damage":0,"enemies":"3 Byrds","floor":20,"turns":3},{"damage":0,"enemies":"Snake Plant","floor":22,"turns":4},{"damage":40,"enemies":"Cultist and Chosen","floor":27,"turns":6},{"damage":0,"enemies":"Centurion and Healer","floor":29,"turns":6},{"damage":0,"enemies":"Collector","floor":33,"turns":9},{"damage":2,"enemies":"3 Shapes","floor":35,"turns":4},{"damage":2,"enemies":"Mind Bloom Boss Battle","floor":36,"turns":7},{"damage":12,"enemies":"2 Orb Walkers","floor":37,"turns":7},{"damage":71,"enemies":"Reptomancer","floor":41,"turns":2}],"seed_played":"-23404529696663348","potions_obtained":[{"floor":1.0,"key":"SpeedPotion"},{"floor":4.0,"key":"GhostInAJar"},{"floor":12.0,"key":"GamblersBrew"},{"floor":22,"key":"EssenceOfSteel"},{"floor":27,"key":"Dexterity Potion"},{"floor":29,"key":"GamblersBrew"},{"floor":36,"key":"GamblersBrew"},{"floor":37,"key":"Ancient Potion"}],"is_trial":false,"path_per_floor":["M","M","$","M","?","R","E","?","T","?","$","E","M","M","R","B",null,"M","?","M","?","M","R","T","R","T","M","R","M","$","?","R","B",null,"M","?","?","$","?","R","E"],"character_chosen":"THE_SILENT","items_purchased":["Footwork","Backflip","Snake Skull","Night Terror","DollysMirror","Fruit Juice"],"campfire_rested":0,"item_purchase_floors":[3,3,30,30,38,38],"current_hp_per_floor":[44,44,44,44,44,44,38,38,38,53,53,54,50,35,35,30,58,50,50,50,50,50,50,50,50,50,10,10,10,10,10,10,10,53,51,49,37,37,37,37,0],"gold":10,"neow_bonus":"ONE_RARE_RELIC","is_prod":false,"is_daily":false,"chose_seed":false,"campfire_upgraded":7,"win_rate":0,"timestamp":1555130617,"path_taken":["M","?","$","M","?","R","E","?","T","?","$","E","M","M","R","BOSS","M","?","?","?","M","R","?","R","T","?","R","M","$","?","R","BOSS","M","?","?","$","?","R","E"],"build_version":"2019-04-04","purchased_purges":1,"victory":false,"max_hp_per_floor":[66,66,66,66,60,60,60,60,60,60,60,67,67,67,67,67,67,67,67,67,67,67,67,67,67,67,67,67,67,67,67,67,67,67,67,67,67,67,67,67,72],"card_choices":[{"not_picked":["Tactician","Blade Dance"],"picked":"Quick Slash","floor":1.0},{"not_picked":["Flechettes","Slice"],"picked":"Backstab","floor":2.0},{"not_picked":["Acrobatics","Poisoned Stab"],"picked":"Dagger Throw","floor":4.0},{"not_picked":["Prepared","Bouncing Flask"],"picked":"After Image","floor":7.0},{"not_picked":["Deflect","Calculated Gamble"],"picked":"Noxious Fumes","floor":12.0},{"not_picked":["Dagger Spray","Prepared"],"picked":"Concentrate","floor":13.0},{"not_picked":["Acrobatics","Masterful Stab"],"picked":"Noxious Fumes","floor":14.0},{"not_picked":["After Image","Tools of the Trade"],"picked":"Adrenaline","floor":16.0},{"not_picked":["Deflect","Poisoned Stab"],"picked":"Caltrops","floor":18.0},{"not_picked":["Bane","Caltrops","Slice"],"picked":"SKIP","floor":20},{"not_picked":["Heel Hook","Expertise"],"picked":"Well Laid Plans","floor":22},{"not_picked":["Caltrops","Dagger Throw"],"picked":"Backflip","floor":27},{"not_picked":["Underhanded Strike","Dagger Spray"],"picked":"Heel Hook","floor":29},{"not_picked":["Die Die Die","Storm of Steel"],"picked":"A Thousand Cuts","floor":33},{"not_picked":["Sucker Punch+1","Cloak And Dagger"],"picked":"PiercingWail","floor":35},{"not_picked":["Expertise+1","Skewer"],"picked":"PiercingWail","floor":36},{"not_picked":["Quick Slash","Dagger Spray+1"],"picked":"Backflip","floor":37}],"player_experience":2872257,"relics_obtained":[{"floor":7.0,"key":"Anchor"},{"floor":9.0,"key":"Centennial Puzzle"},{"floor":12.0,"key":"Strawberry"},{"floor":26,"key":"Ancient Tea Set"},{"floor":36,"key":"Ginger"},{"floor":37,"key":"Bird Faced Urn"}],"event_choices":[{"damage_healed":0.0,"max_hp_gain":0.0,"max_hp_loss":6.0,"gold_gain":0.0,"event_name":"Golden Idol","player_choice":"Lose Max HP","floor":5.0,"gold_loss":0.0,"damage_taken":0.0,"relics_obtained":["Golden Idol"]},{"damage_healed":0.0,"max_hp_gain":0.0,"max_hp_loss":0.0,"gold_gain":0.0,"cards_transformed":["Strike_G"],"event_name":"Living Wall","player_choice":"Change","floor":8.0,"gold_loss":0.0,"damage_taken":0.0,"cards_obtained":["Heel Hook"]},{"damage_healed":15.0,"max_hp_gain":0.0,"max_hp_loss":0.0,"gold_gain":0.0,"event_name":"The Cleric","player_choice":"Healed","floor":10.0,"gold_loss":35.0,"damage_taken":0.0},{"damage_healed":0.0,"max_hp_gain":0.0,"max_hp_loss":0.0,"gold_gain":100.0,"event_name":"The Joust","player_choice":"Bet on Murderer","floor":19.0,"gold_loss":50.0,"damage_taken":0.0},{"damage_healed":0,"gold_gain":0,"cards_transformed":["Strike_G","Strike_G"],"player_choice":"Became Test Subject","damage_taken":0,"max_hp_gain":0,"max_hp_loss":0,"event_name":"Drug Dealer","floor":21,"gold_loss":0,"cards_obtained":["Acrobatics","Distraction"]},{"damage_healed":0,"gold_gain":0,"player_choice":"Stole Relic","damage_taken":0,"relics_obtained":["Orichalcum"],"max_hp_gain":0,"max_hp_loss":0,"event_name":"Addict","floor":31,"gold_loss":0,"cards_obtained":["Shame"]},{"damage_healed":0,"gold_gain":0,"player_choice":"Fight","damage_taken":0,"max_hp_gain":0,"max_hp_loss":0,"event_name":"MindBloom","floor":36,"gold_loss":0},{"damage_healed":0,"gold_gain":0,"player_choice":"Fight","damage_taken":0,"max_hp_gain":0,"max_hp_loss":0,"event_name":"Mysterious Sphere","floor":37,"gold_loss":0},{"damage_healed":0,"gold_gain":0,"cards_transformed":["Infinite Blades"],"player_choice":"Transformed","damage_taken":0,"max_hp_gain":0,"max_hp_loss":0,"event_name":"Transmorgrifier","floor":39,"gold_loss":0,"cards_obtained":["Setup"]}],"is_beta":true,"boss_relics":[{"not_picked":["Philosopher\u0027s Stone","Snecko Eye"],"picked":"Coffee Dripper"},{"not_picked":["Velvet Choker","HoveringKite"],"picked":"Pandora\u0027s Box"}],"items_purged_floors":[11],"is_endless":false,"potions_floor_spawned":[1,4,12,13,22,27,29,36,37],"killed_by":"Reptomancer","ascension_level":20}