{"gold_per_floor":[361,8,22,22,38,38,56,89,116,116,116,138,163,177,177,251,251,217,217,217,234,246,246,269,302,302,302,312,84,96,107,107,107],"floor_reached":33,"playtime":921,"items_purged":["Regret"],"score":538,"play_id":"5cf5f91d-64d0-4c3c-81f2-589c1d524b8e","local_time":"20181019165152","is_ascension_mode":true,"campfire_choices":[{"data":"Perfected Strike","floor":6,"key":"SMITH"},{"data":"Feed","floor":11,"key":"SMITH"},{"data":"Perfected Strike","floor":15,"key":"SMITH"},{"data":"Perfected Strike","floor":23,"key":"SMITH"},{"floor":27,"key":"REST"},{"data":"Armaments","floor":32,"key":"SMITH"}],"neow_cost":"CURSE","seed_source_timestamp":773298041162622,"circlet_count":0,"master_deck":["Strike_R+1","Strike_R","Strike_R","Strike_R","Strike_R","Defend_R","Defend_R","Defend_R","Bash","AscendersBane","Armaments+1","Ghostly Armor","Perfected Strike+1","Sentinel","Twin Strike","Ghostly Armor","Feed+1","Burning Pact","Pommel Strike","Perfected Strike+1","Reaper","Clothesline+1","Iron Wave+1","Perfected Strike+1","Headbutt","Impervious","Entrench+1"],"relics":["Burning Blood","Sling","Pen Nib","Art of War","Odd Mushroom","Bronze Scales","Runic Cube","Enchiridion","Lantern","Whetstone","Bag of Preparation","MawBank"],"potions_floor_usage":[8,13,18,22,28,33],"damage_taken":[{"damage":8,"enemies":"Cultist","floor":1,"turns":4},{"damage":12,"enemies":"Small Slimes","floor":3,"turns":4},{"damage":11,"enemies":"Jaw Worm","floor":5,"turns":5},{"damage":13,"enemies":"3 Louse","floor":7,"turns":4},{"damage":11,"enemies":"Gremlin Nob","floor":8,"turns":3},{"damage":16,"enemies":"The Mushroom Lair","floor":12,"turns":4},{"damage":0,"enemies":"Lagavulin","floor":13,"turns":2},{"damage":26,"enemies":"Exordium Thugs","floor":14,"turns":4},{"damage":46,"enemies":"The Guardian","floor":16,"turns":6},{"damage":38,"enemies":"2 Thieves","floor":18,"turns":5},{"damage":0,"enemies":"Spheric Guardian","floor":21,"turns":2},{"damage":38,"enemies":"Snake Plant","floor":22,"turns":3},{"damage":44,"enemies":"Slavers","floor":25,"turns":4},{"damage":38,"enemies":"Cultist and Chosen","floor":28,"turns":6},{"damage":8,"enemies":"Chosen and Byrds","floor":30,"turns":4},{"damage":2,"enemies":"Centurion and Healer","floor":31,"turns":8},{"damage":110,"enemies":"Collector","floor":33,"turns":6}],"seed_played":"-1487825734585223778","potions_obtained":[{"floor":3,"key":"Poison Potion"},{"floor":5,"key":"SpeedPotion"},{"floor":12,"key":"SteroidPotion"},{"floor":18,"key":"FearPotion"},{"floor":25,"key":"BloodPotion"},{"floor":28,"key":"Regen Potion"},{"floor":31,"key":"Dexterity Potion"}],"is_trial":false,"path_per_floor":["M","$","M","?","M","R","M","E","T","?","R","?","E","M","R","B",null,"M","?","?","M","M","R","T","E","T","R","M","$","M","M","R"],"character_chosen":"IRONCLAD","items_purchased":["Double Tap","Sling","Ghostly Armor","MawBank"],"campfire_rested":1,"item_purchase_floors":[2,2,2,29],"current_hp_per_floor":[66,66,60,60,55,55,48,43,43,68,68,62,68,52,52,12,65,41,93,77,83,51,51,51,34,34,61,52,52,66,78,78,0],"gold":107,"neow_bonus":"TWO_FIFTY_GOLD","is_prod":false,"is_daily":false,"chose_seed":false,"campfire_upgraded":5,"win_rate":0,"timestamp":1539993112,"path_taken":["M","?","?","?","M","R","?","E","T","?","R","?","E","?","R","BOSS","M","?","?","M","?","R","?","E","T","R","?","$","M","M","R","BOSS"],"build_version":"2018-10-18","purchased_purges":1,"victory":false,"max_hp_per_floor":[75,75,75,75,75,75,75,75,75,75,75,79,79,83,83,83,83,83,93,93,93,93,93,93,93,93,93,97,97,101,105,105,105],"card_choices":[{"not_picked":["Corruption","Fire Breathing"],"picked":"Armaments","floor":1},{"not_picked":["Sword Boomerang","Flex"],"picked":"Perfected Strike","floor":3},{"not_picked":["Cleave","Armaments"],"picked":"Twin Strike","floor":5},{"not_picked":["Heavy Blade","Intimidate"],"picked":"Ghostly Armor","floor":7},{"not_picked":["Cleave","Whirlwind"],"picked":"Feed","floor":8},{"not_picked":["Cleave","Pommel Strike"],"picked":"Burning Pact","floor":12},{"not_picked":["Corruption","Pummel"],"picked":"Pommel Strike","floor":13},{"not_picked":["Headbutt","Twin Strike"],"picked":"Perfected Strike","floor":14},{"not_picked":["Limit Break","Berserk"],"picked":"Reaper","floor":16},{"not_picked":["Rage+1","Wild Strike"],"picked":"Clothesline+1","floor":18},{"not_picked":["Dual Wield","Anger"],"picked":"Iron Wave","floor":21},{"not_picked":["Metallicize","Anger"],"picked":"Perfected Strike","floor":22},{"not_picked":["Second Wind","Clothesline"],"picked":"Headbutt","floor":25},{"not_picked":["Clothesline+1","Wild Strike"],"picked":"Impervious","floor":28},{"not_picked":["Thunderclap","Anger"],"picked":"Entrench+1","floor":30},{"not_picked":["Pummel+1","Anger","Armaments"],"picked":"SKIP","floor":31}],"player_experience":561292,"relics_obtained":[{"floor":8,"key":"Pen Nib"},{"floor":9,"key":"Art of War"},{"floor":12,"key":"Odd Mushroom"},{"floor":13,"key":"Bronze Scales"},{"floor":20,"key":"Enchiridion"},{"floor":24,"key":"Lantern"},{"floor":25,"key":"Whetstone"},{"floor":26,"key":"Bag of Preparation"}],"event_choices":[{"damage_healed":0,"gold_gain":0,"cards_transformed":["Defend_R"],"player_choice":"Transformed","damage_taken":0,"max_hp_gain":0,"max_hp_loss":0,"event_name":"Transmorgrifier","floor":4,"gold_loss":0,"cards_obtained":["Sentinel"]},{"damage_healed":25,"gold_gain":0,"player_choice":"Banana","damage_taken":0,"max_hp_gain":0,"max_hp_loss":0,"event_name":"Big Fish","floor":10,"gold_loss":0},{"damage_healed":0,"gold_gain":0,"player_choice":"Fought Mushrooms","damage_taken":0,"max_hp_gain":0,"max_hp_loss":0,"event_name":"Mushrooms","floor":12,"gold_loss":0},{"cards_removed":["Double Tap"],"damage_healed":42,"gold_gain":0,"player_choice":"Offered Rare","damage_taken":0,"max_hp_gain":10,"max_hp_loss":0,"event_name":"Bonfire Elementals","floor":19,"gold_loss":0},{"damage_healed":0,"gold_gain":0,"player_choice":"Obtained Book","damage_taken":16,"max_hp_gain":0,"max_hp_loss":0,"event_name":"Cursed Tome","floor":20,"gold_loss":0}],"is_beta":false,"boss_relics":[{"not_picked":["Runic Dome","Ectoplasm"],"picked":"Runic Cube"}],"items_purged_floors":[29],"is_endless":false,"potions_floor_spawned":[3,5,12,18,25,28,31],"killed_by":"Collector","ascension_level":14}