{"gold_per_floor":[119,45,56,132,148,176,176,211,211,244,69,69],"floor_reached":12,"playtime":253,"items_purged":[],"score":125,"play_id":"fc34c042-9995-4f0d-8d59-07eba14169d2","local_time":"20181017190856","is_ascension_mode":true,"campfire_choices":[{"data":"Sunder","floor":7,"key":"SMITH"}],"neow_cost":"NONE","seed_source_timestamp":609390136064444,"circlet_count":0,"master_deck":["Strike_B","Strike_B","Strike_B","Strike_B","Defend_B","Defend_B","Defend_B","Defend_B","Zap","Dualcast","Sunder+1","Rip and Tear","Conserve Battery","Ball Lightning","Doom and Gloom","Reinforced Body","Melter","Steam+1"],"relics":["Cracked Core","NeowsBlessing","Frozen Egg 2","Matryoshka","Pantograph","Toxic Egg 2","Incense Burner","Oddly Smooth Stone"],"potions_floor_usage":[6,6,10],"damage_taken":[{"damage":0,"enemies":"Jaw Worm","floor":1,"turns":1},{"damage":0,"enemies":"2 Louse","floor":3,"turns":1},{"damage":0,"enemies":"Cultist","floor":5,"turns":1},{"damage":23,"enemies":"Lagavulin","floor":6,"turns":4},{"damage":30,"enemies":"3 Sentries","floor":8,"turns":4},{"damage":6,"enemies":"Lagavulin","floor":10,"turns":7},{"damage":12,"enemies":"Lots of Slimes","floor":12,"turns":1}],"seed_played":"-6609296425877694813","potions_obtained":[{"floor":1,"key":"Block Potion"},{"floor":3,"key":"AttackPotion"},{"floor":5,"key":"Dexterity Potion"},{"floor":10,"key":"SteroidPotion"}],"is_trial":false,"path_per_floor":["M","$","M","?","M","E","R","E","T","E","$"],"character_chosen":"DEFECT","items_purchased":["Rip and Tear","Oddly Smooth Stone","Steam+1"],"campfire_rested":0,"item_purchase_floors":[2,11,11],"current_hp_per_floor":[68,68,68,68,68,45,45,15,15,9,9,0],"gold":69,"neow_bonus":"THREE_ENEMY_KILL","is_prod":false,"is_daily":false,"chose_seed":false,"campfire_upgraded":1,"win_rate":0,"timestamp":1539828536,"path_taken":["M","$","M","?","M","E","R","E","T","E","$","?"],"build_version":"2018-10-11","purchased_purges":0,"victory":false,"max_hp_per_floor":[75,75,75,75,75,75,75,75,75,75,75,75],"card_choices":[{"not_picked":["Cold Snap","Streamline"],"picked":"Sunder","floor":1},{"not_picked":["Coolheaded","Rebound"],"picked":"Conserve Battery","floor":3},{"not_picked":["Rip and Tear","Hologram"],"picked":"Ball Lightning","floor":5},{"not_picked":["Hyperbeam","Scrape"],"picked":"Doom and Gloom","floor":6},{"not_picked":["Gash","Sweeping Beam"],"picked":"Reinforced Body","floor":8},{"not_picked":["Sweeping Beam","Double Energy+1"],"picked":"Melter","floor":10}],"player_experience":542589,"relics_obtained":[{"floor":6,"key":"Frozen Egg 2"},{"floor":8,"key":"Matryoshka"},{"floor":9,"key":"Pantograph"},{"floor":9,"key":"Toxic Egg 2"},{"floor":10,"key":"Incense Burner"}],"event_choices":[{"event_name":"Golden Wing","player_choice":"Gained Gold","floor":4,"damage_taken":0}],"is_beta":false,"boss_relics":[],"items_purged_floors":[],"is_endless":false,"potions_floor_spawned":[1,3,5,10],"killed_by":"Lots of Slimes","ascension_level":6}