{"gold_per_floor":[118,118,118,129,304,304,314,314,314,326,342,342,371,19,19,118,118,133,133,48,64,64,64],"floor_reached":23,"playtime":599,"items_purged":["Defend_B"],"score":246,"play_id":"3dc306a0-1b0e-4f20-af88-f5de0534c5ac","local_time":"20181015153224","is_ascension_mode":true,"campfire_choices":[{"data":"Zap","floor":6,"key":"SMITH"},{"data":"FTL","floor":8,"key":"SMITH"},{"floor":15,"key":"REST"}],"neow_cost":"","seed_source_timestamp":423247421249932,"circlet_count":0,"master_deck":["Zap+1","Dualcast+1","FTL+1","Hologram","Gash","FTL","Chaos","Ball Lightning","BootSequence","Leap","Biased Cognition","Rebound","Turbo","Stack","Gash","Capacitor","Go for the Eyes","Hologram+1","Conserve Battery"],"relics":["Cracked Core","Girya","Ginger","MawBank","Pandora\u0027s Box","Question Card"],"potions_floor_usage":[16,16,18],"damage_taken":[{"damage":0,"enemies":"Small Slimes","floor":1,"turns":3},{"damage":0,"enemies":"Cultist","floor":4,"turns":2},{"damage":0,"enemies":"2 Louse","floor":7,"turns":2},{"damage":7,"enemies":"Exordium Wildlife","floor":10,"turns":5},{"damage":2,"enemies":"Blue Slaver","floor":11,"turns":2},{"damage":33,"enemies":"Gremlin Nob","floor":13,"turns":4},{"damage":28,"enemies":"Slime Boss","floor":16,"turns":10},{"damage":5,"enemies":"3 Byrds","floor":18,"turns":3},{"damage":28,"enemies":"2 Thieves","floor":21,"turns":3},{"damage":28,"enemies":"Gremlin Leader","floor":23,"turns":5}],"seed_played":"9183512964244459877","potions_obtained":[{"floor":7,"key":"LiquidBronze"},{"floor":11,"key":"Regen Potion"},{"floor":13,"key":"FearPotion"},{"floor":16,"key":"LiquidBronze"},{"floor":21,"key":"SteroidPotion"}],"is_trial":false,"path_per_floor":["M","?","?","M","?","R","M","R","T","M","M","?","E","$","R","B",null,"M","?","?","M","?"],"character_chosen":"DEFECT","items_purchased":["MawBank","BootSequence","Leap"],"campfire_rested":1,"item_purchase_floors":[14,14,14],"current_hp_per_floor":[68,68,53,53,53,53,53,53,53,46,44,37,4,4,26,13,60,55,55,55,27,27,0],"gold":64,"neow_bonus":"","is_prod":false,"is_daily":false,"chose_seed":false,"campfire_upgraded":2,"win_rate":0,"timestamp":1539642744,"path_taken":["M","?","?","M","?","R","?","R","T","M","M","?","E","$","R","BOSS","M","?","?","M","?","E"],"build_version":"2018-10-11","purchased_purges":1,"victory":false,"max_hp_per_floor":[75,75,75,75,75,75,75,75,75,75,75,75,75,75,75,75,75,75,75,75,75,75,75],"card_choices":[{"not_picked":["Stack","Gash"],"picked":"FTL","floor":1},{"not_picked":["Gash","Beam Cell"],"picked":"Hologram","floor":4},{"not_picked":["Self Repair","Melter"],"picked":"Gash","floor":7},{"not_picked":["Conserve Battery","Streamline"],"picked":"FTL","floor":10},{"not_picked":["Coolheaded","Steam Power"],"picked":"Chaos","floor":11},{"not_picked":["Reinforced Body","Meteor Strike"],"picked":"Ball Lightning","floor":13},{"not_picked":["Buffer","Core Surge"],"picked":"Biased Cognition","floor":16},{"not_picked":["Steam","Coolheaded"],"picked":"Hologram","floor":18},{"not_picked":["Steam","Loop+1","Hologram"],"picked":"Conserve Battery","floor":21}],"player_experience":520246,"relics_obtained":[{"floor":9,"key":"Girya"},{"floor":13,"key":"Ginger"}],"event_choices":[{"event_name":"Purifier","player_choice":"One Purge","floor":2,"damage_taken":0},{"event_name":"Shining Light","player_choice":"Entered Light","floor":3,"damage_taken":0},{"event_name":"Liars Game","player_choice":"agreed","floor":5,"damage_taken":0},{"event_name":"Golden Wing","player_choice":"Card Removal","floor":12,"damage_taken":0},{"event_name":"Ghosts","player_choice":"Ignored","floor":19,"damage_taken":0},{"event_name":"Addict","player_choice":"Obtained Relic","floor":20,"damage_taken":0},{"event_name":"Accursed Blacksmith","player_choice":"Forge","floor":22,"damage_taken":0}],"is_beta":false,"boss_relics":[{"not_picked":["Fusion Hammer","Calling Bell"],"picked":"Pandora\u0027s Box"}],"items_purged_floors":[14],"is_endless":false,"potions_floor_spawned":[7,11,13,16,21],"killed_by":"Gremlin Leader","ascension_level":6}