{"gold_per_floor":[109,121,138,213,213,245,245,276,349,349,360,32,51,70,70,173,173,173,26,0,0,0,0,0,0,0,0,0,0,0,0,0,0,0,0,0,0,0,0,0,0,0,0,0,0,0,0,0,0,0],"floor_reached":51,"playtime":10442,"items_purged":[],"score":1052,"play_id":"e5211177-3d71-4385-af18-673f2c453a00","local_time":"20190310182219","is_ascension_mode":true,"campfire_choices":[{"data":"Neutralize","floor":7.0,"key":"SMITH"},{"data":"Poisoned Stab","floor":10.0,"key":"SMITH"},{"data":"Apotheosis","floor":15.0,"key":"SMITH"},{"data":"Footwork","floor":23.0,"key":"SMITH"},{"data":"Malaise","floor":29.0,"key":"SMITH"},{"data":"Terror","floor":32.0,"key":"SMITH"},{"data":"Panache","floor":46.0,"key":"SMITH"},{"data":"A Thousand Cuts","floor":49.0,"key":"SMITH"}],"neow_cost":"NONE","seed_source_timestamp":0,"circlet_count":0,"master_deck":["Defend_G","Defend_G","Defend_G","Defend_G","Defend_G","Survivor","Neutralize+1","Poisoned Stab","Poisoned Stab+1","Blur","PiercingWail","Blur","Footwork+1","Apotheosis+1","Sucker Punch","Malaise+1","Terror+1","Dodge and Roll","Backflip","Bite","Bite","Bite","Bite","Bite","Heel Hook","Malaise","A Thousand Cuts+1","Heel Hook","Madness","Madness","Prepared+1","Heel Hook","Quick Slash","Quick Slash","Infinite Blades+1","Catalyst","Panache+1"],"special_seed":0,"relics":["Ring of the Snake","Torii","Bag of Preparation","Blue Candle","Anchor","Ectoplasm","Regal Pillow","Mango","Pen Nib","Kunai","Nunchaku","Philosopher\u0027s Stone","Red Mask","Dodecahedron","FossilizedHelix","Ancient Tea Set","Ninja Scroll","Meat on the Bone"],"potions_floor_usage":[50,50],"damage_taken":[{"damage":0.0,"enemies":"Cultist","floor":1.0,"turns":5.0},{"damage":2.0,"enemies":"Jaw Worm","floor":2.0,"turns":5.0},{"damage":1.0,"enemies":"2 Louse","floor":3.0,"turns":3.0},{"damage":9.0,"enemies":"3 Sentries","floor":6.0,"turns":12.0},{"damage":27.0,"enemies":"Gremlin Nob","floor":8.0,"turns":6.0},{"damage":0.0,"enemies":"2 Fungi Beasts","floor":11.0,"turns":4.0},{"damage":0.0,"enemies":"Blue Slaver","floor":13.0,"turns":4.0},{"damage":3.0,"enemies":"Exordium Wildlife","floor":14.0,"turns":6.0},{"damage":7.0,"enemies":"The Guardian","floor":16.0,"turns":16.0},{"damage":0.0,"enemies":"3 Byrds","floor":18.0,"turns":7.0},{"damage":1.0,"enemies":"2 Thieves","floor":20.0,"turns":4.0},{"damage":0.0,"enemies":"Snake Plant","floor":22.0,"turns":6.0},{"damage":9.0,"enemies":"Centurion and Healer","floor":25.0,"turns":12.0},{"damage":1.0,"enemies":"Book of Stabbing","floor":28.0,"turns":7.0},{"damage":1.0,"enemies":"Cultist and Chosen","floor":31.0,"turns":9.0},{"damage":7.0,"enemies":"Collector","floor":33.0,"turns":19.0},{"damage":0.0,"enemies":"3 Darklings","floor":35.0,"turns":7.0},{"damage":27.0,"enemies":"Orb Walker","floor":37.0,"turns":5.0},{"damage":16.0,"enemies":"Maw","floor":39.0,"turns":10.0},{"damage":22.0,"enemies":"Giant Head","floor":40.0,"turns":10.0},{"damage":0.0,"enemies":"3 Darklings","floor":41.0,"turns":4.0},{"damage":21.0,"enemies":"2 Orb Walkers","floor":42.0,"turns":7.0},{"damage":11.0,"enemies":"Reptomancer","floor":44.0,"turns":9.0},{"damage":0.0,"enemies":"Giant Head","floor":47.0,"turns":7.0},{"damage":0.0,"enemies":"Sphere and 2 Shapes","floor":48.0,"turns":5.0},{"damage":28,"enemies":"Time Eater","floor":50,"turns":15}],"seed_played":"-5719658484443598108","potions_obtained":[{"floor":2.0,"key":"Dexterity Potion"},{"floor":5.0,"key":"Dexterity Potion"},{"floor":5.0,"key":"Fruit Juice"},{"floor":11.0,"key":"SkillPotion"},{"floor":13.0,"key":"Weak Potion"},{"floor":14.0,"key":"AttackPotion"},{"floor":20.0,"key":"Ancient Potion"},{"floor":28.0,"key":"SpeedPotion"},{"floor":31.0,"key":"Energy Potion"},{"floor":39.0,"key":"Strength Potion"},{"floor":41.0,"key":"AttackPotion"},{"floor":42.0,"key":"SkillPotion"}],"is_trial":false,"path_per_floor":["M","M","M","?","?","E","R","E","T","R","M","$","M","M","R","B",null,"M","$","M","?","M","R","?","M","T","$","E","R","T","M","R","B",null,"M","?","M","?","M","E","M","?","T","E","?","R","E","M","R","B",null],"character_chosen":"THE_SILENT","items_purchased":["Anchor","Apotheosis","Regal Pillow"],"campfire_rested":0,"item_purchase_floors":[12,12,19],"current_hp_per_floor":[70,68,67,56,56,52,52,25,25,25,25,25,25,22,22,15,65,65,65,64,78,78,78,67,67,67,67,67,67,67,67,67,67,67,67,59,45,45,58,57,67,55,55,67,62,62,67,67,67,57],"gold":0,"neow_bonus":"TEN_PERCENT_HP_BONUS","is_prod":false,"is_daily":false,"chose_seed":false,"campfire_upgraded":8,"win_rate":0,"timestamp":1552242139,"path_taken":["M","M","M","?","?","E","R","E","T","R","M","$","M","M","R","BOSS","M","$","?","?","M","R","?","M","T","$","E","R","?","M","R","BOSS","M","?","M","?","M","E","M","?","T","E","?","R","E","M","R","BOSS"],"build_version":"2019-01-23","purchased_purges":0,"victory":true,"max_hp_per_floor":[77,77,77,77,77,82,82,82,82,82,82,82,82,82,82,82,82,82,82,82,96,96,96,67,67,67,67,67,67,67,67,67,67,67,67,67,67,67,67,67,67,67,67,67,67,67,67,67,67,67],"card_choices":[{"not_picked":["Dodge and Roll","Eviscerate"],"picked":"Poisoned Stab","floor":1.0},{"not_picked":["Prepared","Heel Hook"],"picked":"Poisoned Stab","floor":2.0},{"not_picked":["Quick Slash","Backflip"],"picked":"Blur","floor":3.0},{"not_picked":["Masterful Stab","Slice"],"picked":"PiercingWail","floor":6.0},{"not_picked":["Eviscerate","Concentrate"],"picked":"Blur","floor":8.0},{"not_picked":["Outmaneuver","Dagger Spray"],"picked":"Footwork","floor":11.0},{"not_picked":["PiercingWail","Predator"],"picked":"Sucker Punch","floor":13.0},{"not_picked":["Finisher","Acrobatics","Predator"],"picked":"SKIP","floor":14.0},{"not_picked":["Burst","Phantasmal Killer"],"picked":"Malaise","floor":16.0},{"not_picked":["Eviscerate","Expertise+1"],"picked":"Terror","floor":18.0},{"not_picked":["Quick Slash","Poisoned Stab"],"picked":"Dodge and Roll","floor":20.0},{"not_picked":["Sucker Punch","Blade Dance"],"picked":"Backflip","floor":22.0},{"not_picked":["Underhanded Strike","Bane"],"picked":"Heel Hook","floor":25.0},{"not_picked":["Setup","Dagger Spray"],"picked":"Malaise","floor":28.0},{"not_picked":["Sucker Punch","Flying Knee+1","Terror"],"picked":"SKIP","floor":31.0},{"not_picked":["Burst","Die Die Die"],"picked":"A Thousand Cuts","floor":33.0},{"not_picked":["Dodge and Roll","PiercingWail"],"picked":"Heel Hook","floor":35.0},{"not_picked":["Dagger Spray+1","Riddle With Holes"],"picked":"Prepared+1","floor":37.0},{"not_picked":["Bane+1","Sucker Punch"],"picked":"Heel Hook","floor":39.0},{"not_picked":["Concentrate+1","Terror"],"picked":"Quick Slash","floor":40.0},{"not_picked":["Deadly Poison+1","Unload"],"picked":"Quick Slash","floor":41.0},{"not_picked":["Skewer+1","Sucker Punch"],"picked":"Infinite Blades+1","floor":42.0},{"not_picked":["Bullet Time","Bane"],"picked":"Catalyst","floor":44.0},{"not_picked":["Deep Breath","Jack Of All Trades"],"picked":"Panache","floor":45.0},{"not_picked":["Slice+1","Underhanded Strike+1","Escape Plan+1"],"picked":"SKIP","floor":47.0},{"not_picked":["Escape Plan+1","Endless Agony+1","PiercingWail+1"],"picked":"SKIP","floor":48.0}],"player_experience":537792,"relics_obtained":[{"floor":6.0,"key":"Torii"},{"floor":8.0,"key":"Bag of Preparation"},{"floor":9.0,"key":"Blue Candle"},{"floor":26.0,"key":"Pen Nib"},{"floor":28.0,"key":"Kunai"},{"floor":30.0,"key":"Nunchaku"},{"floor":40.0,"key":"Dodecahedron"},{"floor":42.0,"key":"FossilizedHelix"},{"floor":43.0,"key":"Ancient Tea Set"},{"floor":44.0,"key":"Ninja Scroll"},{"floor":47.0,"key":"Meat on the Bone"}],"event_choices":[{"damage_healed":0.0,"max_hp_gain":0.0,"max_hp_loss":0.0,"gold_gain":75.0,"event_name":"World of Goop","player_choice":"Gather Gold","floor":4.0,"gold_loss":0.0,"damage_taken":11.0},{"damage_healed":0.0,"max_hp_gain":0.0,"max_hp_loss":0.0,"gold_gain":0.0,"event_name":"Lab","player_choice":"Got Potions","floor":5.0,"gold_loss":0.0,"damage_taken":0.0},{"damage_healed":0.0,"max_hp_gain":0.0,"max_hp_loss":0.0,"gold_gain":0.0,"event_name":"The Mausoleum","player_choice":"Opened","floor":21.0,"gold_loss":0.0,"damage_taken":0.0,"relics_obtained":["Mango"]},{"damage_healed":0.0,"max_hp_gain":0.0,"max_hp_loss":29.0,"gold_gain":0.0,"event_name":"Vampires","player_choice":"Became a vampire","floor":24.0,"gold_loss":0.0,"damage_taken":0.0,"cards_obtained":["Bite","Bite","Bite","Bite","Bite"]},{"damage_healed":0.0,"max_hp_gain":0.0,"max_hp_loss":0.0,"gold_gain":0.0,"event_name":"Winding Halls","player_choice":"Embrace Madness","floor":36.0,"gold_loss":0.0,"damage_taken":8.0,"cards_obtained":["Madness","Madness"]},{"damage_healed":0.0,"max_hp_gain":0.0,"max_hp_loss":0.0,"gold_gain":0.0,"event_name":"Tomb of Lord Red Mask","player_choice":"Paid","floor":38.0,"gold_loss":0.0,"damage_taken":0.0,"relics_obtained":["Red Mask"]},{"damage_healed":0.0,"max_hp_gain":0.0,"max_hp_loss":0.0,"gold_gain":0.0,"event_name":"Mysterious Sphere","player_choice":"Fight","floor":42.0,"gold_loss":0.0,"damage_taken":0.0},{"damage_healed":0.0,"max_hp_gain":0.0,"max_hp_loss":0.0,"gold_gain":0.0,"event_name":"SensoryStone","player_choice":"Memory 2","floor":45.0,"gold_loss":0.0,"damage_taken":5.0}],"is_beta":false,"boss_relics":[{"not_picked":["Ring of the Serpent","Busted Crown"],"picked":"Ectoplasm"},{"not_picked":["Calling Bell","Snecko Eye"],"picked":"Philosopher\u0027s Stone"}],"items_purged_floors":[],"is_endless":false,"potions_floor_spawned":[2,11,13,14,20,28,31,33,39,41,42],"ascension_level":7}