{"gold_per_floor":[111,111,111,125,137,137,172,172,172,189,3,36,36,68,68,163,163,176,191,23,42,61,61,91,91,114,141,141,155,185,199,199,299,299,317,317,366,28,41,41,68,68,68,18,18,18,34,51,51,51],"floor_reached":50,"playtime":2157,"items_purged":["Strike_B","Strike_B"],"score":661,"play_id":"19b4a7b8-beab-4d00-bf6f-e38160defb69","local_time":"20190227004020","is_ascension_mode":true,"campfire_choices":[{"floor":6,"key":"REST"},{"floor":8,"key":"REST"},{"floor":15,"key":"REST"},{"floor":23,"key":"REST"},{"floor":32,"key":"REST"},{"floor":40,"key":"REST"},{"floor":45,"key":"RECALL"},{"floor":49,"key":"REST"}],"neow_cost":"NONE","seed_source_timestamp":298898554382100,"circlet_count":0,"master_deck":["Strike_B","Defend_B","Defend_B","Defend_B","Zap+1","Dualcast+1","BootSequence","Loop","Hologram","Sweeping Beam","Defragment","Biased Cognition","Amplify","Conserve Battery","Conserve Battery","Hello World","Compile Driver","Steam Power+1","Static Discharge","Darkness+1","Cold Snap+1","Thunder Strike","Compile Driver","Redo+1","Electrodynamics","Compile Driver","Conserve Battery","Coolheaded+1","Compile Driver","Master of Strategy","Hologram","Redo+1"],"relics":["Cracked Core","Symbiotic Virus","Regal Pillow","Emotion Chip","Nuclear Battery","Shuriken","DataDisk","Boot","Anchor","Sozu","Pocketwatch","Shovel","Letter Opener"],"potions_floor_usage":[7,12,12,12,12,19,24,24,30,33],"damage_taken":[{"damage":12,"enemies":"Small Slimes","floor":1,"turns":3},{"damage":0,"enemies":"2 Louse","floor":4,"turns":2},{"damage":2,"enemies":"Jaw Worm","floor":5,"turns":3},{"damage":26,"enemies":"3 Sentries","floor":7,"turns":6},{"damage":11,"enemies":"Exordium Thugs","floor":10,"turns":3},{"damage":18,"enemies":"Gremlin Nob","floor":12,"turns":4},{"damage":13,"enemies":"3 Sentries","floor":14,"turns":5},{"damage":0,"enemies":"Slime Boss","floor":16,"turns":3},{"damage":9,"enemies":"3 Byrds","floor":18,"turns":3},{"damage":4,"enemies":"Shell Parasite","floor":19,"turns":3},{"damage":37,"enemies":"Centurion and Healer","floor":21,"turns":6},{"damage":17,"enemies":"Snake Plant","floor":22,"turns":4},{"damage":5,"enemies":"Book of Stabbing","floor":24,"turns":5},{"damage":2,"enemies":"3 Cultists","floor":29,"turns":3},{"damage":27,"enemies":"Gremlin Leader","floor":30,"turns":5},{"damage":13,"enemies":"Sentry and Sphere","floor":31,"turns":3},{"damage":22,"enemies":"Collector","floor":33,"turns":7},{"damage":18,"enemies":"3 Shapes","floor":35,"turns":4},{"damage":39,"enemies":"2 Orb Walkers","floor":37,"turns":5},{"damage":5,"enemies":"Orb Walker","floor":39,"turns":3},{"damage":19,"enemies":"Nemesis","floor":41,"turns":5},{"damage":1,"enemies":"Sphere and 2 Shapes","floor":47,"turns":3},{"damage":4,"enemies":"Jaw Worm Horde","floor":48,"turns":3},{"damage":94,"enemies":"Time Eater","floor":50,"turns":8}],"seed_played":"2634705122949977347","potions_obtained":[{"floor":4,"key":"Weak Potion"},{"floor":10,"key":"EntropicBrew"},{"floor":12,"key":"FairyPotion"},{"floor":16,"key":"Block Potion"},{"floor":19,"key":"FocusPotion"},{"floor":21,"key":"Block Potion"},{"floor":29,"key":"Regen Potion"},{"floor":31,"key":"PowerPotion"}],"is_trial":false,"path_per_floor":["M","?","?","M","M","R","E","R","T","M","$","E","?","E","R","B",null,"M","M","$","M","M","R","E","?","T","T","?","M","E","M","R","B",null,"M","?","?","$","M","R","E","?","T","$","R","$","M","M","R","B"],"character_chosen":"DEFECT","items_purchased":["Chrysalis","Hello World","Compile Driver","Electrodynamics","Compile Driver","Conserve Battery","Hologram"],"campfire_rested":7,"item_purchase_floors":[11,20,20,38,38,38,44],"current_hp_per_floor":[63,48,41,41,39,61,35,57,57,46,46,28,28,15,52,52,75,66,62,62,25,8,45,40,40,40,40,40,38,20,7,44,22,75,57,57,18,18,13,50,31,31,31,31,31,31,30,26,63,0],"gold":51,"neow_bonus":"UPGRADE_CARD","is_prod":false,"is_daily":false,"chose_seed":false,"campfire_upgraded":0,"win_rate":0,"timestamp":1551256820,"path_taken":["M","?","?","?","M","R","E","R","T","M","?","E","?","E","R","BOSS","M","M","$","?","M","R","E","?","T","?","?","M","E","M","R","BOSS","M","?","?","$","M","R","E","?","T","?","R","?","M","M","R","BOSS"],"build_version":"2019-01-23","purchased_purges":2,"victory":false,"max_hp_per_floor":[75,75,75,75,75,75,75,75,75,75,75,75,75,75,75,75,75,75,75,75,75,75,75,75,75,75,75,75,75,75,75,75,75,75,75,75,75,75,75,75,75,75,75,75,75,75,75,75,75,75],"card_choices":[{"not_picked":["Steam","Conserve Battery"],"picked":"BootSequence","floor":1},{"not_picked":["Chaos","Stack"],"picked":"Loop","floor":4},{"not_picked":["Aggregate","Rip and Tear","Gash"],"picked":"SKIP","floor":5},{"not_picked":["Stack","Melter"],"picked":"Hologram","floor":7},{"not_picked":["Undo","Gash"],"picked":"Sweeping Beam","floor":10},{"not_picked":["Go for the Eyes","Recycle"],"picked":"Defragment","floor":12},{"not_picked":["Amplify","Chill"],"picked":"Biased Cognition","floor":14},{"not_picked":["Echo Form","Creative AI"],"picked":"Amplify","floor":16},{"not_picked":["Leap","Ball Lightning"],"picked":"Conserve Battery","floor":18},{"not_picked":["Turbo","Chill"],"picked":"Conserve Battery","floor":19},{"not_picked":["Meteor Strike","Go for the Eyes+1","Undo"],"picked":"SKIP","floor":21},{"not_picked":["Redo","Streamline+1"],"picked":"Steam Power+1","floor":22},{"not_picked":["Rebound","Reinforced Body"],"picked":"Static Discharge","floor":24},{"not_picked":["Auto Shields+1","Force Field","Leap"],"picked":"SKIP","floor":29},{"not_picked":["Rebound","Stack+1"],"picked":"Darkness+1","floor":30},{"not_picked":["Double Energy+1","Gash"],"picked":"Cold Snap+1","floor":31},{"not_picked":["All For One","Hyperbeam"],"picked":"Thunder Strike","floor":33},{"not_picked":["Hologram","Barrage+1"],"picked":"Compile Driver","floor":35},{"not_picked":["Aggregate","FTL+1"],"picked":"Redo+1","floor":37},{"not_picked":["Conserve Battery","Streamline+1"],"picked":"Coolheaded+1","floor":39},{"not_picked":["Aggregate+1","Lockon+1"],"picked":"Compile Driver","floor":41},{"not_picked":["Enlightenment","Panache"],"picked":"Master of Strategy","floor":42},{"not_picked":["Conserve Battery","Cold Snap"],"picked":"Redo+1","floor":47},{"not_picked":["Conserve Battery","Force Field","Consume"],"picked":"SKIP","floor":48}],"player_experience":79789,"relics_obtained":[{"floor":7,"key":"Symbiotic Virus"},{"floor":12,"key":"Regal Pillow"},{"floor":14,"key":"Emotion Chip"},{"floor":24,"key":"Shuriken"},{"floor":26,"key":"DataDisk"},{"floor":27,"key":"Boot"},{"floor":30,"key":"Anchor"},{"floor":37,"key":"Pocketwatch"},{"floor":41,"key":"Shovel"},{"floor":43,"key":"Letter Opener"}],"event_choices":[{"damage_healed":0,"gold_gain":0,"player_choice":"Entered Light","damage_taken":15,"max_hp_gain":0,"max_hp_loss":0,"event_name":"Shining Light","floor":2,"gold_loss":0,"cards_upgraded":["Dualcast","Strike_B"]},{"cards_removed":["Defend_B"],"damage_healed":0,"gold_gain":0,"player_choice":"Card Removal","damage_taken":7,"max_hp_gain":0,"max_hp_loss":0,"event_name":"Golden Wing","floor":3,"gold_loss":0},{"cards_removed":["Strike_B"],"damage_healed":0,"gold_gain":0,"player_choice":"Offered Basic","damage_taken":0,"max_hp_gain":0,"max_hp_loss":0,"event_name":"Bonfire Elementals","floor":13,"gold_loss":0},{"damage_healed":0,"gold_gain":0,"player_choice":"Ignored","damage_taken":0,"max_hp_gain":0,"max_hp_loss":0,"event_name":"Vampires","floor":25,"gold_loss":0},{"cards_removed":["Chrysalis"],"damage_healed":0,"gold_gain":0,"player_choice":"Elegance","damage_taken":0,"max_hp_gain":0,"max_hp_loss":0,"event_name":"Back to Basics","floor":28,"gold_loss":0},{"damage_healed":0,"gold_gain":0,"player_choice":"Ignored","damage_taken":0,"max_hp_gain":0,"max_hp_loss":0,"event_name":"Tomb of Lord Red Mask","floor":36,"gold_loss":0},{"damage_healed":0,"gold_gain":0,"player_choice":"Fight","damage_taken":0,"max_hp_gain":0,"max_hp_loss":0,"event_name":"Mysterious Sphere","floor":37,"gold_loss":0},{"damage_healed":0,"gold_gain":0,"player_choice":"Memory 1","damage_taken":0,"max_hp_gain":0,"max_hp_loss":0,"event_name":"SensoryStone","floor":42,"gold_loss":0}],"is_beta":false,"boss_relics":[{"not_picked":["Eternal Feather","Coffee Dripper"],"picked":"Nuclear Battery"},{"not_picked":["Pandora\u0027s Box","White Beast Statue"],"picked":"Sozu"}],"items_purged_floors":[20,38],"is_endless":false,"potions_floor_spawned":[4,10,12,16,19,21,29,31,35,41,48],"killed_by":"Time Eater","ascension_level":2}