{"gold_per_floor":[316,44,64,82,82,116,116,142,142,177,177,197,197,216,216,293,293,305,155,173,188,24,57,57,4,4,29,29,29,58,74,74,74],"floor_reached":33,"playtime":4971,"items_purged":["Strike_B"],"score":690,"play_id":"d6c72797-dc8d-40a7-a865-6d5b190d256b","local_time":"20190412130437","is_ascension_mode":true,"campfire_choices":[{"data":"Zap","floor":7.0,"key":"SMITH"},{"data":"Dualcast","floor":13.0,"key":"SMITH"},{"data":"Conserve Battery","floor":15,"key":"SMITH"},{"data":"Seek","floor":24,"key":"SMITH"},{"data":"Rainbow","floor":32,"key":"SMITH"}],"neow_cost":"NO_GOLD","seed_source_timestamp":0,"circlet_count":0,"master_deck":["AscendersBane","Strike_B","Strike_B","Defend_B","Defend_B","Defend_B","Defend_B","Zap+1","Dualcast+1","Compile Driver","Cold Snap","Conserve Battery+1","Cold Snap","Electrodynamics","Sunder","Chill","Steam","Doom and Gloom","Seek+1","Go for the Eyes+1","Self Repair+1","Rebound","Self Repair+1","FTL","Stack","Rainbow+1","Recycle"],"special_seed":0,"relics":["FrozenCore","Old Coin","ClockworkSouvenir","Bag of Marbles","Thread and Needle","Frozen Egg 2","Art of War","Omamori","PreservedInsect","Meat on the Bone","Pocketwatch","Dodecahedron","DataDisk"],"potions_floor_usage":[16,20,23,27],"damage_taken":[{"damage":4.0,"enemies":"Jaw Worm","floor":1.0,"turns":4.0},{"damage":10.0,"enemies":"Small Slimes","floor":3.0,"turns":3.0},{"damage":0.0,"enemies":"Cultist","floor":4.0,"turns":3.0},{"damage":11.0,"enemies":"Gremlin Nob","floor":6.0,"turns":4.0},{"damage":16.0,"enemies":"Lagavulin","floor":8.0,"turns":7.0},{"damage":4.0,"enemies":"3 Sentries","floor":10.0,"turns":3.0},{"damage":0.0,"enemies":"2 Fungi Beasts","floor":12.0,"turns":1.0},{"damage":0,"enemies":"Large Slime","floor":14,"turns":3},{"damage":0,"enemies":"Hexaghost","floor":16,"turns":12},{"damage":6,"enemies":"3 Byrds","floor":18,"turns":4},{"damage":3,"enemies":"Shell Parasite","floor":20,"turns":8},{"damage":25,"enemies":"Snake Plant","floor":21,"turns":5},{"damage":5,"enemies":"Slavers","floor":23,"turns":5},{"damage":3,"enemies":"Book of Stabbing","floor":27,"turns":6},{"damage":1,"enemies":"Gremlin Leader","floor":30,"turns":6},{"damage":0,"enemies":"3 Cultists","floor":31,"turns":3},{"damage":85,"enemies":"Champ","floor":33,"turns":14}],"seed_played":"-5955871994816564683","potions_obtained":[{"floor":3.0,"key":"FearPotion"},{"floor":4.0,"key":"SkillPotion"},{"floor":8.0,"key":"Weak Potion"},{"floor":14,"key":"Regen Potion"},{"floor":20,"key":"Dexterity Potion"},{"floor":23,"key":"SpeedPotion"},{"floor":27,"key":"Explosive Potion"}],"is_trial":false,"path_per_floor":["M","$","M","M","?","E","R","E","T","E","?","M","R","M","R","B",null,"M","$","M","M","$","E","R","$","T","E","?","?","E","M","R","B"],"character_chosen":"DEFECT","items_purchased":["ClockworkSouvenir","Cold Snap","Self Repair+1","Omamori","Stack"],"campfire_rested":0,"item_purchase_floors":[2,2,19,22,25],"current_hp_per_floor":[60,60,50,50,55,44,44,28,28,24,24,24,24,24,24,24,63,57,57,76,51,51,56,56,56,56,63,63,63,76,76,76,0],"gold":74,"neow_bonus":"ONE_RARE_RELIC","is_prod":false,"is_daily":false,"chose_seed":false,"campfire_upgraded":5,"win_rate":0,"timestamp":1555070677,"path_taken":["M","$","M","M","?","E","R","E","T","E","?","M","R","M","R","BOSS","M","$","M","M","?","E","R","$","T","E","?","?","E","M","R","BOSS"],"build_version":"2019-01-23","purchased_purges":1,"victory":false,"max_hp_per_floor":[71,71,71,71,76,76,76,76,76,76,76,76,76,76,76,76,76,76,76,76,76,76,76,76,76,76,76,76,76,76,76,76,76],"card_choices":[{"not_picked":["Coolheaded","Undo"],"picked":"Compile Driver","floor":1.0},{"not_picked":["Barrage","Steam"],"picked":"Conserve Battery","floor":3.0},{"not_picked":["Beam Cell","Compile Driver"],"picked":"Cold Snap","floor":4.0},{"not_picked":["Aggregate","Turbo"],"picked":"Electrodynamics","floor":6.0},{"not_picked":["Tempest","Leap"],"picked":"Sunder","floor":8.0},{"not_picked":["Recycle","Double Energy"],"picked":"Chill","floor":10.0},{"not_picked":["Sweeping Beam","Sunder"],"picked":"Steam","floor":12.0},{"not_picked":["Conserve Battery","Sweeping Beam"],"picked":"Doom and Gloom","floor":14},{"not_picked":["Rainbow","Fission"],"picked":"Seek","floor":16},{"not_picked":["Hello World+1","Turbo"],"picked":"Go for the Eyes+1","floor":18},{"not_picked":["Conserve Battery","Compile Driver"],"picked":"Rebound","floor":20},{"not_picked":["Compile Driver+1","Darkness"],"picked":"Self Repair+1","floor":21},{"not_picked":["Coolheaded","Streamline"],"picked":"FTL","floor":23},{"not_picked":["Turbo+1","Ball Lightning"],"picked":"Rainbow","floor":27},{"not_picked":["Double Energy+1","Go for the Eyes","Turbo"],"picked":"SKIP","floor":30},{"not_picked":["Steam Power","Stack+1"],"picked":"Recycle","floor":31}],"player_experience":1028816,"relics_obtained":[{"floor":6.0,"key":"Bag of Marbles"},{"floor":8.0,"key":"Thread and Needle"},{"floor":9.0,"key":"Frozen Egg 2"},{"floor":10.0,"key":"Art of War"},{"floor":23,"key":"PreservedInsect"},{"floor":26,"key":"Meat on the Bone"},{"floor":27,"key":"Pocketwatch"},{"floor":30,"key":"DataDisk"}],"event_choices":[{"damage_healed":0.0,"max_hp_gain":5.0,"max_hp_loss":0.0,"gold_gain":0.0,"event_name":"Big Fish","player_choice":"Donut","floor":5.0,"gold_loss":0.0,"damage_taken":0.0},{"cards_removed":["Strike_B"],"damage_healed":0.0,"max_hp_gain":0.0,"max_hp_loss":0.0,"gold_gain":0.0,"event_name":"Bonfire Elementals","player_choice":"Offered Basic","floor":11.0,"gold_loss":0.0,"damage_taken":0.0},{"damage_healed":0,"gold_gain":0,"player_choice":"Opened","damage_taken":0,"relics_obtained":["Dodecahedron"],"max_hp_gain":0,"max_hp_loss":0,"event_name":"The Mausoleum","floor":29,"gold_loss":0,"cards_obtained":["Writhe"]}],"is_beta":false,"boss_relics":[{"not_picked":["Sozu","Tiny House"],"picked":"FrozenCore"}],"items_purged_floors":[19],"is_endless":false,"potions_floor_spawned":[3,4,8,14,20,23,27],"killed_by":"Champ","ascension_level":17}