{"gold_per_floor":[15,26,39,49,26,59,59,71,71,71],"floor_reached":10,"playtime":421,"items_purged":[],"score":81,"play_id":"796ab2d4-8e87-454c-bac2-5be43763ac53","local_time":"20190130144102","is_ascension_mode":true,"campfire_choices":[{"data":"Limit Break","floor":7,"key":"SMITH"}],"neow_cost":"NO_GOLD","seed_source_timestamp":266391479598500,"circlet_count":0,"master_deck":["Strike_R","Strike_R","Strike_R","Strike_R","Strike_R","Defend_R","Defend_R","Defend_R","Defend_R","Bash","Limit Break+1","Disarm","Armaments","Flex","Cleave"],"relics":["Burning Blood","Singing Bowl","Bag of Marbles"],"potions_floor_usage":[4,6,8],"damage_taken":[{"damage":8,"enemies":"2 Louse","floor":1,"turns":2},{"damage":9,"enemies":"Jaw Worm","floor":2,"turns":4},{"damage":3,"enemies":"Small Slimes","floor":3,"turns":3},{"damage":7,"enemies":"3 Louse","floor":4,"turns":3},{"damage":51,"enemies":"Gremlin Nob","floor":6,"turns":5},{"damage":5,"enemies":"Blue Slaver","floor":8,"turns":4},{"damage":36,"enemies":"3 Sentries","floor":10,"turns":8}],"seed_played":"-5377951853174654314","potions_obtained":[{"floor":1,"key":"GamblersBrew"},{"floor":3,"key":"Fire Potion"},{"floor":6,"key":"EssenceOfSteel"}],"is_trial":false,"path_per_floor":["M","M","M","M","$","E","R","M","T","E"],"character_chosen":"IRONCLAD","items_purchased":["Flex"],"campfire_rested":0,"item_purchase_floors":[5],"current_hp_per_floor":[78,75,78,77,77,32,32,35,35,0],"gold":71,"neow_bonus":"THREE_RARE_CARDS","is_prod":false,"is_daily":false,"chose_seed":false,"campfire_upgraded":1,"win_rate":0,"timestamp":1548888062,"path_taken":["M","M","M","M","$","E","R","M","T","E"],"build_version":"2019-01-23","purchased_purges":0,"victory":false,"max_hp_per_floor":[80,80,80,80,80,80,80,82,82,82],"card_choices":[{"not_picked":["Immolate","Brutality"],"picked":"Limit Break","floor":0},{"not_picked":["Evolve","Warcry","Combust"],"picked":"SKIP","floor":1},{"not_picked":["Iron Wave","Rupture"],"picked":"Disarm","floor":2},{"not_picked":["Corruption","Pummel"],"picked":"Armaments","floor":3},{"not_picked":["Havoc","Iron Wave","Ghostly Armor"],"picked":"SKIP","floor":4},{"not_picked":["Infernal Blade","Dropkick"],"picked":"Cleave","floor":6},{"not_picked":["Cleave","Flex","Burning Pact"],"picked":"Singing Bowl","floor":8}],"player_experience":420032,"relics_obtained":[{"floor":6,"key":"Singing Bowl"},{"floor":9,"key":"Bag of Marbles"}],"event_choices":[],"is_beta":true,"boss_relics":[],"items_purged_floors":[],"is_endless":false,"potions_floor_spawned":[1,3,6],"killed_by":"3 Sentries","ascension_level":3}