{"gold_per_floor":[118,193,208,8,8,8,44,44,44,68,112,112,137,150,150,150],"floor_reached":16,"playtime":543,"items_purged":["Strike_G"],"score":187,"play_id":"ed1a50a6-2072-4736-8ea7-073c121e7806","local_time":"20181104011414","is_ascension_mode":true,"campfire_choices":[{"data":"Well Laid Plans","floor":6,"key":"SMITH"},{"floor":8,"key":"REST"},{"floor":12,"key":"REST"},{"floor":15,"key":"REST"}],"neow_cost":"NONE","seed_source_timestamp":2099823030471544,"circlet_count":0,"master_deck":["AscendersBane","Defend_G","Defend_G","Defend_G","Defend_G","Defend_G","Strike_G","Strike_G","Strike_G","Strike_G","Survivor","Neutralize","Deadly Poison","Deadly Poison","Venomology","Well Laid Plans+1","Caltrops","Blur","Dagger Spray","Flying Knee","Dodge and Roll"],"relics":["Ring of the Snake","Smiling Mask","Golden Idol","Happy Flower","Dodecahedron","Snake Skull"],"potions_floor_usage":[7,10,11,13,14,14,16],"damage_taken":[{"damage":0,"enemies":"2 Louse","floor":1,"turns":4},{"damage":3,"enemies":"Jaw Worm","floor":3,"turns":3},{"damage":29,"enemies":"3 Sentries","floor":7,"turns":13},{"damage":7,"enemies":"Small Slimes","floor":10,"turns":4},{"damage":10,"enemies":"Lagavulin","floor":11,"turns":6},{"damage":1,"enemies":"2 Fungi Beasts","floor":13,"turns":3},{"damage":19,"enemies":"Exordium Thugs","floor":14,"turns":4},{"damage":43,"enemies":"Slime Boss","floor":16,"turns":6}],"seed_played":"-2597900092864463290","potions_obtained":[{"floor":3,"key":"Explosive Potion"},{"floor":7,"key":"Poison Potion"},{"floor":14,"key":"FearPotion"}],"is_trial":false,"path_per_floor":["M","?","M","$","?","R","E","R","T","M","E","R","M","M","R","B"],"character_chosen":"THE_SILENT","items_purchased":["Venomology","Well Laid Plans"],"campfire_rested":3,"item_purchase_floors":[4,4],"current_hp_per_floor":[59,48,45,45,45,45,16,34,34,27,17,35,34,15,33,0],"gold":150,"neow_bonus":"RANDOM_COMMON_RELIC","is_prod":false,"is_daily":false,"chose_seed":false,"campfire_upgraded":1,"win_rate":0,"timestamp":1541319254,"path_taken":["M","?","M","$","?","R","E","R","T","M","E","R","M","M","R","BOSS"],"build_version":"2018-11-01","purchased_purges":1,"victory":false,"max_hp_per_floor":[66,66,66,66,61,61,61,61,61,61,61,61,61,61,61,61],"card_choices":[{"not_picked":["Backflip","Dodge and Roll"],"picked":"Deadly Poison","floor":1},{"not_picked":["Outmaneuver","Cloak And Dagger"],"picked":"Deadly Poison","floor":3},{"not_picked":["Slice","Skewer"],"picked":"Caltrops","floor":7},{"not_picked":["Masterful Stab","Finisher"],"picked":"Blur","floor":10},{"not_picked":["Blur","All Out Attack"],"picked":"Dagger Spray","floor":11},{"not_picked":["Skewer","Underhanded Strike"],"picked":"Flying Knee","floor":13},{"not_picked":["Calculated Gamble","Dagger Throw"],"picked":"Dodge and Roll","floor":14}],"player_experience":849130,"relics_obtained":[{"floor":7,"key":"Happy Flower"},{"floor":9,"key":"Dodecahedron"},{"floor":11,"key":"Snake Skull"}],"event_choices":[{"damage_healed":0,"gold_gain":75,"player_choice":"Gather Gold","damage_taken":11,"max_hp_gain":0,"max_hp_loss":0,"event_name":"World of Goop","floor":2,"gold_loss":0},{"damage_healed":0,"gold_gain":0,"player_choice":"Lose Max HP","damage_taken":0,"relics_obtained":["Golden Idol"],"max_hp_gain":0,"max_hp_loss":5,"event_name":"Golden Idol","floor":5,"gold_loss":0}],"is_beta":false,"boss_relics":[],"items_purged_floors":[4],"is_endless":false,"potions_floor_spawned":[3,7,11,14],"killed_by":"Slime Boss","ascension_level":14}