{"path_per_floor":["M","$","M","?","?","R","T","E","T","?","M","?","M","M","R","B",null,"M","M","?"],"character_chosen":"THE_SILENT","items_purchased":["Flash of Steel"],"gold_per_floor":[111,6,21,21,196,196,278,307,307,367,382,382,392,412,412,509,509,490,508,558],"floor_reached":21,"campfire_rested":1,"playtime":4958,"current_hp_per_floor":[65,65,65,58,58,58,68,51,51,15,14,14,14,14,42,27,77,61,20,20],"items_purged":[],"gold":558,"score":249,"play_id":"ecafc8e4-14a6-4d36-9738-f8778ada396c","is_prod":false,"is_daily":false,"is_ascension_mode":true,"campfire_upgraded":1,"path_taken":["M","$","M","?","?","R","?","E","T","?","?","?","M","M","R","BOSS","M","?","?","M"],"build_version":"2018-02-15-PROD1","purchased_purges":0,"victory":false,"master_deck":["Defend_G","Defend_G","Defend_G","Defend_G","Defend_G","Strike_G","Strike_G","Strike_G","Strike_G","Survivor","Neutralize+1","Slice","Flash of Steel","Distraction+1","Doubt","Envenom+1","Cloak And Dagger","Deflect","Poisoned Stab","Blur","After Image","Backstab","Flying Knee+1"],"max_hp_per_floor":[70,70,70,70,70,70,80,80,80,94,94,94,94,94,94,94,94,94,94,94],"relics":["Ring of the Snake","Pear","Darkstone Periapt","Omamori","Mango","Black Star"],"card_choices":[{"not_picked":["Outmaneuver","Bane"],"picked":"Slice"},{"not_picked":["Prepared","Masterful Stab"],"picked":"Distraction"},{"not_picked":["Outmaneuver","Cloak And Dagger"],"picked":"Envenom"},{"not_picked":["Flying Knee","Bouncing Flask"],"picked":"Cloak And Dagger"},{"not_picked":["Prepared","Sucker Punch"],"picked":"Deflect"},{"not_picked":["Calculated Gamble","Noxious Fumes"],"picked":"Poisoned Stab"},{"not_picked":["Noxious Fumes","Eviscerate"],"picked":"Blur"},{"not_picked":["Glass Knife","Storm of Steel"],"picked":"After Image"},{"not_picked":["Noxious Fumes","Heel Hook"],"picked":"Backstab"},{"not_picked":["Malaise","Cloak And Dagger"],"picked":"Flying Knee"}],"player_experience":187334,"potions_floor_usage":[8,13,16,16,16,21],"damage_taken":[{"damage":5,"enemies":"Small Slimes","floor":1,"turns":5},{"damage":0,"enemies":"2 Louse","floor":3,"turns":2},{"damage":17,"enemies":"3 Sentries","floor":8,"turns":13},{"damage":50,"enemies":"Lagavulin Event","floor":10,"turns":9},{"damage":1,"enemies":"Jaw Worm","floor":11,"turns":5},{"damage":0,"enemies":"Looter","floor":13,"turns":3},{"damage":0,"enemies":"2 Fungi Beasts","floor":14,"turns":4},{"damage":15,"enemies":"Slime Boss","floor":16,"turns":10},{"damage":16,"enemies":"2 Thieves","floor":18,"turns":5},{"damage":41,"enemies":"Spheric Guardian","floor":19,"turns":11},{"damage":26,"enemies":"Cultist and Chosen","floor":21,"turns":7}],"event_choices":[{"event_name":"Golden Wing","player_choice":"Card Removal","floor":4,"damage_taken":0},{"event_name":"Liars Game","player_choice":"agreed","floor":5,"damage_taken":0},{"event_name":"Dead Adventurer","player_choice":"Searched \u00272\u0027 times","floor":10,"damage_taken":0},{"event_name":"Upgrade Shrine","player_choice":"Upgraded","floor":12,"damage_taken":0},{"event_name":"The Joust","player_choice":"Bet on Murderer","floor":20,"damage_taken":0}],"boss_relics":[{"not_picked":["Snecko Eye","Question Card"],"picked":"Black Star"}],"potions_floor_spawned":[10,10,13,14,18,19],"seed_played":"-7734314816491680013","killed_by":"Cultist and Chosen","ascension_level":5,"is_trial":false}