{"gold_per_floor":[119,294,109,128,146,177,177,204,204,204,204,218,233,198,198,302,302,290,45,144,144,164,164,19,19,95,109,109,109,122,147,147,147],"floor_reached":33,"playtime":884,"items_purged":["Strike_R","Sword Boomerang"],"score":439,"play_id":"26683c89-0685-49dd-8c3f-fbda11fced6a","local_time":"20190304200739","is_ascension_mode":true,"campfire_choices":[{"data":"Perfected Strike","floor":7,"key":"SMITH"},{"floor":10,"key":"REST"},{"floor":15,"key":"REST"},{"floor":23,"key":"REST"},{"data":"Perfected Strike","floor":25,"key":"SMITH"},{"data":"Flame Barrier","floor":29,"key":"SMITH"},{"floor":32,"key":"REST"}],"neow_cost":"NONE","seed_source_timestamp":14213187208600,"circlet_count":0,"master_deck":["Strike_R","Strike_R","Strike_R","Strike_R","Defend_R","Defend_R","Defend_R","Defend_R","Bash","Writhe","Shame","Spot Weakness","Doubt","Metallicize","Flame Barrier+1","Perfected Strike+1","Juggernaut","Dual Wield","Twin Strike","Shrug It Off","Reaper","Cleave","Shame","Sever Soul","Perfected Strike+1","Inflame","Warcry","True Grit","Decay","Spot Weakness+1"],"relics":["Calling Bell","Bag of Marbles","Darkstone Periapt","Du-Vu Doll","Paper Frog","Ornamental Fan","Sundial","Runic Pyramid","Pen Nib","Dead Branch","The Courier","Molten Egg 2"],"potions_floor_usage":[6,16,16,30,30,31],"damage_taken":[{"damage":0,"enemies":"2 Louse","floor":1,"turns":1},{"damage":13,"enemies":"Jaw Worm","floor":4,"turns":4},{"damage":10,"enemies":"Small Slimes","floor":5,"turns":2},{"damage":22,"enemies":"3 Sentries","floor":6,"turns":7},{"damage":31,"enemies":"Gremlin Nob","floor":8,"turns":5},{"damage":0,"enemies":"Looter","floor":12,"turns":1},{"damage":12,"enemies":"2 Fungi Beasts","floor":13,"turns":2},{"damage":53,"enemies":"Slime Boss","floor":16,"turns":12},{"damage":25,"enemies":"2 Thieves","floor":18,"turns":4},{"damage":22,"enemies":"3 Byrds","floor":22,"turns":6},{"damage":17,"enemies":"Snake Plant","floor":27,"turns":3},{"damage":32,"enemies":"Chosen and Byrds","floor":30,"turns":5},{"damage":35,"enemies":"Book of Stabbing","floor":31,"turns":3},{"damage":48,"enemies":"Collector","floor":33,"turns":3}],"seed_played":"6745733848637624092","potions_obtained":[{"floor":1,"key":"Dexterity Potion"},{"floor":5,"key":"SkillPotion"},{"floor":6,"key":"Dexterity Potion"},{"floor":27,"key":"EntropicBrew"}],"is_trial":false,"path_per_floor":["M","?","$","M","M","E","R","E","T","R","?","M","M","?","R","B",null,"M","$","?","?","M","R","$","R","T","M","?","R","M","E","R","B"],"character_chosen":"IRONCLAD","items_purchased":["Metallicize","Flame Barrier","Pen Nib","Perfected Strike","Inflame","Warcry"],"campfire_rested":4,"item_purchase_floors":[3,3,19,24,24,24],"current_hp_per_floor":[80,86,86,73,63,41,41,10,10,35,28,28,16,37,62,9,86,61,61,61,67,50,77,77,77,77,60,66,66,41,6,35,0],"gold":147,"neow_bonus":"BOSS_RELIC","is_prod":false,"is_daily":false,"chose_seed":false,"campfire_upgraded":3,"win_rate":0,"timestamp":1551758859,"path_taken":["M","?","$","M","M","E","R","E","T","R","?","M","?","?","R","BOSS","M","$","?","?","M","R","$","R","T","M","?","R","M","E","R","BOSS"],"build_version":"2019-02-06","purchased_purges":2,"victory":false,"max_hp_per_floor":[80,86,86,86,86,86,86,86,86,86,86,86,86,86,86,86,86,86,86,86,92,92,92,92,92,92,92,98,98,98,98,98,98],"card_choices":[{"not_picked":["Armaments","Sever Soul"],"picked":"Spot Weakness","floor":1},{"not_picked":["Body Slam","Headbutt"],"picked":"Perfected Strike","floor":4},{"not_picked":["Thunderclap","Shockwave"],"picked":"Juggernaut","floor":5},{"not_picked":["Armaments","Combust"],"picked":"Dual Wield","floor":6},{"not_picked":["Ghostly Armor","Wild Strike"],"picked":"Sword Boomerang","floor":8},{"not_picked":["Dropkick","Perfected Strike"],"picked":"Twin Strike","floor":12},{"not_picked":["Dropkick","Armaments"],"picked":"Shrug It Off","floor":13},{"not_picked":["Double Tap","Exhume"],"picked":"Reaper","floor":16},{"not_picked":["Feel No Pain+1","Havoc+1"],"picked":"Cleave","floor":18},{"not_picked":["Ghostly Armor","Clash"],"picked":"Sever Soul","floor":22},{"not_picked":["Clothesline","Hemokinesis"],"picked":"True Grit","floor":27},{"not_picked":["Sword Boomerang","Searing Blow","Burning Pact+1"],"picked":"SKIP","floor":30},{"not_picked":["Uppercut","Bludgeon"],"picked":"Spot Weakness+1","floor":31}],"player_experience":535410,"relics_obtained":[{"floor":0,"key":"Bag of Marbles"},{"floor":0,"key":"Darkstone Periapt"},{"floor":0,"key":"Du-Vu Doll"},{"floor":6,"key":"Paper Frog"},{"floor":8,"key":"Ornamental Fan"},{"floor":9,"key":"Sundial"},{"floor":26,"key":"The Courier"},{"floor":31,"key":"Molten Egg 2"}],"event_choices":[{"damage_healed":0,"gold_gain":175,"player_choice":"AGREE","damage_taken":0,"max_hp_gain":0,"max_hp_loss":0,"event_name":"Liars Game","floor":2,"gold_loss":0,"cards_obtained":["Doubt"]},{"cards_removed":["Normality"],"damage_healed":0,"gold_gain":0,"player_choice":"Card Removal","damage_taken":7,"max_hp_gain":0,"max_hp_loss":0,"event_name":"Golden Wing","floor":11,"gold_loss":0},{"damage_healed":21,"gold_gain":0,"player_choice":"Healed","damage_taken":0,"max_hp_gain":0,"max_hp_loss":0,"event_name":"The Cleric","floor":14,"gold_loss":35},{"damage_healed":0,"gold_gain":99,"player_choice":"Stole From Cult","damage_taken":0,"max_hp_gain":0,"max_hp_loss":0,"event_name":"Nest","floor":20,"gold_loss":0},{"damage_healed":0,"gold_gain":0,"player_choice":"Stole Relic","damage_taken":0,"relics_obtained":["Dead Branch"],"max_hp_gain":0,"max_hp_loss":0,"event_name":"Addict","floor":21,"gold_loss":0,"cards_obtained":["Shame"]},{"damage_healed":0,"gold_gain":0,"player_choice":"Smashed Altar","damage_taken":0,"max_hp_gain":0,"max_hp_loss":0,"event_name":"Forgotten Altar","floor":28,"gold_loss":0,"cards_obtained":["Decay"]}],"is_beta":true,"boss_relics":[{"not_picked":["Runic Cube","Philosopher\u0027s Stone"],"picked":"Runic Pyramid"}],"items_purged_floors":[3,19],"is_endless":false,"potions_floor_spawned":[1,5,6,27],"killed_by":"Collector","ascension_level":3}