{"gold_per_floor":[116,66,241,6,6,39,0,0,0,0,17,51,25,37,37,132,132,144,163,163,163],"floor_reached":21,"playtime":1316,"items_purged":["Doubt"],"score":321,"play_id":"1cbd0d32-bd43-419c-a49e-b81aaf257c78","local_time":"20190309212914","is_ascension_mode":true,"campfire_choices":[{"data":"Bash","floor":8,"key":"SMITH"},{"data":"True Grit","floor":15,"key":"SMITH"}],"neow_cost":"NONE","seed_source_timestamp":458649974256709,"circlet_count":0,"master_deck":["AscendersBane","Defend_R","Defend_R","Defend_R","Defend_R","Bash+1","Clothesline","Feed","Inflame","Feed","True Grit+1","Infernal Blade","Shrug It Off","Disarm","Reaper","Shockwave","Bite","Bite","Bite","Bite","Bite"],"relics":["Burning Blood","NeowsBlessing","Pantograph","Bird Faced Urn","Calipers","Centennial Puzzle","Runic Cube"],"potions_floor_usage":[12,12,14,16,18,21],"damage_taken":[{"damage":0,"enemies":"Small Slimes","floor":1,"turns":1},{"damage":5,"enemies":"3 Sentries","floor":6,"turns":2},{"damage":0,"enemies":"2 Louse","floor":11,"turns":1},{"damage":14,"enemies":"Lagavulin","floor":12,"turns":6},{"damage":14,"enemies":"Jaw Worm","floor":14,"turns":3},{"damage":50,"enemies":"The Guardian","floor":16,"turns":10},{"damage":56,"enemies":"3 Byrds","floor":18,"turns":12},{"damage":34,"enemies":"Shell Parasite","floor":19,"turns":11},{"damage":36,"enemies":"Snake Plant","floor":21,"turns":3}],"seed_played":"5282627930091191311","potions_obtained":[{"floor":11,"key":"EntropicBrew"},{"floor":14,"key":"PowerPotion"},{"floor":16,"key":"EssenceOfSteel"},{"floor":19,"key":"FearPotion"}],"is_trial":false,"path_per_floor":["M","?","?","$","?","E","?","R","T","?","M","E","$","M","R","B",null,"M","M","?","M"],"character_chosen":"IRONCLAD","items_purchased":["Feed","Inflame","Shrug It Off"],"campfire_rested":0,"item_purchase_floors":[4,4,13],"current_hp_per_floor":[78,78,78,78,83,87,87,87,87,69,78,75,75,79,79,53,86,47,21,21,0],"gold":163,"neow_bonus":"THREE_ENEMY_KILL","is_prod":false,"is_daily":false,"chose_seed":false,"campfire_upgraded":2,"win_rate":0,"timestamp":1552184954,"path_taken":["M","?","?","$","?","E","?","R","T","?","M","E","$","M","R","BOSS","M","M","?","M"],"build_version":"2019-01-23","purchased_purges":1,"victory":false,"max_hp_per_floor":[80,80,80,80,85,88,88,88,88,88,91,94,94,97,97,97,97,100,100,70,70],"card_choices":[{"not_picked":["Perfected Strike","Twin Strike"],"picked":"Clothesline","floor":1},{"not_picked":["Berserk","Iron Wave"],"picked":"Feed","floor":6},{"not_picked":["Blood for Blood","Sword Boomerang"],"picked":"True Grit","floor":11},{"not_picked":["Sever Soul","Sword Boomerang"],"picked":"Infernal Blade","floor":12},{"not_picked":["Warcry","Twin Strike"],"picked":"Disarm","floor":14},{"not_picked":["Double Tap","Feed"],"picked":"Reaper","floor":16},{"not_picked":["Burning Pact+1","Wild Strike","Ghostly Armor"],"picked":"SKIP","floor":18},{"not_picked":["Heavy Blade","Ghostly Armor"],"picked":"Shockwave","floor":19}],"player_experience":265344,"relics_obtained":[{"floor":6,"key":"Pantograph"},{"floor":9,"key":"Bird Faced Urn"},{"floor":12,"key":"Centennial Puzzle"}],"event_choices":[{"cards_removed":["Strike_R"],"damage_healed":0,"gold_gain":0,"player_choice":"Card Removal","damage_taken":0,"max_hp_gain":0,"max_hp_loss":0,"event_name":"The Cleric","floor":2,"gold_loss":50},{"damage_healed":0,"gold_gain":175,"player_choice":"AGREE","damage_taken":0,"max_hp_gain":0,"max_hp_loss":0,"event_name":"Liars Game","floor":3,"gold_loss":0,"cards_obtained":["Doubt"]},{"damage_healed":0,"gold_gain":0,"player_choice":"Donut","damage_taken":0,"max_hp_gain":5,"max_hp_loss":0,"event_name":"Big Fish","floor":5,"gold_loss":0},{"damage_healed":0,"gold_gain":0,"player_choice":"Left Gold","damage_taken":0,"max_hp_gain":0,"max_hp_loss":0,"event_name":"World of Goop","floor":7,"gold_loss":39},{"damage_healed":0,"gold_gain":0,"player_choice":"Success","damage_taken":18,"relics_obtained":["Calipers"],"max_hp_gain":0,"max_hp_loss":0,"event_name":"Scrap Ooze","floor":10,"gold_loss":0},{"damage_healed":0,"gold_gain":0,"player_choice":"Became a vampire","damage_taken":0,"max_hp_gain":0,"max_hp_loss":30,"event_name":"Vampires","floor":20,"gold_loss":0,"cards_obtained":["Bite","Bite","Bite","Bite","Bite"]}],"is_beta":false,"boss_relics":[{"not_picked":["White Beast Statue","Runic Pyramid"],"picked":"Runic Cube"}],"items_purged_floors":[4],"is_endless":false,"potions_floor_spawned":[11,14,16,19],"killed_by":"Snake Plant","ascension_level":12}