{"gold_per_floor":[111,61,80,93,93,93,109,179,202,202,218,218,218,241,241,366,366,390,390,390],"floor_reached":20,"playtime":532,"items_purged":[],"score":174,"play_id":"f3824afc-bf45-4ea4-b223-782a9e99be40","local_time":"20181012055916","is_ascension_mode":false,"campfire_choices":[{"data":"Sunder","floor":6,"key":"SMITH"},{"data":"Zap","floor":10,"key":"SMITH"},{"data":"Tempest","floor":15,"key":"SMITH"}],"neow_cost":"NONE","seed_source_timestamp":129727662869879,"circlet_count":0,"master_deck":["Strike_B","Strike_B","Strike_B","Strike_B","Defend_B","Defend_B","Defend_B","Zap+1","Dualcast","Rebound","Sunder+1","Cold Snap","Self Repair","Reboot","Conserve Battery","Regret","Tempest+1","Multi-Cast","Sunder"],"relics":["Cracked Core","NeowsBlessing","Golden Idol","Tiny Chest","Boot","Happy Flower","Darkstone Periapt","Lizard Tail"],"potions_floor_usage":[8,19,19,19],"damage_taken":[{"damage":0,"enemies":"2 Louse","floor":1,"turns":1},{"damage":0,"enemies":"Jaw Worm","floor":3,"turns":1},{"damage":0,"enemies":"Cultist","floor":4,"turns":1},{"damage":4,"enemies":"Large Slime","floor":7,"turns":5},{"damage":16,"enemies":"3 Sentries","floor":8,"turns":6},{"damage":9,"enemies":"2 Fungi Beasts","floor":11,"turns":2},{"damage":10,"enemies":"Looter","floor":14,"turns":2},{"damage":13,"enemies":"Slime Boss","floor":16,"turns":7},{"damage":10,"enemies":"Chosen","floor":18,"turns":3},{"damage":34,"enemies":"Colosseum Slavers","floor":19,"turns":4},{"damage":57,"enemies":"Colosseum Nobs","floor":19,"turns":4},{"damage":7,"enemies":"Spheric Guardian","floor":20,"turns":2}],"seed_played":"-8272463526031821486","potions_obtained":[{"floor":3,"key":"SkillPotion"},{"floor":7,"key":"SpeedPotion"},{"floor":14,"key":"SmokeBomb"},{"floor":16,"key":"SpeedPotion"}],"is_trial":false,"path_per_floor":["M","?","M","M","?","R","M","E","T","R","M","?","T","M","R","B",null,"M","?"],"character_chosen":"DEFECT","items_purchased":[],"campfire_rested":0,"item_purchase_floors":[],"current_hp_per_floor":[75,75,75,75,69,69,65,56,56,56,54,54,54,51,51,45,69,59,6,0],"gold":390,"neow_bonus":"THREE_ENEMY_KILL","is_prod":false,"is_daily":false,"chose_seed":false,"campfire_upgraded":3,"win_rate":0.0,"timestamp":1539349156,"path_taken":["M","?","?","M","?","R","M","E","T","R","?","?","?","M","R","BOSS","M","?","?"],"build_version":"2018-10-11","purchased_purges":0,"victory":false,"max_hp_per_floor":[75,75,75,75,69,69,69,69,69,69,69,69,69,69,69,69,69,69,69,69],"card_choices":[{"not_picked":["Leap","Barrage"],"picked":"Rebound","floor":1},{"not_picked":["Ball Lightning","Barrage"],"picked":"Sunder","floor":3},{"not_picked":["Darkness","Chill"],"picked":"Cold Snap","floor":4},{"not_picked":["Go for the Eyes","Sunder"],"picked":"Self Repair","floor":7},{"not_picked":["Leap","Cold Snap"],"picked":"Reboot","floor":8},{"not_picked":["Hello World","Sunder"],"picked":"Conserve Battery","floor":11},{"not_picked":["Recycle","Doom and Gloom"],"picked":"Tempest","floor":14},{"not_picked":["Machine Learning","Reboot"],"picked":"Multi-Cast","floor":16},{"not_picked":["Rip and Tear","Reinforced Body+1"],"picked":"Sunder","floor":18}],"player_experience":475035,"relics_obtained":[{"floor":8,"key":"Tiny Chest"},{"floor":9,"key":"Boot"},{"floor":13,"key":"Darkstone Periapt"}],"event_choices":[{"event_name":"The Cleric","player_choice":"Card Removal","floor":2,"damage_taken":0},{"event_name":"Golden Idol","player_choice":"Lose Max HP","floor":5,"damage_taken":0},{"event_name":"Big Fish","player_choice":"Box","floor":12,"damage_taken":0},{"event_name":"Colosseum","player_choice":"Fight","floor":19,"damage_taken":0},{"event_name":"Colosseum","player_choice":"Fought Nobs","floor":19,"damage_taken":0}],"is_beta":false,"boss_relics":[{"not_picked":["Velvet Choker","FrozenCore"],"picked":"Lizard Tail"}],"items_purged_floors":[],"is_endless":false,"potions_floor_spawned":[3,7,14,16,19],"killed_by":"Spheric Guardian","ascension_level":0}