{"gold_per_floor":[116,130,143,161,178,178,206,206,230,230,273,273,307,325,325,325],"floor_reached":16,"playtime":2231,"items_purged":[],"score":165,"play_id":"c8f533ae-3b5c-4fa7-ab5b-2278ae48deca","local_time":"20190308153845","is_ascension_mode":true,"campfire_choices":[{"data":"Flechettes","floor":6.0,"key":"SMITH"},{"floor":10,"key":"REST"},{"floor":15,"key":"REST"}],"neow_cost":"TEN_PERCENT_HP_LOSS","seed_source_timestamp":0,"circlet_count":0,"master_deck":["Defend_G","Defend_G","Defend_G","Defend_G","Defend_G","Strike_G","Strike_G+1","Strike_G+1","Strike_G","Strike_G","Survivor","Neutralize","Infinite Blades","Prepared","After Image","Flechettes+1","Dagger Throw","Escape Plan","Crippling Poison","Dodge and Roll"],"special_seed":0,"relics":["Ring of the Snake","Girya","Omamori","Golden Idol","Whetstone","Bag of Preparation","Centennial Puzzle"],"potions_floor_usage":[7,11,16],"damage_taken":[{"damage":2.0,"enemies":"Jaw Worm","floor":1.0,"turns":6.0},{"damage":6.0,"enemies":"Small Slimes","floor":2.0,"turns":5.0},{"damage":0.0,"enemies":"Cultist","floor":3.0,"turns":4.0},{"damage":4.0,"enemies":"Exordium Thugs","floor":4.0,"turns":7.0},{"damage":4.0,"enemies":"2 Fungi Beasts","floor":5.0,"turns":4.0},{"damage":16,"enemies":"3 Sentries","floor":7,"turns":7},{"damage":15,"enemies":"Lagavulin","floor":11,"turns":9},{"damage":15,"enemies":"Gremlin Nob","floor":13,"turns":4},{"damage":0,"enemies":"Blue Slaver","floor":14,"turns":4},{"damage":49,"enemies":"The Guardian","floor":16,"turns":17}],"seed_played":"-3534284190698357838","potions_obtained":[{"floor":3.0,"key":"SmokeBomb"},{"floor":5.0,"key":"PowerPotion"},{"floor":7,"key":"Weak Potion"},{"floor":14,"key":"GhostInAJar"}],"is_trial":false,"path_per_floor":["M","M","M","M","M","R","E","?","T","R","E","?","E","M","R","B"],"character_chosen":"THE_SILENT","items_purchased":[],"campfire_rested":2,"item_purchase_floors":[],"current_hp_per_floor":[61,55,55,51,47,47,31,16,16,34,19,19,4,4,22,0],"gold":325,"neow_bonus":"ONE_RARE_RELIC","is_prod":false,"is_daily":false,"chose_seed":false,"campfire_upgraded":1,"win_rate":0,"timestamp":1552059525,"path_taken":["M","M","M","M","M","R","E","?","T","R","E","?","E","M","R","BOSS"],"build_version":"2019-01-23","purchased_purges":0,"victory":false,"max_hp_per_floor":[63,63,63,63,63,63,63,63,63,63,63,63,63,63,63,63],"card_choices":[{"not_picked":["Prepared","Deflect"],"picked":"Infinite Blades","floor":1.0},{"not_picked":["Underhanded Strike","Deflect"],"picked":"Prepared","floor":2.0},{"not_picked":["Predator","Dagger Spray"],"picked":"After Image","floor":3.0},{"not_picked":["Blade Dance","Prepared"],"picked":"Flechettes","floor":4.0},{"not_picked":["Flying Knee","Backflip"],"picked":"Dagger Throw","floor":5.0},{"not_picked":["Grand Finale","Quick Slash","Dagger Throw"],"picked":"SKIP","floor":7},{"not_picked":["Deadly Poison","Underhanded Strike"],"picked":"Escape Plan","floor":11},{"not_picked":["Terror","Flechettes"],"picked":"Crippling Poison","floor":13},{"not_picked":["Outmaneuver","Bouncing Flask"],"picked":"Dodge and Roll","floor":14}],"player_experience":534965,"relics_obtained":[{"floor":7,"key":"Omamori"},{"floor":9,"key":"Whetstone"},{"floor":11,"key":"Bag of Preparation"},{"floor":13,"key":"Centennial Puzzle"}],"event_choices":[{"damage_healed":0,"gold_gain":0,"player_choice":"Take Damage","damage_taken":15,"relics_obtained":["Golden Idol"],"max_hp_gain":0,"max_hp_loss":0,"event_name":"Golden Idol","floor":8,"gold_loss":0},{"damage_healed":0,"gold_gain":0,"player_choice":"Ignored","damage_taken":0,"max_hp_gain":0,"max_hp_loss":0,"event_name":"Liars Game","floor":12,"gold_loss":0}],"is_beta":false,"boss_relics":[],"items_purged_floors":[],"is_endless":false,"potions_floor_spawned":[3,5,7,14],"killed_by":"The Guardian","ascension_level":7}