{"gold_per_floor":[113,113,133,133,152,179,196,196,196,229,229,247,262,274,274,369,369,387,404,185,185,185,211,225,243,318,318,334,351,351,367,367,463,463,475,475,493,593,9,9,9,9,9,9,26,45,58,58,58,58],"floor_reached":51,"playtime":3934,"items_purged":["Strike_R","Strike_R"],"score":905,"play_id":"7976117e-c6ae-44ea-af1a-d12aa3cf3b6f","local_time":"20190305051235","is_ascension_mode":true,"campfire_choices":[{"floor":8,"key":"REST"},{"data":"Uppercut","floor":11,"key":"SMITH"},{"floor":15,"key":"REST"},{"data":"Armaments","floor":30,"key":"SMITH"},{"data":"1","floor":32,"key":"LIFT"},{"data":"2","floor":40,"key":"LIFT"},{"data":"3","floor":42,"key":"LIFT"},{"data":"Barricade","floor":44,"key":"SMITH"},{"data":"Dark Embrace","floor":49,"key":"SMITH"}],"neow_cost":"NONE","seed_source_timestamp":51828879121515,"circlet_count":0,"master_deck":["Strike_R","Strike_R","Strike_R","Defend_R","Defend_R","Defend_R","Defend_R","Bash","Exhume","Uppercut+1","Corruption+1","Headbutt","Wild Strike","Wild Strike","Evolve","Shrug It Off","Intimidate","Rage","Feed","Spot Weakness","Armaments+1","Ghostly","Ghostly","Ghostly","Ghostly","Ghostly","Double Tap","Shrug It Off","Rampage","Shockwave+1","Barricade+1","Battle Trance","Dark Embrace+1","Wild Strike+1","Madness","Madness","Shockwave+1","Disarm+1","Inflame","Normality","Body Slam+1","Warcry+1","Shrug It Off+1"],"relics":["Black Blood","Anchor","Girya","Gremlin Horn","Dream Catcher","Cursed Key","Vajra","Art of War","Mercury Hourglass","Calipers","Blue Candle","Juzu Bracelet","Boot","Shuriken"],"potions_floor_usage":[12,23,23,33,33,33,50,50],"damage_taken":[{"damage":0,"enemies":"Small Slimes","floor":1,"turns":3},{"damage":6,"enemies":"Cultist","floor":3,"turns":3},{"damage":0,"enemies":"2 Louse","floor":5,"turns":2},{"damage":50,"enemies":"3 Sentries","floor":6,"turns":9},{"damage":10,"enemies":"Large Slime","floor":7,"turns":6},{"damage":21,"enemies":"Gremlin Nob","floor":10,"turns":4},{"damage":2,"enemies":"Gremlin Gang","floor":12,"turns":4},{"damage":13,"enemies":"Exordium Thugs","floor":13,"turns":5},{"damage":0,"enemies":"3 Louse","floor":14,"turns":2},{"damage":29,"enemies":"Slime Boss","floor":16,"turns":10},{"damage":15,"enemies":"3 Byrds","floor":18,"turns":8},{"damage":32,"enemies":"Shell Parasite","floor":19,"turns":5},{"damage":31,"enemies":"Colosseum Slavers","floor":21,"turns":5},{"damage":1,"enemies":"Gremlin Leader","floor":23,"turns":6},{"damage":5,"enemies":"Shelled Parasite and Fungi","floor":24,"turns":4},{"damage":4,"enemies":"Cultist and Chosen","floor":25,"turns":7},{"damage":6,"enemies":"Snake Plant","floor":28,"turns":6},{"damage":0,"enemies":"Centurion and Healer","floor":29,"turns":5},{"damage":0,"enemies":"Cultist and Chosen","floor":31,"turns":5},{"damage":28,"enemies":"Champ","floor":33,"turns":11},{"damage":0,"enemies":"3 Darklings","floor":35,"turns":4},{"damage":6,"enemies":"Orb Walker","floor":37,"turns":4},{"damage":9,"enemies":"Mind Bloom Boss Battle","floor":38,"turns":7},{"damage":6,"enemies":"Jaw Worm Horde","floor":45,"turns":4},{"damage":1,"enemies":"Spire Growth","floor":46,"turns":4},{"damage":1,"enemies":"3 Darklings","floor":47,"turns":4},{"damage":17,"enemies":"Donu and Deca","floor":50,"turns":8}],"seed_played":"-529676892755403507","potions_obtained":[{"floor":1,"key":"GamblersBrew"},{"floor":5,"key":"Energy Potion"},{"floor":7,"key":"SpeedPotion"},{"floor":10,"key":"Dexterity Potion"},{"floor":18,"key":"Swift Potion"},{"floor":23,"key":"Dexterity Potion"},{"floor":24,"key":"SpeedPotion"},{"floor":29,"key":"AttackPotion"},{"floor":31,"key":"GamblersBrew"},{"floor":33,"key":"FairyPotion"},{"floor":37,"key":"SkillPotion"},{"floor":47,"key":"SpeedPotion"}],"is_trial":false,"path_per_floor":["M","?","M","?","M","E","M","R","T","E","R","M","M","M","R","B",null,"M","M","$","?","?","E","M","M","T","?","M","M","R","M","R","B",null,"M","?","M","?","$","R","?","R","T","R","M","M","M","$","R","B",null],"character_chosen":"IRONCLAD","items_purchased":["Vajra","Blue Candle","Juzu Bracelet","Inflame"],"campfire_rested":2,"item_purchase_floors":[20,39,39,39],"current_hp_per_floor":[78,71,71,71,77,33,29,53,53,38,38,42,35,41,65,42,71,68,42,42,23,23,31,32,34,34,34,34,43,43,49,49,30,49,55,48,52,56,56,56,56,56,56,56,61,61,64,64,64,57],"gold":58,"neow_bonus":"ONE_RANDOM_RARE_CARD","is_prod":false,"is_daily":false,"chose_seed":false,"campfire_upgraded":4,"win_rate":0,"timestamp":1551780755,"path_taken":["M","?","M","?","M","E","M","R","T","E","R","M","M","?","R","BOSS","M","M","$","?","?","E","M","M","T","?","M","?","R","M","R","BOSS","M","?","M","?","$","R","?","R","T","R","M","M","M","?","R","BOSS"],"build_version":"2019-01-23","purchased_purges":2,"victory":true,"max_hp_per_floor":[80,80,80,80,80,80,80,80,80,80,80,80,80,80,80,80,80,86,86,86,92,46,49,49,49,49,49,49,52,52,52,52,55,55,55,55,55,58,58,58,58,58,58,58,61,61,64,64,64,64],"card_choices":[{"not_picked":["Havoc","Pommel Strike"],"picked":"Uppercut","floor":1},{"not_picked":["Pummel","Body Slam"],"picked":"Corruption","floor":3},{"not_picked":["Iron Wave","Entrench"],"picked":"Headbutt","floor":5},{"not_picked":["Uppercut","Rupture"],"picked":"Wild Strike","floor":6},{"not_picked":["Second Wind","Body Slam"],"picked":"Wild Strike","floor":7},{"not_picked":["Pommel Strike","Metallicize"],"picked":"Evolve","floor":10},{"not_picked":["Flex","Bludgeon"],"picked":"Shrug It Off","floor":12},{"not_picked":["Sword Boomerang","Headbutt"],"picked":"Intimidate","floor":13},{"not_picked":["Clothesline","Havoc"],"picked":"Whirlwind","floor":14},{"not_picked":["Havoc","Iron Wave"],"picked":"Rage","floor":15},{"not_picked":["Juggernaut","Berserk"],"picked":"Feed","floor":16},{"not_picked":["Fire Breathing","Twin Strike"],"picked":"Spot Weakness","floor":18},{"not_picked":["Dual Wield","Thunderclap"],"picked":"Armaments","floor":19},{"not_picked":["Shrug It Off","Anger"],"picked":"Double Tap","floor":23},{"not_picked":["Thunderclap","Rage"],"picked":"Shrug It Off","floor":24},{"not_picked":["True Grit","Shrug It Off"],"picked":"Rampage","floor":25},{"not_picked":["Heavy Blade","Anger"],"picked":"Shockwave+1","floor":28},{"not_picked":["Clash","Metallicize"],"picked":"Barricade","floor":29},{"not_picked":["Wild Strike","Clothesline"],"picked":"Battle Trance","floor":31},{"not_picked":["Barricade","Offering"],"picked":"Dark Embrace","floor":33},{"not_picked":["True Grit+1","Sword Boomerang+1"],"picked":"Wild Strike+1","floor":35},{"not_picked":["Warcry","Reckless Charge"],"picked":"Shockwave+1","floor":37},{"not_picked":["Wild Strike","Iron Wave"],"picked":"Disarm+1","floor":38},{"not_picked":["Twin Strike+1","Hemokinesis"],"picked":"Body Slam+1","floor":45},{"not_picked":["Anger+1","Rage"],"picked":"Warcry+1","floor":46},{"not_picked":["Carnage+1","Sword Boomerang"],"picked":"Shrug It Off+1","floor":47}],"player_experience":210153,"relics_obtained":[{"floor":6,"key":"Girya"},{"floor":9,"key":"Gremlin Horn"},{"floor":10,"key":"Dream Catcher"},{"floor":23,"key":"Art of War"},{"floor":26,"key":"Mercury Hourglass"},{"floor":38,"key":"Calipers"},{"floor":43,"key":"Shuriken"}],"event_choices":[{"damage_healed":0,"gold_gain":0,"player_choice":"Success","damage_taken":7,"relics_obtained":["Anchor"],"max_hp_gain":0,"max_hp_loss":0,"event_name":"Scrap Ooze","floor":2,"gold_loss":0},{"damage_healed":0,"gold_gain":0,"player_choice":"Forge","damage_taken":0,"max_hp_gain":0,"max_hp_loss":0,"event_name":"Accursed Blacksmith","floor":4,"gold_loss":0,"cards_upgraded":["Corruption"]},{"damage_healed":0,"gold_gain":0,"player_choice":"Fight","damage_taken":0,"max_hp_gain":0,"max_hp_loss":0,"event_name":"Colosseum","floor":21,"gold_loss":0},{"damage_healed":0,"gold_gain":0,"player_choice":"Fled From Nobs","damage_taken":0,"max_hp_gain":0,"max_hp_loss":0,"event_name":"Colosseum","floor":21,"gold_loss":0},{"damage_healed":0,"gold_gain":0,"player_choice":"Became a Ghost","damage_taken":0,"max_hp_gain":0,"max_hp_loss":46,"event_name":"Ghosts","floor":22,"gold_loss":0,"cards_obtained":["Ghostly","Ghostly","Ghostly","Ghostly","Ghostly"]},{"cards_removed":["Normality"],"damage_healed":0,"gold_gain":0,"player_choice":"Purged","damage_taken":0,"max_hp_gain":0,"max_hp_loss":0,"event_name":"Purifier","floor":27,"gold_loss":0},{"damage_healed":0,"gold_gain":0,"player_choice":"Embrace Madness","damage_taken":7,"max_hp_gain":0,"max_hp_loss":0,"event_name":"Winding Halls","floor":36,"gold_loss":0,"cards_obtained":["Madness","Madness"]},{"damage_healed":0,"gold_gain":0,"player_choice":"Fight","damage_taken":0,"max_hp_gain":0,"max_hp_loss":0,"event_name":"MindBloom","floor":38,"gold_loss":0},{"cards_removed":["Whirlwind"],"damage_healed":0,"gold_gain":0,"player_choice":"Gave Card","damage_taken":0,"relics_obtained":["Boot"],"max_hp_gain":0,"max_hp_loss":0,"event_name":"WeMeetAgain","floor":41,"gold_loss":0}],"is_beta":false,"boss_relics":[{"not_picked":["Busted Crown","White Beast Statue"],"picked":"Cursed Key"},{"not_picked":["Philosopher\u0027s Stone","Runic Pyramid"],"picked":"Black Blood"}],"items_purged_floors":[20,39],"is_endless":false,"potions_floor_spawned":[1,5,7,10,18,23,24,29,31,33,37,47],"ascension_level":6}