{"gold_per_floor":[109,34,109,121,121,121,148,166,238,249,266,266,293,35,35,111,161,174,99,117,117,7,7,34,34,34,48,48],"floor_reached":28,"playtime":2015,"items_purged":[],"score":642,"play_id":"22ee8004-43ee-4bec-b91c-72a49dcf39dd","local_time":"20190407222557","is_ascension_mode":true,"campfire_choices":[{"data":"Zap","floor":6.0,"key":"SMITH"},{"data":"Lockon","floor":12.0,"key":"SMITH"},{"data":"Loop","floor":15.0,"key":"SMITH"},{"floor":23.0,"key":"REST"},{"floor":25.0,"key":"REST"}],"neow_cost":"NONE","seed_source_timestamp":180899859447814,"circlet_count":0,"master_deck":["AscendersBane","Defend_B+1","Defend_B","Defend_B","Defend_B","Zap+1","Dualcast","Go for the Eyes","Cold Snap","Loop","Loop","Loop","Lockon+1","Doom and Gloom+1","Loop+1","Rainbow","Loop","Fusion","Consume","Core Surge"],"special_seed":0,"relics":["Cracked Core","NeowsBlessing","Strawberry","Pear","Ornamental Fan","Lee\u0027s Waffle","Tiny House","Smiling Mask","Incense Burner"],"potions_floor_usage":[28],"damage_taken":[{"damage":0.0,"enemies":"Jaw Worm","floor":1.0,"turns":1.0},{"damage":0.0,"enemies":"2 Louse","floor":4.0,"turns":1.0},{"damage":0.0,"enemies":"Lagavulin","floor":7.0,"turns":1.0},{"damage":21.0,"enemies":"Small Slimes","floor":8.0,"turns":3.0},{"damage":4.0,"enemies":"Exordium Wildlife","floor":10.0,"turns":5.0},{"damage":5.0,"enemies":"Red Slaver","floor":11.0,"turns":3.0},{"damage":37.0,"enemies":"3 Sentries","floor":13.0,"turns":8.0},{"damage":36.0,"enemies":"The Guardian","floor":16.0,"turns":6.0},{"damage":26.0,"enemies":"2 Thieves","floor":18.0,"turns":4.0},{"damage":33.0,"enemies":"3 Byrds","floor":20.0,"turns":5.0},{"damage":58.0,"enemies":"Book of Stabbing","floor":24.0,"turns":5.0},{"damage":12.0,"enemies":"Centurion and Healer","floor":27.0,"turns":6.0},{"damage":50,"enemies":"Slavers","floor":28,"turns":3}],"seed_played":"5785447149501242463","potions_obtained":[{"floor":11.0,"key":"Regen Potion"},{"floor":13.0,"key":"EssenceOfSteel"},{"floor":16.0,"key":"Poison Potion"},{"floor":17.0,"key":"Energy Potion"},{"floor":24.0,"key":"Block Potion"},{"floor":27.0,"key":"SpeedPotion"}],"is_trial":false,"path_per_floor":["M","?","?","M","?","R","E","M","T","M","M","R","E","$","R","B",null,"M","?","M","?","?","R","E","R","T","M","E"],"character_chosen":"DEFECT","items_purchased":["Lee\u0027s Waffle","Loop"],"campfire_rested":2,"item_purchase_floors":[14,14],"current_hp_per_floor":[64,64,53,53,46,46,53,32,42,38,33,33,11,95,95,59,91,65,65,32,52,52,82,24,54,54,42,0],"gold":48,"neow_bonus":"THREE_ENEMY_KILL","is_prod":false,"is_daily":false,"chose_seed":false,"campfire_upgraded":3,"win_rate":0,"timestamp":1554697557,"path_taken":["M","?","?","M","?","R","E","M","T","M","?","R","E","?","R","BOSS","M","?","M","?","?","R","E","R","T","M","E"],"build_version":"2019-04-04","purchased_purges":0,"victory":false,"max_hp_per_floor":[71,71,71,71,71,71,78,78,88,88,88,88,88,95,95,95,100,100,100,100,100,100,100,100,100,100,100,100],"card_choices":[{"not_picked":["Sweeping Beam","Redo"],"picked":"Go for the Eyes","floor":1.0},{"not_picked":["Compile Driver","Streamline"],"picked":"Cold Snap","floor":4.0},{"not_picked":["Sunder","Blizzard"],"picked":"Loop","floor":7.0},{"not_picked":["Cold Snap","Hologram"],"picked":"Loop","floor":8.0},{"not_picked":["Compile Driver","Streamline"],"picked":"Loop","floor":10.0},{"not_picked":["Aggregate","Reboot"],"picked":"Lockon","floor":11.0},{"not_picked":["Beam Cell","Sweeping Beam"],"picked":"Doom and Gloom","floor":13.0},{"not_picked":["All For One","Reboot"],"picked":"Rainbow","floor":16.0},{"not_picked":["Leap","Turbo"],"picked":"Loop","floor":18.0},{"not_picked":["Tempest","Recycle"],"picked":"Fusion","floor":20.0},{"not_picked":["Coolheaded","Ball Lightning"],"picked":"Consume","floor":24.0},{"not_picked":["Darkness","Steam"],"picked":"Core Surge","floor":27.0}],"player_experience":2790575,"relics_obtained":[{"floor":7.0,"key":"Strawberry"},{"floor":9.0,"key":"Pear"},{"floor":13.0,"key":"Ornamental Fan"},{"floor":24.0,"key":"Smiling Mask"},{"floor":26.0,"key":"Incense Burner"}],"event_choices":[{"cards_removed":["Strike_B"],"damage_healed":0.0,"max_hp_gain":0.0,"max_hp_loss":0.0,"gold_gain":0.0,"event_name":"The Cleric","player_choice":"Card Removal","floor":2.0,"gold_loss":75.0,"damage_taken":0.0},{"damage_healed":0.0,"max_hp_gain":0.0,"max_hp_loss":0.0,"gold_gain":75.0,"event_name":"World of Goop","player_choice":"Gather Gold","floor":3.0,"gold_loss":0.0,"damage_taken":11.0},{"cards_removed":["Strike_B"],"damage_healed":0.0,"max_hp_gain":0.0,"max_hp_loss":0.0,"gold_gain":0.0,"event_name":"Golden Wing","player_choice":"Card Removal","floor":5.0,"gold_loss":0.0,"damage_taken":7.0},{"cards_removed":["Strike_B"],"damage_healed":0.0,"max_hp_gain":0.0,"max_hp_loss":0.0,"gold_gain":0.0,"event_name":"Beggar","player_choice":"Gave Gold","floor":19.0,"gold_loss":75.0,"damage_taken":0.0},{"damage_healed":20.0,"max_hp_gain":0.0,"max_hp_loss":0.0,"gold_gain":0.0,"event_name":"The Library","player_choice":"Heal","floor":21.0,"gold_loss":0.0,"damage_taken":0.0},{"cards_removed":["Strike_B"],"damage_healed":0.0,"max_hp_gain":0.0,"max_hp_loss":0.0,"gold_gain":0.0,"event_name":"Designer","player_choice":"Upgrade and Remove","floor":22.0,"gold_loss":110.0,"damage_taken":0.0,"cards_upgraded":["Defend_B"]}],"is_beta":true,"boss_relics":[{"not_picked":["Philosopher\u0027s Stone","Busted Crown"],"picked":"Tiny House"}],"items_purged_floors":[],"is_endless":false,"potions_floor_spawned":[11,13,16,24,27],"killed_by":"Slavers","ascension_level":20}