{"gold_per_floor":[110,58,69,80,80,105,115,115,138,138,172,184,217,233,233,308,308,319,319,319,152,165,165],"floor_reached":23,"playtime":483,"items_purged":[],"score":401,"play_id":"f78ab74f-ed32-455b-91f9-35e452d78f4c","local_time":"20181021084953","is_ascension_mode":true,"campfire_choices":[{"floor":8,"key":"REST"},{"floor":10,"key":"REST"},{"data":"Feed","floor":15,"key":"SMITH"}],"neow_cost":"NONE","seed_source_timestamp":917616007592463,"circlet_count":0,"master_deck":["Strike_R","Strike_R","Strike_R+1","Strike_R+1","Strike_R+1","Defend_R","Defend_R","Defend_R","Defend_R","Bash+1","AscendersBane","Armaments","Cleave","Wild Strike","Cleave","Thunderclap","Perfected Strike","Uppercut","Inflame","Bloodletting+1","Feed+1","Feed","Whirlwind+1","Forethought+1","Finesse+1","Good Instincts+1","Bludgeon","Shrug It Off+1","Flex+1","Iron Wave"],"relics":["Burning Blood","NeowsBlessing","Whetstone","Omamori","Orichalcum","Toxic Egg 2","Eternal Feather"],"potions_floor_usage":[11,11,13],"damage_taken":[{"damage":0,"enemies":"2 Louse","floor":1,"turns":1},{"damage":0,"enemies":"Small Slimes","floor":3,"turns":1},{"damage":0,"enemies":"Cultist","floor":4,"turns":1},{"damage":35,"enemies":"3 Sentries","floor":6,"turns":6},{"damage":11,"enemies":"Blue Slaver","floor":7,"turns":4},{"damage":35,"enemies":"Lagavulin","floor":11,"turns":5},{"damage":5,"enemies":"Gremlin Gang","floor":12,"turns":3},{"damage":0,"enemies":"Gremlin Nob","floor":13,"turns":2},{"damage":0,"enemies":"2 Fungi Beasts","floor":14,"turns":2},{"damage":42,"enemies":"The Guardian","floor":16,"turns":8},{"damage":28,"enemies":"3 Byrds","floor":18,"turns":6},{"damage":11,"enemies":"Shell Parasite","floor":22,"turns":3},{"damage":38,"enemies":"Book of Stabbing","floor":23,"turns":3}],"seed_played":"-4595533617997670862","potions_obtained":[{"floor":6,"key":"FearPotion"},{"floor":7,"key":"Strength Potion"},{"floor":12,"key":"AttackPotion"},{"floor":13,"key":"Ancient Potion"},{"floor":18,"key":"SpeedPotion"}],"is_trial":false,"path_per_floor":["M","$","M","M","?","E","M","R","T","R","E","M","E","M","R","B",null,"M","?","?","$","M"],"character_chosen":"IRONCLAD","items_purchased":["Cleave","Bludgeon","Shrug It Off+1","Flex+1"],"campfire_rested":2,"item_purchase_floors":[2,21,21,21],"current_hp_per_floor":[74,74,75,75,60,31,26,48,48,70,41,42,48,54,54,18,61,43,69,41,41,36,0],"gold":165,"neow_bonus":"THREE_ENEMY_KILL","is_prod":false,"is_daily":false,"chose_seed":false,"campfire_upgraded":1,"win_rate":0,"timestamp":1540136993,"path_taken":["M","$","M","M","?","E","M","R","T","R","E","M","E","M","R","BOSS","M","?","?","$","M","E"],"build_version":"2018-10-18","purchased_purges":0,"victory":false,"max_hp_per_floor":[75,75,75,75,75,75,75,75,75,75,75,75,75,75,75,75,75,79,79,79,79,79,79],"card_choices":[{"not_picked":["Clothesline","Shockwave"],"picked":"Armaments","floor":1},{"not_picked":["Blood for Blood","Armaments"],"picked":"Wild Strike","floor":3},{"not_picked":["Reckless Charge","Headbutt"],"picked":"Cleave","floor":4},{"not_picked":["Barricade","Headbutt"],"picked":"Thunderclap","floor":6},{"not_picked":["Bloodletting","Whirlwind"],"picked":"Perfected Strike","floor":7},{"not_picked":["Heavy Blade","True Grit"],"picked":"Uppercut","floor":11},{"not_picked":["Armaments","Thunderclap"],"picked":"Inflame","floor":12},{"not_picked":["Pommel Strike","Iron Wave"],"picked":"Bloodletting","floor":13},{"not_picked":["Entrench+1","Anger"],"picked":"Feed","floor":14},{"not_picked":["Dark Embrace","Limit Break+1"],"picked":"Feed","floor":16},{"not_picked":["Anger","Pommel Strike"],"picked":"Whirlwind+1","floor":18},{"not_picked":["Burning Pact+1","Anger"],"picked":"Iron Wave","floor":22}],"player_experience":598073,"relics_obtained":[{"floor":6,"key":"Whetstone"},{"floor":9,"key":"Omamori"},{"floor":11,"key":"Orichalcum"},{"floor":13,"key":"Toxic Egg 2"}],"event_choices":[{"damage_healed":0,"gold_gain":0,"player_choice":"Entered Light","damage_taken":15,"max_hp_gain":0,"max_hp_loss":0,"event_name":"Shining Light","floor":5,"gold_loss":0,"cards_upgraded":["Strike_R","Strike_R"]},{"damage_healed":26,"gold_gain":0,"player_choice":"Heal","damage_taken":0,"max_hp_gain":0,"max_hp_loss":0,"event_name":"The Library","floor":19,"gold_loss":0},{"damage_healed":0,"gold_gain":0,"player_choice":"CARD CARD CARD ","damage_taken":28,"max_hp_gain":0,"max_hp_loss":0,"event_name":"Knowing Skull","floor":20,"potions_obtained":[],"gold_loss":0,"cards_obtained":["Forethought","Finesse","Good Instincts"]}],"is_beta":false,"boss_relics":[{"not_picked":["Philosopher\u0027s Stone","Black Blood"],"picked":"Eternal Feather"}],"items_purged_floors":[],"is_endless":false,"potions_floor_spawned":[6,7,12,13,18],"killed_by":"Book of Stabbing","ascension_level":14}