{"gold_per_floor":[112,23,41,60,60,95,95,123,150,150,250,250,250,250,250,346,346,369,24,24,24,24,24,24,43,97,135,147,179,191,203,215,326,338,375,387,524,42,58,94,94,113,113,127,127,150,193,526,526,526],"floor_reached":50,"playtime":3140,"items_purged":[],"score":1060,"play_id":"5203c9fa-cef4-4da7-9ae4-2255825f1592","local_time":"20190317024805","is_ascension_mode":true,"campfire_choices":[{"data":"True Grit","floor":7.0,"key":"SMITH"},{"floor":10.0,"key":"REST"},{"data":"Inflame","floor":15.0,"key":"SMITH"},{"floor":23.0,"key":"REST"},{"floor":28.0,"key":"REST"},{"floor":30.0,"key":"REST"},{"data":"Barricade","floor":32.0,"key":"SMITH"},{"floor":41,"key":"REST"},{"floor":45,"key":"REST"},{"floor":49,"key":"REST"}],"neow_cost":"NONE","seed_source_timestamp":0,"circlet_count":0,"master_deck":["AscendersBane","Defend_R","Defend_R","Defend_R","Defend_R","Bash+1","Metallicize","True Grit+1","Inflame","Pummel","Inflame+1","Twin Strike","Barricade+1","Limit Break+1","Offering+1","Bite","Bite","Bite","Bite","Bite","Entrench","Body Slam","Pummel","Feed","Sword Boomerang","Headbutt","Seeing Red","RitualDagger","Exhume","Cleave+1","Pommel Strike+1","Juggernaut","Heavy Blade+1","Armaments+1","Armaments+1","Flame Barrier","Havoc+1","Flame Barrier","Headbutt+1"],"special_seed":0,"relics":["Black Blood","Anchor","Dream Catcher","Oddly Smooth Stone","Juzu Bracelet","Astrolabe","Regal Pillow","Red Skull","Lantern","MawBank","Du-Vu Doll","Orichalcum","PreservedInsect","Bronze Scales","Thread and Needle","Centennial Puzzle"],"potions_floor_usage":[39,42,47,50,50],"damage_taken":[{"damage":1.0,"enemies":"Cultist","floor":1.0,"turns":4.0},{"damage":5.0,"enemies":"2 Louse","floor":3.0,"turns":4.0},{"damage":9.0,"enemies":"Jaw Worm","floor":4.0,"turns":4.0},{"damage":31.0,"enemies":"Gremlin Nob","floor":6.0,"turns":5.0},{"damage":33.0,"enemies":"Lagavulin","floor":8.0,"turns":9.0},{"damage":32.0,"enemies":"Hexaghost","floor":16.0,"turns":11.0},{"damage":55.0,"enemies":"3 Byrds","floor":18.0,"turns":7.0},{"damage":15.0,"enemies":"Colosseum Slavers","floor":21.0,"turns":5.0},{"damage":10.0,"enemies":"Shell Parasite","floor":25.0,"turns":5.0},{"damage":53.0,"enemies":"Gremlin Leader","floor":27.0,"turns":7.0},{"damage":43.0,"enemies":"Snecko","floor":29.0,"turns":4.0},{"damage":28.0,"enemies":"Champ","floor":33.0,"turns":11.0},{"damage":44.0,"enemies":"3 Shapes","floor":35.0,"turns":5.0},{"damage":18,"enemies":"Mind Bloom Boss Battle","floor":37,"turns":5},{"damage":0,"enemies":"Orb Walker","floor":39,"turns":2},{"damage":16,"enemies":"Giant Head","floor":40,"turns":5},{"damage":15,"enemies":"Sphere and 2 Shapes","floor":42,"turns":3},{"damage":58,"enemies":"Jaw Worm Horde","floor":44,"turns":6},{"damage":38,"enemies":"3 Darklings","floor":46,"turns":7},{"damage":9,"enemies":"Reptomancer","floor":47,"turns":5},{"damage":83,"enemies":"Awakened One","floor":50,"turns":6}],"seed_played":"4364248891857541558","potions_obtained":[{"floor":6.0,"key":"EssenceOfSteel"},{"floor":25.0,"key":"Explosive Potion"},{"floor":29.0,"key":"Explosive Potion"},{"floor":37,"key":"AttackPotion"},{"floor":42,"key":"LiquidBronze"},{"floor":46,"key":"AttackPotion"},{"floor":47,"key":"BloodPotion"}],"is_trial":false,"path_per_floor":["M","$","M","M","T","E","R","E","T","R","?","?","?","?","R","B",null,"M","$","?","?","$","R","?","M","T","E","R","M","R","?","R","B",null,"M","?","?","$","M","E","R","M","T","M","R","M","E","?","R","B"],"character_chosen":"IRONCLAD","items_purchased":["Metallicize","Regal Pillow","Red Skull","Pommel Strike","Orichalcum","PreservedInsect","Juggernaut"],"campfire_rested":7,"item_purchase_floors":[2,19,19,19,38,38,38],"current_hp_per_floor":[80,80,81,78,78,53,53,26,26,50,50,50,50,55,55,29,67,18,18,18,19,19,50,50,50,50,17,48,17,48,42,42,24,47,22,22,22,22,37,37,61,56,56,15,49,33,45,45,64,0],"gold":526,"neow_bonus":"TEN_PERCENT_HP_BONUS","is_prod":false,"is_daily":false,"chose_seed":false,"campfire_upgraded":3,"win_rate":0,"timestamp":1552805285,"path_taken":["M","$","M","M","?","E","R","E","T","R","?","?","?","?","R","BOSS","M","$","?","?","$","R","?","M","T","E","R","M","R","?","R","BOSS","M","?","?","$","M","E","R","M","T","M","R","M","E","?","R","BOSS"],"build_version":"2019-01-23","purchased_purges":0,"victory":false,"max_hp_per_floor":[82,82,82,82,82,82,82,82,82,82,82,82,74,79,79,79,79,79,79,55,55,55,55,55,55,55,55,55,55,55,55,55,55,55,58,58,58,58,61,61,61,61,61,64,64,64,64,64,64,67],"card_choices":[{"not_picked":["Warcry","Bloodletting","Flex"],"picked":"SKIP","floor":1.0},{"not_picked":["Flex","Iron Wave"],"picked":"True Grit","floor":3.0},{"not_picked":["Metallicize","Carnage"],"picked":"Inflame","floor":4.0},{"not_picked":["Headbutt","Rage"],"picked":"Pummel","floor":6.0},{"not_picked":["Rage","Metallicize"],"picked":"Inflame","floor":8.0},{"not_picked":["Warcry","Anger"],"picked":"Twin Strike","floor":10.0},{"not_picked":["Dark Embrace","Offering"],"picked":"Barricade","floor":16.0},{"not_picked":["Searing Blow","Uppercut","Perfected Strike"],"picked":"SKIP","floor":18.0},{"not_picked":["Clash","Iron Wave"],"picked":"Entrench","floor":23.0},{"not_picked":["Anger","Iron Wave"],"picked":"Pummel","floor":25.0},{"not_picked":["Flex","Heavy Blade"],"picked":"Feed","floor":27.0},{"not_picked":["Rupture","Clash"],"picked":"Sword Boomerang","floor":28.0},{"not_picked":["Clash","Heavy Blade"],"picked":"Headbutt","floor":29.0},{"not_picked":["Fire Breathing","Carnage"],"picked":"Seeing Red","floor":30.0},{"not_picked":["Brutality","Offering"],"picked":"Exhume","floor":33.0},{"not_picked":["Inflame","Dual Wield"],"picked":"Cleave+1","floor":35.0},{"not_picked":["Flex","Infernal Blade"],"picked":"Pommel Strike+1","floor":37},{"not_picked":["Headbutt","Thunderclap"],"picked":"Heavy Blade+1","floor":39},{"not_picked":["Berserk","Pommel Strike"],"picked":"Armaments+1","floor":40},{"not_picked":["Rampage","Anger"],"picked":"Armaments+1","floor":41},{"not_picked":["Thunderclap","Sentinel","Warcry+1"],"picked":"SKIP","floor":42},{"not_picked":["Dual Wield","Warcry"],"picked":"Flame Barrier","floor":44},{"not_picked":["Headbutt","Thunderclap"],"picked":"Havoc+1","floor":45},{"not_picked":["Body Slam+1","True Grit+1"],"picked":"Flame Barrier","floor":46},{"not_picked":["Clash","Sword Boomerang","Spot Weakness"],"picked":"SKIP","floor":47},{"not_picked":["Cleave","Whirlwind"],"picked":"Headbutt+1","floor":49}],"player_experience":316473,"relics_obtained":[{"floor":5.0,"key":"Anchor"},{"floor":6.0,"key":"Dream Catcher"},{"floor":8.0,"key":"Oddly Smooth Stone"},{"floor":9.0,"key":"Juzu Bracelet"},{"floor":26.0,"key":"Lantern"},{"floor":27.0,"key":"MawBank"},{"floor":37,"key":"Du-Vu Doll"},{"floor":40,"key":"Bronze Scales"},{"floor":43,"key":"Thread and Needle"},{"floor":47,"key":"Centennial Puzzle"}],"event_choices":[{"damage_healed":0.0,"max_hp_gain":0.0,"max_hp_loss":0.0,"gold_gain":100.0,"event_name":"Wheel of Change","player_choice":"Gold","floor":11.0,"gold_loss":0.0,"damage_taken":0.0},{"damage_healed":0.0,"max_hp_gain":0.0,"max_hp_loss":0.0,"gold_gain":0.0,"event_name":"Living Wall","player_choice":"Grow","floor":12.0,"gold_loss":0.0,"damage_taken":0.0,"cards_upgraded":["Bash"]},{"damage_healed":0.0,"max_hp_gain":0.0,"max_hp_loss":8.0,"gold_gain":0.0,"event_name":"Golden Idol","player_choice":"Lose Max HP","floor":13.0,"gold_loss":0.0,"damage_taken":0.0,"relics_obtained":["Golden Idol"]},{"damage_healed":0.0,"max_hp_gain":5.0,"max_hp_loss":0.0,"gold_gain":0.0,"event_name":"Big Fish","player_choice":"Donut","floor":14.0,"gold_loss":0.0,"damage_taken":0.0},{"damage_healed":0.0,"max_hp_gain":0.0,"max_hp_loss":24.0,"gold_gain":0.0,"event_name":"Vampires","player_choice":"Became a vampire","floor":20.0,"gold_loss":0.0,"damage_taken":0.0,"cards_obtained":["Bite","Bite","Bite","Bite","Bite"]},{"damage_healed":0.0,"max_hp_gain":0.0,"max_hp_loss":0.0,"gold_gain":0.0,"event_name":"Colosseum","player_choice":"Fight","floor":21.0,"gold_loss":0.0,"damage_taken":0.0},{"damage_healed":0.0,"max_hp_gain":0.0,"max_hp_loss":0.0,"gold_gain":0.0,"event_name":"Colosseum","player_choice":"Fled From Nobs","floor":21.0,"gold_loss":0.0,"damage_taken":0.0},{"damage_healed":0.0,"max_hp_gain":0.0,"max_hp_loss":0.0,"gold_gain":0.0,"cards_transformed":["Perfected Strike"],"event_name":"Transmorgrifier","player_choice":"Transformed","floor":24.0,"gold_loss":0.0,"damage_taken":0.0,"cards_obtained":["Body Slam"]},{"damage_healed":0.0,"max_hp_gain":0.0,"max_hp_loss":0.0,"gold_gain":0.0,"event_name":"Nest","player_choice":"Joined the Cult","floor":31.0,"gold_loss":0.0,"damage_taken":6.0,"cards_obtained":["RitualDagger"]},{"cards_removed":["Pommel Strike"],"damage_healed":0,"gold_gain":0,"player_choice":"Purged","damage_taken":0,"max_hp_gain":0,"max_hp_loss":0,"event_name":"Purifier","floor":36,"gold_loss":0},{"damage_healed":0,"gold_gain":0,"player_choice":"Fight","damage_taken":0,"max_hp_gain":0,"max_hp_loss":0,"event_name":"MindBloom","floor":37,"gold_loss":0},{"damage_healed":0,"gold_gain":333,"player_choice":"Gave Idol","damage_taken":0,"max_hp_gain":0,"max_hp_loss":0,"event_name":"The Moai Head","floor":48,"relics_lost":["Golden Idol"],"gold_loss":0}],"is_beta":false,"boss_relics":[{"not_picked":["Pandora\u0027s Box","Runic Cube"],"picked":"Astrolabe"},{"not_picked":["Runic Dome","Lizard Tail"],"picked":"Black Blood"}],"items_purged_floors":[],"is_endless":false,"potions_floor_spawned":[6,25,29,37,42,46,47],"killed_by":"Awakened One","ascension_level":16}