{"gold_per_floor":[118,118,132,132,146,146,146,31,58,83,83,83,112,129,129,208,208,221,121,137,137,137,137,198,210,210,210,210,221,221,221,221,292,292,306,353,366,366,385,385,411,428,507,507,535,535,535,563,563,563,563,563,563,74,99,99],"floor_reached":57,"playtime":5166,"items_purged":["Strike_G","Strike_G"],"score":2828,"play_id":"863a572d-7e7f-43da-b392-a4286f1e4ed1","local_time":"20190405234307","is_ascension_mode":true,"campfire_choices":[{"data":"Noxious Fumes","floor":6.0,"key":"SMITH"},{"data":"Poisoned Stab","floor":11.0,"key":"SMITH"},{"data":"Neutralize","floor":15.0,"key":"SMITH"},{"floor":23.0,"key":"REST"},{"data":"Wraith Form v2","floor":28.0,"key":"SMITH"},{"data":"Catalyst","floor":30.0,"key":"SMITH"},{"data":"Wraith Form v2","floor":32.0,"key":"SMITH"},{"data":"Well Laid Plans","floor":40.0,"key":"SMITH"},{"floor":44.0,"key":"REST"},{"floor":46.0,"key":"RECALL"},{"data":"Wraith Form v2","floor":49.0,"key":"SMITH"},{"floor":53,"key":"REST"}],"neow_cost":"NONE","seed_source_timestamp":8572560907408,"circlet_count":0,"master_deck":["AscendersBane","Defend_G","Defend_G+1","Defend_G","Defend_G","Defend_G+1","Survivor","Neutralize+1","Poisoned Stab+1","Noxious Fumes+1","Well Laid Plans+1","Blur","Noxious Fumes","Backflip","Wraith Form v2+1","PiercingWail","Noxious Fumes","Catalyst+1","Dodge and Roll+1","PiercingWail","Wraith Form v2+1","Corpse Explosion","Acrobatics+1","Crippling Poison","Wraith Form v2+1","Tools of the Trade"],"special_seed":0,"relics":["FaceOfCleric","Juzu Bracelet","Shovel","Bag of Marbles","War Paint","Paper Crane","Snecko Eye","Tiny Chest","Nloth\u0027s Gift","Sozu","Girya","Bag of Preparation","Kunai","Orichalcum","Vajra","TwistedFunnel","Pear","Pantograph"],"potions_floor_usage":[],"damage_taken":[{"damage":0.0,"enemies":"2 Louse","floor":1.0,"turns":5.0},{"damage":1.0,"enemies":"Cultist","floor":3.0,"turns":4.0},{"damage":2.0,"enemies":"Jaw Worm","floor":5.0,"turns":4.0},{"damage":29.0,"enemies":"Lagavulin","floor":10.0,"turns":7.0},{"damage":9.0,"enemies":"3 Sentries","floor":13.0,"turns":7.0},{"damage":3.0,"enemies":"Exordium Wildlife","floor":14.0,"turns":5.0},{"damage":0.0,"enemies":"The Guardian","floor":16.0,"turns":10.0},{"damage":3.0,"enemies":"Spheric Guardian","floor":18.0,"turns":5.0},{"damage":17.0,"enemies":"2 Thieves","floor":20.0,"turns":4.0},{"damage":14.0,"enemies":"Gremlin Leader","floor":24.0,"turns":9.0},{"damage":0.0,"enemies":"Centurion and Healer","floor":25.0,"turns":8.0},{"damage":1.0,"enemies":"Snecko","floor":29.0,"turns":6.0},{"damage":6.0,"enemies":"Collector","floor":33.0,"turns":9.0},{"damage":4.0,"enemies":"Orb Walker","floor":35.0,"turns":7.0},{"damage":3.0,"enemies":"2 Orb Walkers","floor":36.0,"turns":4.0},{"damage":6.0,"enemies":"3 Shapes","floor":37.0,"turns":4.0},{"damage":0.0,"enemies":"Jaw Worm Horde","floor":39.0,"turns":4.0},{"damage":12.0,"enemies":"Nemesis","floor":41.0,"turns":7.0},{"damage":6.0,"enemies":"Maw","floor":42.0,"turns":8.0},{"damage":2.0,"enemies":"Reptomancer","floor":45.0,"turns":6.0},{"damage":4.0,"enemies":"Nemesis","floor":48.0,"turns":7.0},{"damage":3.0,"enemies":"Donu and Deca","floor":50.0,"turns":7.0},{"damage":57,"enemies":"Awakened One","floor":51,"turns":25},{"damage":1,"enemies":"Shield and Spear","floor":55,"turns":6},{"damage":33,"enemies":"The Heart","floor":56,"turns":11}],"seed_played":"4251818164957095986","potions_obtained":[{"floor":1.0,"key":"Regen Potion"},{"floor":13.0,"key":"Weak Potion"},{"floor":16.0,"key":"Poison Potion"},{"floor":20.0,"key":"Dexterity Potion"},{"floor":33.0,"key":"Swift Potion"}],"is_trial":false,"path_per_floor":["M","?","M","?","M","R","T","$","T","E","R","?","E","M","R","B",null,"M","$","M","?","$","R","E","M","T","?","R","M","R","?","R","B",null,"M","?","M","?","M","R","E","M","T","R","E","R","?","E","R","B","B",null,"R","$","E","B",null],"character_chosen":"THE_SILENT","items_purchased":["Well Laid Plans","TwistedFunnel","Pear"],"campfire_rested":3,"item_purchase_floors":[8,54,54],"current_hp_per_floor":[59,59,59,54,53,53,53,53,53,40,40,40,32,30,30,31,62,60,60,44,44,44,66,53,54,54,54,54,54,54,54,54,49,71,68,66,61,61,62,62,51,46,46,71,70,70,70,67,67,65,9,68,88,98,98,67],"gold":99,"neow_bonus":"REMOVE_CARD","is_prod":false,"is_daily":false,"chose_seed":false,"campfire_upgraded":8,"win_rate":0,"timestamp":1554529387,"path_taken":["M","?","?","?","M","R","?","?","T","E","R","?","E","M","R","BOSS","M","$","M","?","$","R","E","M","T","?","R","M","R","?","R","BOSS","M","?","M","?","M","R","E","M","T","R","E","R","?","E","R","BOSS","BOSS","R","$","E","BOSS"],"build_version":"2019-04-04","purchased_purges":2,"victory":true,"max_hp_per_floor":[66,66,67,67,68,68,68,68,68,69,69,69,70,71,71,72,72,73,73,74,74,74,74,75,76,76,76,76,77,77,77,77,78,78,79,80,81,81,82,82,83,84,84,84,85,85,85,86,86,87,88,88,88,98,99,100],"card_choices":[{"not_picked":["Flechettes","Underhanded Strike"],"picked":"Poisoned Stab","floor":1.0},{"not_picked":["Accuracy","Bouncing Flask"],"picked":"Noxious Fumes","floor":3.0},{"not_picked":["Tactician","Calculated Gamble"],"picked":"Escape Plan","floor":5.0},{"not_picked":["Heel Hook","Reflex"],"picked":"Blur","floor":10.0},{"not_picked":["Flechettes","Slice"],"picked":"Noxious Fumes","floor":13.0},{"not_picked":["Flying Knee","Storm of Steel"],"picked":"Backflip","floor":14.0},{"not_picked":["Envenom","Venomology"],"picked":"Wraith Form v2","floor":16.0},{"not_picked":["Slice","Quick Slash","Underhanded Strike"],"picked":"SKIP","floor":18.0},{"not_picked":["Backflip","Acrobatics"],"picked":"PiercingWail","floor":20.0},{"not_picked":["Poisoned Stab","Flying Knee"],"picked":"Dodge and Roll+1","floor":24.0},{"not_picked":["Setup","Acrobatics"],"picked":"PiercingWail","floor":25.0},{"not_picked":["Quick Slash","Prepared","Dodge and Roll"],"picked":"SKIP","floor":29.0},{"not_picked":["After Image","Storm of Steel"],"picked":"Corpse Explosion","floor":33.0},{"not_picked":["Dodge and Roll","Bane","Blade Dance"],"picked":"SKIP","floor":35.0},{"not_picked":["Sucker Punch","Tactician+1"],"picked":"Acrobatics+1","floor":37.0},{"not_picked":["Flying Knee","Sucker Punch","Outmaneuver+1"],"picked":"SKIP","floor":39.0},{"not_picked":["Poisoned Stab","Blade Dance","Slice"],"picked":"SKIP","floor":41.0},{"not_picked":["Backstab","Envenom"],"picked":"Crippling Poison","floor":42.0},{"not_picked":["Blur","Quick Slash+1","Slice"],"picked":"SKIP","floor":45.0},{"not_picked":["Backflip","Caltrops+1"],"picked":"Wraith Form v2","floor":48.0},{"not_picked":["Sucker Punch","Unload"],"picked":"Tools of the Trade","floor":55}],"player_experience":2769713,"relics_obtained":[{"floor":7.0,"key":"Shovel"},{"floor":9.0,"key":"Bag of Marbles"},{"floor":10.0,"key":"War Paint"},{"floor":13.0,"key":"Paper Crane"},{"floor":24.0,"key":"Tiny Chest"},{"floor":36.0,"key":"Girya"},{"floor":41.0,"key":"Bag of Preparation"},{"floor":43.0,"key":"Kunai"},{"floor":45.0,"key":"Orichalcum"},{"floor":48.0,"key":"Vajra"},{"floor":55,"key":"Pantograph"}],"event_choices":[{"damage_healed":0.0,"max_hp_gain":0.0,"max_hp_loss":0.0,"gold_gain":0.0,"event_name":"FaceTrader","player_choice":"Trade","floor":2.0,"gold_loss":0.0,"damage_taken":0.0,"relics_obtained":["FaceOfCleric"]},{"damage_healed":0.0,"max_hp_gain":0.0,"max_hp_loss":0.0,"gold_gain":0.0,"event_name":"Scrap Ooze","player_choice":"Success","floor":4.0,"gold_loss":0.0,"damage_taken":5.0,"relics_obtained":["Juzu Bracelet"]},{"damage_healed":0.0,"max_hp_gain":0.0,"max_hp_loss":0.0,"gold_gain":0.0,"event_name":"Shining Light","player_choice":"Ignored","floor":12.0,"gold_loss":0.0,"damage_taken":0.0},{"damage_healed":0.0,"max_hp_gain":0.0,"max_hp_loss":0.0,"gold_gain":0.0,"cards_transformed":["Strike_G","Strike_G"],"event_name":"Drug Dealer","player_choice":"Became Test Subject","floor":21.0,"gold_loss":0.0,"damage_taken":0.0,"cards_obtained":["Noxious Fumes","Catalyst"]},{"damage_healed":0.0,"max_hp_gain":0.0,"max_hp_loss":0.0,"gold_gain":0.0,"event_name":"N\u0027loth","player_choice":"Traded Relic","floor":27.0,"relics_lost":["Ring of the Snake"],"gold_loss":0.0,"damage_taken":0.0,"relics_obtained":["Nloth\u0027s Gift"]},{"damage_healed":0.0,"max_hp_gain":0.0,"max_hp_loss":0.0,"gold_gain":0.0,"event_name":"The Library","player_choice":"Read","floor":31.0,"gold_loss":0.0,"damage_taken":0.0,"cards_obtained":["Wraith Form v2"]},{"damage_healed":0.0,"max_hp_gain":0.0,"max_hp_loss":0.0,"gold_gain":0.0,"event_name":"Mysterious Sphere","player_choice":"Fight","floor":36.0,"gold_loss":0.0,"damage_taken":0.0},{"cards_removed":["Escape Plan"],"damage_healed":0.0,"max_hp_gain":0.0,"max_hp_loss":0.0,"gold_gain":0.0,"event_name":"Purifier","player_choice":"Purged","floor":38.0,"gold_loss":0.0,"damage_taken":0.0},{"damage_healed":0.0,"max_hp_gain":0.0,"max_hp_loss":0.0,"gold_gain":0.0,"event_name":"Tomb of Lord Red Mask","player_choice":"Ignored","floor":47.0,"gold_loss":0.0,"damage_taken":0.0}],"is_beta":true,"boss_relics":[{"not_picked":["White Beast Statue","Calling Bell"],"picked":"Snecko Eye"},{"not_picked":["Velvet Choker","Fusion Hammer"],"picked":"Sozu"}],"items_purged_floors":[8,19],"is_endless":false,"potions_floor_spawned":[1,13,16,18,20,33,36,39,42],"ascension_level":20}