{"gold_per_floor":[117,117,134,134,17,17,48,73,73,111,136,136,35,55,55,175,238,221,95,95,20,33,33,68,68,68,68,93,93],"floor_reached":29,"playtime":879,"items_purged":[],"score":301,"play_id":"0b2433f9-33a2-464a-a3af-35177986e1a8","local_time":"20181015000236","is_ascension_mode":true,"campfire_choices":[{"data":"Self Repair","floor":12,"key":"SMITH"},{"data":"Jack Of All Trades","floor":15,"key":"SMITH"},{"data":"Heatsinks","floor":23,"key":"SMITH"}],"neow_cost":"NONE","seed_source_timestamp":367180880671966,"circlet_count":0,"master_deck":["Strike_B+1","Strike_B+1","Strike_B+1","Defend_B+1","Defend_B+1","Defend_B+1","Defend_B+1","Zap+1","Dualcast","Self Repair+1","Melter","Jack Of All Trades+1","Go for the Eyes","Heatsinks+1","Gash","Go for the Eyes","Go for the Eyes+1","Heatsinks+1","Beam Cell","Heatsinks+1","Buffer+1","Cold Snap","Stack+1","Defragment+1","Cold Snap","Sweeping Beam","Rebound","J.A.X.","Hologram+1"],"relics":["Cracked Core","Regal Pillow","Golden Idol","Meat on the Bone","Boot","Frozen Egg 2","Tiny House","War Paint","Mercury Hourglass"],"potions_floor_usage":[7,18,18,29],"damage_taken":[{"damage":0,"enemies":"2 Louse","floor":1,"turns":2},{"damage":0,"enemies":"Jaw Worm","floor":3,"turns":3},{"damage":19,"enemies":"Gremlin Nob","floor":7,"turns":4},{"damage":8,"enemies":"Cultist","floor":8,"turns":4},{"damage":25,"enemies":"Lagavulin","floor":10,"turns":5},{"damage":1,"enemies":"Blue Slaver","floor":11,"turns":3},{"damage":10,"enemies":"Exordium Wildlife","floor":14,"turns":3},{"damage":53,"enemies":"Hexaghost","floor":16,"turns":13},{"damage":18,"enemies":"2 Thieves","floor":18,"turns":4},{"damage":6,"enemies":"3 Byrds","floor":22,"turns":3},{"damage":48,"enemies":"Gremlin Leader","floor":24,"turns":10},{"damage":8,"enemies":"3 Cultists","floor":28,"turns":5},{"damage":18,"enemies":"Colosseum Slavers","floor":29,"turns":4},{"damage":54,"enemies":"Colosseum Nobs","floor":29,"turns":4}],"seed_played":"4208491261536559616","potions_obtained":[{"floor":3,"key":"Poison Potion"},{"floor":10,"key":"Weak Potion"},{"floor":14,"key":"GamblersBrew"},{"floor":16,"key":"Poison Potion"},{"floor":24,"key":"Regen Potion"}],"is_trial":false,"path_per_floor":["M","?","M","?","$","?","E","M","T","E","M","R","$","M","R","B",null,"M","$","?","?","M","R","E","?","T","?","M"],"character_chosen":"DEFECT","items_purchased":["Jack Of All Trades","Go for the Eyes","Heatsinks+1","Beam Cell","Defragment+1","Cold Snap"],"campfire_rested":0,"item_purchase_floors":[5,5,13,13,19,19],"current_hp_per_floor":[75,60,67,67,67,67,55,54,54,48,54,54,54,54,54,23,74,56,56,74,74,74,74,48,48,48,48,50,0],"gold":93,"neow_bonus":"RANDOM_COMMON_RELIC","is_prod":false,"is_daily":false,"chose_seed":false,"campfire_upgraded":3,"win_rate":0,"timestamp":1539586956,"path_taken":["M","?","?","?","$","?","E","M","T","E","M","R","?","M","R","BOSS","M","$","?","?","?","R","E","?","T","?","M","?"],"build_version":"2018-10-11","purchased_purges":0,"victory":false,"max_hp_per_floor":[75,75,75,69,69,69,69,69,69,69,69,69,69,69,69,69,74,74,74,74,74,74,74,74,74,74,74,74,74],"card_choices":[{"not_picked":["Turbo","Consume"],"picked":"Self Repair","floor":1},{"not_picked":["Leap","Turbo"],"picked":"Melter","floor":3},{"not_picked":["Sunder","Conserve Battery"],"picked":"Heatsinks","floor":7},{"not_picked":["Turbo","Genetic Algorithm"],"picked":"Gash","floor":8},{"not_picked":["Coolheaded","Seek"],"picked":"Go for the Eyes","floor":10},{"not_picked":["Chaos","Fusion"],"picked":"Go for the Eyes","floor":11},{"not_picked":["Reinforced Body","Force Field"],"picked":"Heatsinks+1","floor":14},{"not_picked":["Creative AI+1","Rainbow"],"picked":"Buffer+1","floor":16},{"not_picked":["Tempest","Compile Driver"],"picked":"Cold Snap","floor":17},{"not_picked":["Steam Power","Aggregate"],"picked":"Stack+1","floor":18},{"not_picked":["Leap","Barrage"],"picked":"Sweeping Beam","floor":22},{"not_picked":["Melter+1","Go for the Eyes"],"picked":"Rebound","floor":24},{"not_picked":["Barrage+1","Double Energy+1"],"picked":"Hologram+1","floor":28}],"player_experience":507289,"relics_obtained":[{"floor":7,"key":"Meat on the Bone"},{"floor":9,"key":"Boot"},{"floor":10,"key":"Frozen Egg 2"},{"floor":24,"key":"War Paint"},{"floor":26,"key":"Mercury Hourglass"}],"event_choices":[{"event_name":"Shining Light","player_choice":"Entered Light","floor":2,"damage_taken":0},{"event_name":"Golden Idol","player_choice":"Lose Max HP","floor":4,"damage_taken":0},{"event_name":"The Cleric","player_choice":"Leave","floor":6,"damage_taken":0},{"event_name":"The Library","player_choice":"Heal","floor":20,"damage_taken":0},{"event_name":"Beggar","player_choice":"Gave Gold","floor":21,"damage_taken":0},{"event_name":"Back to Basics","player_choice":"Simplicity","floor":25,"damage_taken":0},{"event_name":"Drug Dealer","player_choice":"Got JAX","floor":27,"damage_taken":0},{"event_name":"Colosseum","player_choice":"Fight","floor":29,"damage_taken":0},{"event_name":"Colosseum","player_choice":"Fought Nobs","floor":29,"damage_taken":0}],"is_beta":false,"boss_relics":[{"not_picked":["Coffee Dripper","Pandora\u0027s Box"],"picked":"Tiny House"}],"items_purged_floors":[],"is_endless":false,"potions_floor_spawned":[3,10,14,16,24,29],"killed_by":"Colosseum Nobs","ascension_level":4}