{"gold_per_floor":[119,139,139,164,164,164,177,193,271,371,371,391,422,446,446,570,570,588,588,137,137,137,137,170,170,170,270,284,37,52,62,62,161,161,171,189,242,258,273,273,284,284,284,284,284,319,319,319,319,319],"floor_reached":50,"playtime":2146,"items_purged":[],"score":597,"play_id":"2055d88a-f694-4c2e-bee8-3715e1461614","local_time":"20181012054952","is_ascension_mode":false,"campfire_choices":[{"data":"Mind Blast","floor":6,"key":"SMITH"},{"data":"Fission","floor":11,"key":"SMITH"},{"floor":15,"key":"REST"},{"data":"RitualDagger","floor":23,"key":"SMITH"},{"data":"Seek","floor":32,"key":"SMITH"},{"data":"Reboot","floor":40,"key":"SMITH"},{"data":"Rainbow","floor":44,"key":"SMITH"},{"floor":47,"key":"REST"},{"floor":49,"key":"REST"}],"neow_cost":"NONE","seed_source_timestamp":127551383276600,"circlet_count":0,"master_deck":["Defend_B+1","Defend_B","Zap","Dualcast","Double Energy","Gash","Loop","Gash","FTL","Fission+1","Mind Blast+1","Leap","Reboot+1","Rebound","Darkness","Beam Cell","Seek+1","Scrape+1","Gash","Finesse+1","Secret Technique","RitualDagger+1","Conserve Battery+1","Bite","Bite","Bite","Bite","Bite","Beam Cell","Go for the Eyes","Rebound","Ball Lightning+1","Rainbow+1","Parasite","Parasite","Normality","Redo+1","Redo+1","BootSequence+1","Capacitor+1","Barrage+1","Hologram+1","Chill+1"],"relics":["FrozenCore","Bloody Idol","Mercury Hourglass","Nunchaku","Bronze Scales","Gremlin Horn","Calipers","Bottled Flame","Toy Ornithopter","Calling Bell","War Paint","Incense Burner","Sundial","Ginger","Singing Bowl","Darkstone Periapt"],"potions_floor_usage":[16,24,27,27,30,31,33,46,46,48],"damage_taken":[{"damage":5,"enemies":"2 Louse","floor":1,"turns":3},{"damage":0,"enemies":"Small Slimes","floor":2,"turns":2},{"damage":0,"enemies":"Cultist","floor":4,"turns":3},{"damage":3,"enemies":"Lots of Slimes","floor":7,"turns":4},{"damage":6,"enemies":"Exordium Thugs","floor":8,"turns":4},{"damage":16,"enemies":"Large Slime","floor":12,"turns":4},{"damage":8,"enemies":"3 Sentries","floor":13,"turns":4},{"damage":7,"enemies":"2 Fungi Beasts","floor":14,"turns":2},{"damage":31,"enemies":"Hexaghost","floor":16,"turns":7},{"damage":9,"enemies":"Spheric Guardian","floor":18,"turns":4},{"damage":14,"enemies":"Book of Stabbing","floor":24,"turns":4},{"damage":21,"enemies":"Colosseum Slavers","floor":27,"turns":2},{"damage":5,"enemies":"Colosseum Nobs","floor":27,"turns":4},{"damage":0,"enemies":"3 Byrds","floor":28,"turns":3},{"damage":0,"enemies":"Snake Plant","floor":30,"turns":4},{"damage":8,"enemies":"Cultist and Chosen","floor":31,"turns":4},{"damage":64,"enemies":"Champ","floor":33,"turns":9},{"damage":27,"enemies":"3 Darklings","floor":35,"turns":7},{"damage":10,"enemies":"Orb Walker","floor":36,"turns":3},{"damage":15,"enemies":"Mysterious Sphere","floor":37,"turns":4},{"damage":20,"enemies":"Spire Growth","floor":38,"turns":5},{"damage":17,"enemies":"Maw","floor":39,"turns":8},{"damage":4,"enemies":"3 Darklings","floor":41,"turns":4},{"damage":59,"enemies":"Giant Head","floor":46,"turns":9},{"damage":0,"enemies":"2 Orb Walkers","floor":48,"turns":1},{"damage":70,"enemies":"Time Eater","floor":50,"turns":9}],"seed_played":"-3140985407960287994","potions_obtained":[{"floor":2,"key":"SteroidPotion"},{"floor":4,"key":"FearPotion"},{"floor":8,"key":"FearPotion"},{"floor":14,"key":"AttackPotion"},{"floor":18,"key":"Block Potion"},{"floor":27,"key":"SkillPotion"},{"floor":28,"key":"Poison Potion"},{"floor":30,"key":"SkillPotion"},{"floor":38,"key":"GamblersBrew"},{"floor":41,"key":"SneckoOil"},{"floor":45,"key":"SmokeBomb"},{"floor":45,"key":"FearPotion"}],"is_trial":false,"path_per_floor":["M","M","?","M","?","R","M","M","T","?","R","M","E","M","R","B",null,"M","?","$","?","?","R","E","?","T","?","M","$","M","M","R","B",null,"M","M","?","M","M","R","M","?","T","R","?","E","R","E","R"],"character_chosen":"DEFECT","items_purchased":["Finesse","Blood Vial","Secret Technique","Toy Ornithopter","Rebound"],"campfire_rested":3,"item_purchase_floors":[20,20,20,29,29],"current_hp_per_floor":[70,70,69,69,69,69,66,60,60,60,60,44,36,29,49,18,69,60,60,60,60,54,54,47,47,47,46,55,55,69,69,69,23,69,57,56,52,43,41,41,48,48,48,48,48,14,34,41,61,0],"gold":319,"neow_bonus":"TRANSFORM_CARD","is_prod":false,"is_daily":false,"chose_seed":false,"campfire_upgraded":6,"win_rate":0.0,"timestamp":1539348592,"path_taken":["M","M","?","?","?","R","M","M","T","?","R","?","E","M","R","BOSS","M","?","$","?","?","R","E","?","T","?","M","$","M","M","R","BOSS","M","?","?","?","M","R","M","?","T","R","?","E","R","E","R","BOSS"],"build_version":"2018-10-11","purchased_purges":0,"victory":false,"max_hp_per_floor":[75,75,69,69,69,69,69,69,69,69,69,69,69,69,69,69,69,69,69,69,69,69,69,69,69,69,69,69,69,69,69,69,69,69,69,69,69,69,69,69,69,69,69,69,69,69,69,69,69,69],"card_choices":[{"not_picked":["Streamline","Stack"],"picked":"Gash","floor":1},{"not_picked":["Go for the Eyes","Conserve Battery"],"picked":"Loop","floor":2},{"not_picked":["Conserve Battery","Doom and Gloom"],"picked":"Gash","floor":4},{"not_picked":["Heatsinks","Steam Power"],"picked":"Leap","floor":7},{"not_picked":["Undo","Go for the Eyes"],"picked":"Reboot","floor":8},{"not_picked":["Leap","Steam"],"picked":"Rebound","floor":12},{"not_picked":["Undo","Stack"],"picked":"Darkness","floor":13},{"not_picked":["Melter","Static Discharge"],"picked":"Beam Cell","floor":14},{"not_picked":["Fission","Meteor Strike"],"picked":"Seek","floor":16},{"not_picked":["Coolheaded","Stack"],"picked":"Scrape+1","floor":18},{"not_picked":["Lockon+1","Compile Driver+1"],"picked":"Conserve Battery+1","floor":24},{"not_picked":["Chaos","Barrage"],"picked":"Beam Cell","floor":27},{"not_picked":["Loop","Leap"],"picked":"Go for the Eyes","floor":28},{"not_picked":["Redo","Stack"],"picked":"Ball Lightning+1","floor":30},{"not_picked":["Coolheaded","Glacier+1","Turbo"],"picked":"SKIP","floor":31},{"not_picked":["Fission","Thunder Strike"],"picked":"Rainbow","floor":33},{"not_picked":["Self Repair","Coolheaded+1"],"picked":"Redo+1","floor":35},{"not_picked":["Lockon","Reinforced Body+1"],"picked":"Redo+1","floor":36},{"not_picked":["Turbo","Go for the Eyes"],"picked":"BootSequence+1","floor":37},{"not_picked":["Streamline","Sunder"],"picked":"Capacitor+1","floor":38},{"not_picked":["Coolheaded+1","Leap+1"],"picked":"Barrage+1","floor":39},{"not_picked":["Rebound","Redo"],"picked":"Hologram+1","floor":41},{"not_picked":["Chaos","Beam Cell+1"],"picked":"Chill+1","floor":46}],"player_experience":472889,"relics_obtained":[{"floor":9,"key":"Mercury Hourglass"},{"floor":13,"key":"Nunchaku"},{"floor":24,"key":"Bronze Scales"},{"floor":26,"key":"Gremlin Horn"},{"floor":27,"key":"Calipers"},{"floor":27,"key":"Bottled Flame"},{"floor":34,"key":"War Paint"},{"floor":34,"key":"Incense Burner"},{"floor":34,"key":"Sundial"},{"floor":37,"key":"Ginger"},{"floor":43,"key":"Singing Bowl"},{"floor":46,"key":"Darkstone Periapt"}],"event_choices":[{"event_name":"Golden Idol","player_choice":"Lose Max HP","floor":3,"damage_taken":0},{"event_name":"Match and Keep!","player_choice":"3 cards matched","floor":5,"damage_taken":0},{"event_name":"Golden Shrine","player_choice":"Pray","floor":10,"damage_taken":0},{"event_name":"The Library","player_choice":"Read","floor":19,"damage_taken":0},{"event_name":"Forgotten Altar","player_choice":"Gave Idol","floor":21,"damage_taken":0},{"event_name":"Nest","player_choice":"Joined the Cult","floor":22,"damage_taken":0},{"event_name":"Vampires","player_choice":"Became a vampire (Vial)","floor":25,"damage_taken":0},{"event_name":"Colosseum","player_choice":"Fight","floor":27,"damage_taken":0},{"event_name":"Colosseum","player_choice":"Fought Nobs","floor":27,"damage_taken":0},{"event_name":"Mysterious Sphere","player_choice":"Fight","floor":37,"damage_taken":0},{"event_name":"Falling","player_choice":"Removed Skill","floor":42,"damage_taken":0},{"event_name":"The Lab","player_choice":"Got Potions","floor":45,"damage_taken":0}],"is_beta":false,"boss_relics":[{"not_picked":["Sozu","Empty Cage"],"picked":"FrozenCore"},{"not_picked":["Runic Dome","Eternal Feather"],"picked":"Calling Bell"}],"items_purged_floors":[],"is_endless":false,"potions_floor_spawned":[2,4,8,14,18,27,28,30,38,41,48],"killed_by":"Time Eater","ascension_level":0}