{"gold_per_floor":[114,114,129,144,159,189,204,234,259,289,289,319,334,334,334,434,434,449,464,65,65,80,110,125,155,155,170,170,185,215,230,230,330,330,345,351,141,141,156,186,286,316,391,421,421,451,451,481,481,481],"floor_reached":51,"playtime":9769,"items_purged":["Rupture","Twin Strike"],"score":1160,"play_id":"299075a4-eb2e-4520-9f0a-aa99659cf8f7","local_time":"20190407230137","daily_mods":["Insanity","Time Dilation","Elite Swarm"],"is_ascension_mode":false,"campfire_choices":[{"data":"Dark Embrace","floor":11,"key":"SMITH"},{"data":"Corruption","floor":15,"key":"SMITH"},{"data":"Armaments","floor":28,"key":"SMITH"},{"data":"Barricade","floor":32,"key":"SMITH"},{"floor":45,"key":"REST"},{"data":"Demon Form","floor":49,"key":"SMITH"}],"neow_cost":"","seed_source_timestamp":116113232534307,"circlet_count":0,"master_deck":["Battle Trance","Power Through+1","Armaments","Armaments","Twin Strike+1","Burning Pact","Wild Strike","Disarm+1","Sever Soul","Shrug It Off","Warcry","Corruption+1","Cleave","Heavy Blade","Sever Soul","Feel No Pain","Clash","Dropkick","Armaments+1","Warcry","Sever Soul+1","Perfected Strike","Body Slam","Perfected Strike","Flex","Battle Trance","Anger","Carnage","Iron Wave","Cleave","Dual Wield","Reckless Charge","Iron Wave","Carnage","Cleave","Shrug It Off","Clothesline","Flex","Anger","Second Wind","Warcry","Spot Weakness","Shrug It Off","Heavy Blade","Havoc","Flame Barrier","Armaments","Combust","Feel No Pain","Uppercut","Dark Embrace+1","Offering","Impervious","Berserk","Clash","Second Wind","Impervious","Infernal Blade+1","Wild Strike+1","Transmutation","Discovery","Transmutation","Infernal Blade+1","Barricade+1","Carnage","Double Tap","Inflame+1","Headbutt+1","Double Tap","Reaper","Searing Blow+1","Corruption+1","Secret Technique","Mayhem","Purity","Bludgeon","Pommel Strike+1","Brutality","Exhume","Barricade","Flash of Steel","Clothesline","Demon Form+1"],"special_seed":17993,"relics":["Burning Blood","Red Skull","The Courier","Anchor","Oddly Smooth Stone","War Paint","Gambling Chip","Philosopher\u0027s Stone","Lantern","Regal Pillow","Whetstone","Gremlin Horn","Mummified Hand","Mark of Pain","Bird Faced Urn","Membership Card","Paper Frog","Incense Burner","Ornamental Fan","Sundial","Art of War","PreservedInsect","Singing Bowl"],"potions_floor_usage":[8,16,23,25,29,36,36,46,50,50],"damage_taken":[{"damage":3,"enemies":"Jaw Worm","floor":1,"turns":2},{"damage":0,"enemies":"Cultist","floor":3,"turns":2},{"damage":0,"enemies":"Small Slimes","floor":4,"turns":3},{"damage":9,"enemies":"2 Fungi Beasts","floor":5,"turns":2},{"damage":10,"enemies":"3 Sentries","floor":6,"turns":5},{"damage":0,"enemies":"Lots of Slimes","floor":7,"turns":2},{"damage":19,"enemies":"Lagavulin","floor":8,"turns":5},{"damage":12,"enemies":"Gremlin Nob","floor":10,"turns":3},{"damage":15,"enemies":"Lagavulin","floor":12,"turns":6},{"damage":0,"enemies":"Looter","floor":13,"turns":3},{"damage":8,"enemies":"Slime Boss","floor":16,"turns":5},{"damage":0,"enemies":"Chosen","floor":18,"turns":4},{"damage":7,"enemies":"3 Byrds","floor":19,"turns":2},{"damage":6,"enemies":"Cultist and Chosen","floor":22,"turns":5},{"damage":1,"enemies":"Slavers","floor":23,"turns":5},{"damage":6,"enemies":"Snecko","floor":24,"turns":4},{"damage":4,"enemies":"Book of Stabbing","floor":25,"turns":4},{"damage":10,"enemies":"Snake Plant","floor":27,"turns":5},{"damage":9,"enemies":"Sentry and Sphere","floor":29,"turns":3},{"damage":15,"enemies":"Gremlin Leader","floor":30,"turns":6},{"damage":0,"enemies":"Cultist and Chosen","floor":31,"turns":2},{"damage":6,"enemies":"Collector","floor":33,"turns":6},{"damage":0,"enemies":"Orb Walker","floor":35,"turns":3},{"damage":4,"enemies":"2 Orb Walkers","floor":36,"turns":2},{"damage":0,"enemies":"3 Darklings","floor":39,"turns":2},{"damage":0,"enemies":"Nemesis","floor":40,"turns":3},{"damage":0,"enemies":"Mind Bloom Boss Battle","floor":41,"turns":3},{"damage":10,"enemies":"Giant Head","floor":42,"turns":5},{"damage":47,"enemies":"Nemesis","floor":44,"turns":3},{"damage":10,"enemies":"Giant Head","floor":46,"turns":6},{"damage":4,"enemies":"Nemesis","floor":48,"turns":5},{"damage":48,"enemies":"Time Eater","floor":50,"turns":5}],"seed_played":"5152671457844222880","potions_obtained":[{"floor":1,"key":"Poison Potion"},{"floor":5,"key":"FearPotion"},{"floor":6,"key":"BloodPotion"},{"floor":12,"key":"Swift Potion"},{"floor":13,"key":"Block Potion"},{"floor":18,"key":"Swift Potion"},{"floor":27,"key":"SkillPotion"},{"floor":29,"key":"PowerPotion"},{"floor":30,"key":"Poison Potion"},{"floor":33,"key":"Strength Potion"},{"floor":36,"key":"Explosive Potion"},{"floor":42,"key":"FearPotion"},{"floor":44,"key":"Swift Potion"}],"is_trial":false,"path_per_floor":["M","?","M","M","M","E","M","E","T","E","R","E","M","?","R","B",null,"M","M","$","?","M","E","M","E","T","M","R","M","E","M","R","B",null,"M","?","$","?","M","E","?","E","T","E","R","E","?","E","R","B",null],"character_chosen":"IRONCLAD","items_purchased":["Transmutation","Lantern","Discovery","Membership Card"],"campfire_rested":1,"item_purchase_floors":[20,20,20,37],"current_hp_per_floor":[80,80,80,80,77,73,79,74,74,68,68,59,65,65,65,63,80,80,79,79,79,79,80,80,80,80,76,76,73,64,70,70,70,80,80,80,80,70,80,80,80,80,80,42,80,80,80,80,80,48],"gold":481,"neow_bonus":"","is_prod":false,"is_daily":true,"chose_seed":false,"campfire_upgraded":5,"win_rate":0,"timestamp":1554674497,"path_taken":["M","?","?","M","M","E","M","E","T","E","R","E","M","?","R","BOSS","M","M","?","?","M","E","M","E","T","?","R","M","E","M","R","BOSS","M","?","$","?","M","E","?","E","T","E","R","E","?","E","R","BOSS"],"build_version":"2019-01-23","purchased_purges":2,"victory":true,"max_hp_per_floor":[80,80,80,80,80,80,80,80,80,80,80,80,80,80,80,80,80,80,80,80,80,80,80,80,80,80,80,80,80,80,80,80,80,80,80,80,80,80,80,80,80,80,80,80,80,80,80,80,80,80],"card_choices":[{"not_picked":["Clash","Disarm"],"picked":"Armaments","floor":1},{"not_picked":["Clothesline","Pommel Strike"],"picked":"Combust","floor":3},{"not_picked":["Iron Wave","Havoc"],"picked":"Feel No Pain","floor":4},{"not_picked":["Cleave","Shrug It Off"],"picked":"Uppercut","floor":5},{"not_picked":["Juggernaut","Bludgeon"],"picked":"Dark Embrace","floor":6},{"not_picked":["Twin Strike","Dropkick","Cleave"],"picked":"SKIP","floor":7},{"not_picked":["Dark Embrace","Limit Break"],"picked":"Offering","floor":8},{"not_picked":["Limit Break","Offering"],"picked":"Impervious","floor":10},{"not_picked":["Feed","Offering"],"picked":"Berserk","floor":12},{"not_picked":["Feel No Pain","Burning Pact"],"picked":"Clash","floor":13},{"not_picked":["Feed","Limit Break"],"picked":"Impervious","floor":16},{"not_picked":["Battle Trance","Fire Breathing+1"],"picked":"Infernal Blade+1","floor":18},{"not_picked":["Pommel Strike","Bloodletting"],"picked":"Wild Strike+1","floor":19},{"not_picked":["Dual Wield+1","Perfected Strike"],"picked":"Infernal Blade+1","floor":22},{"not_picked":["Reaper","Juggernaut"],"picked":"Barricade","floor":23},{"not_picked":["True Grit","Power Through"],"picked":"Carnage","floor":24},{"not_picked":["Impervious","Offering"],"picked":"Double Tap","floor":25},{"not_picked":["Pommel Strike","Uppercut"],"picked":"Inflame+1","floor":27},{"not_picked":["Thunderclap","Wild Strike"],"picked":"Headbutt+1","floor":29},{"not_picked":["Bludgeon","Impervious"],"picked":"Double Tap","floor":30},{"not_picked":["Hemokinesis","Cleave","Clothesline"],"picked":"SKIP","floor":31},{"not_picked":["Dark Embrace","Bludgeon"],"picked":"Reaper","floor":33},{"not_picked":["Iron Wave+1","Rampage"],"picked":"Searing Blow+1","floor":35},{"not_picked":["Perfected Strike+1","Clash"],"picked":"Corruption+1","floor":36},{"not_picked":["Swift Strike","Dramatic Entrance"],"picked":"Secret Technique","floor":38},{"not_picked":["Trip","Impatience"],"picked":"Mayhem","floor":38},{"not_picked":["PanicButton","Trip"],"picked":"Purity","floor":38},{"not_picked":["Rage","Cleave+1","Thunderclap"],"picked":"SKIP","floor":39},{"not_picked":["Juggernaut","Berserk"],"picked":"Bludgeon","floor":40},{"not_picked":["Hemokinesis+1","Bloodletting"],"picked":"Pommel Strike+1","floor":41},{"not_picked":["Exhume","Immolate"],"picked":"Brutality","floor":42},{"not_picked":["Dark Embrace","Impervious"],"picked":"Exhume","floor":44},{"not_picked":["Exhume","Brutality"],"picked":"Barricade","floor":46},{"not_picked":["Feed","Dark Embrace"],"picked":"Demon Form","floor":48}],"player_experience":70337,"relics_obtained":[{"floor":6,"key":"The Courier"},{"floor":8,"key":"Anchor"},{"floor":9,"key":"Oddly Smooth Stone"},{"floor":10,"key":"War Paint"},{"floor":12,"key":"Gambling Chip"},{"floor":23,"key":"Regal Pillow"},{"floor":25,"key":"Whetstone"},{"floor":26,"key":"Gremlin Horn"},{"floor":30,"key":"Mummified Hand"},{"floor":36,"key":"Bird Faced Urn"},{"floor":40,"key":"Paper Frog"},{"floor":41,"key":"Incense Burner"},{"floor":42,"key":"Ornamental Fan"},{"floor":43,"key":"Sundial"},{"floor":44,"key":"Art of War"},{"floor":46,"key":"PreservedInsect"},{"floor":48,"key":"Singing Bowl"}],"event_choices":[{"cards_removed":["Shockwave"],"damage_healed":0,"gold_gain":0,"player_choice":"Gave Card","damage_taken":0,"relics_obtained":["Red Skull"],"max_hp_gain":0,"max_hp_loss":0,"event_name":"WeMeetAgain","floor":2,"gold_loss":0},{"damage_healed":0,"gold_gain":0,"cards_transformed":["Heavy Blade"],"player_choice":"Transformed","damage_taken":0,"max_hp_gain":0,"max_hp_loss":0,"event_name":"Transmorgrifier","floor":14,"gold_loss":0,"cards_obtained":["Second Wind"]},{"damage_healed":0,"gold_gain":0,"player_choice":"Copied","damage_taken":0,"max_hp_gain":0,"max_hp_loss":0,"event_name":"Duplicator","floor":21,"gold_loss":0,"cards_obtained":["Transmutation"]},{"damage_healed":0,"gold_gain":0,"player_choice":"Fight","damage_taken":0,"max_hp_gain":0,"max_hp_loss":0,"event_name":"Mysterious Sphere","floor":36,"gold_loss":0},{"damage_healed":0,"gold_gain":0,"player_choice":"Memory 3","damage_taken":10,"max_hp_gain":0,"max_hp_loss":0,"event_name":"SensoryStone","floor":38,"gold_loss":0},{"damage_healed":0,"gold_gain":0,"player_choice":"Fight","damage_taken":0,"max_hp_gain":0,"max_hp_loss":0,"event_name":"MindBloom","floor":41,"gold_loss":0},{"damage_healed":0,"gold_gain":0,"player_choice":"2 cards matched","damage_taken":0,"max_hp_gain":0,"max_hp_loss":0,"event_name":"Match and Keep!","floor":47,"gold_loss":0,"cards_obtained":["Flash of Steel","Clothesline"]}],"is_beta":false,"boss_relics":[{"not_picked":["Runic Dome","Coffee Dripper"],"picked":"Philosopher\u0027s Stone"},{"not_picked":["Runic Cube","Tiny House"],"picked":"Mark of Pain"}],"items_purged_floors":[20,37],"is_endless":false,"potions_floor_spawned":[1,5,6,12,13,18,27,29,30,33,36,42,44],"ascension_level":0}