{"gold_per_floor":[112,122,4,24,24,24,40,40,94,123,123,142,142,154,154,228,228,208,208],"floor_reached":19,"playtime":1992,"items_purged":["Strike_B"],"score":338,"play_id":"119d3d27-dbcb-4dfa-9485-976b6e56c91b","local_time":"20190407235926","is_ascension_mode":true,"campfire_choices":[{"floor":6.0,"key":"REST"},{"data":"Genetic Algorithm","floor":11.0,"key":"SMITH"},{"data":"Barrage","floor":13.0,"key":"SMITH"},{"data":"Reinforced Body","floor":15.0,"key":"SMITH"}],"neow_cost":"PERCENT_DAMAGE","seed_source_timestamp":186514071559844,"circlet_count":0,"master_deck":["AscendersBane","Strike_B","Strike_B","Defend_B","Defend_B","Defend_B","Defend_B","Zap","Dualcast","Doom and Gloom+1","Reinforced Body+1","Self Repair","Genetic Algorithm+1","Glacier","Ball Lightning","Barrage+1","Hologram","Biased Cognition","Glacier"],"special_seed":0,"relics":["Cracked Core","Turnip","Bag of Marbles","Orichalcum","Fusion Hammer"],"potions_floor_usage":[],"damage_taken":[{"damage":2.0,"enemies":"Cultist","floor":1.0,"turns":4.0},{"damage":9.0,"enemies":"Small Slimes","floor":2.0,"turns":3.0},{"damage":7.0,"enemies":"Jaw Worm","floor":4.0,"turns":3.0},{"damage":2.0,"enemies":"3 Louse","floor":7.0,"turns":3.0},{"damage":17.0,"enemies":"Lagavulin","floor":10.0,"turns":10.0},{"damage":0.0,"enemies":"2 Fungi Beasts","floor":12.0,"turns":5.0},{"damage":5.0,"enemies":"Large Slime","floor":14.0,"turns":5.0},{"damage":41.0,"enemies":"Slime Boss","floor":16.0,"turns":16.0},{"damage":15.0,"enemies":"2 Thieves","floor":18.0,"turns":4.0},{"damage":16,"enemies":"Colosseum Slavers","floor":19,"turns":4},{"damage":48,"enemies":"Colosseum Nobs","floor":19,"turns":4}],"seed_played":"4094229424267782457","potions_obtained":[{"floor":1.0,"key":"Poison Potion"},{"floor":7.0,"key":"PowerPotion"},{"floor":12.0,"key":"SmokeBomb"},{"floor":14.0,"key":"Energy Potion"}],"is_trial":false,"path_per_floor":["M","M","$","M","?","R","M","?","T","E","R","M","R","M","R","B",null,"M","?"],"character_chosen":"DEFECT","items_purchased":["Self Repair"],"campfire_rested":1,"item_purchase_floors":[3],"current_hp_per_floor":[44,35,35,35,28,49,54,54,54,44,44,51,51,53,53,19,58,50,0],"gold":208,"neow_bonus":"ONE_RARE_RELIC","is_prod":false,"is_daily":false,"chose_seed":false,"campfire_upgraded":3,"win_rate":0,"timestamp":1554703166,"path_taken":["M","M","$","?","?","R","M","?","T","E","R","M","R","M","R","BOSS","M","?"],"build_version":"2019-04-04","purchased_purges":1,"victory":false,"max_hp_per_floor":[71,71,71,71,71,71,71,71,71,71,71,71,71,71,71,71,71,71,71],"card_choices":[{"not_picked":["Conserve Battery","Cold Snap"],"picked":"Doom and Gloom","floor":1.0},{"not_picked":["Gash","Compile Driver"],"picked":"Reinforced Body","floor":2.0},{"not_picked":["Scrape","Compile Driver"],"picked":"Genetic Algorithm","floor":4.0},{"not_picked":["Compile Driver","White Noise"],"picked":"Glacier","floor":7.0},{"not_picked":["Auto Shields","Gash"],"picked":"Ball Lightning","floor":10.0},{"not_picked":["Reprogram","Static Discharge"],"picked":"Barrage","floor":12.0},{"not_picked":["Chaos","Thunder Strike"],"picked":"Hologram","floor":14.0},{"not_picked":["Machine Learning","Buffer"],"picked":"Biased Cognition","floor":16.0},{"not_picked":["Self Repair","Barrage+1"],"picked":"Glacier","floor":18.0}],"player_experience":2795692,"relics_obtained":[{"floor":9.0,"key":"Bag of Marbles"},{"floor":10.0,"key":"Orichalcum"}],"event_choices":[{"cards_removed":["Strike_B"],"damage_healed":0.0,"max_hp_gain":0.0,"max_hp_loss":0.0,"gold_gain":0.0,"event_name":"Golden Wing","player_choice":"Card Removal","floor":5.0,"gold_loss":0.0,"damage_taken":7.0},{"damage_healed":0.0,"max_hp_gain":0.0,"max_hp_loss":0.0,"gold_gain":0.0,"event_name":"Living Wall","player_choice":"Grow","floor":8.0,"gold_loss":0.0,"damage_taken":0.0,"cards_upgraded":["Doom and Gloom"]},{"damage_healed":0,"gold_gain":0,"player_choice":"Fight","damage_taken":0,"max_hp_gain":0,"max_hp_loss":0,"event_name":"Colosseum","floor":19,"gold_loss":0},{"damage_healed":0,"gold_gain":0,"player_choice":"Fought Nobs","damage_taken":0,"max_hp_gain":0,"max_hp_loss":0,"event_name":"Colosseum","floor":19,"gold_loss":0}],"is_beta":true,"boss_relics":[{"not_picked":["Empty Cage","Eternal Feather"],"picked":"Fusion Hammer"}],"items_purged_floors":[3],"is_endless":false,"potions_floor_spawned":[1,7,12,14,19],"killed_by":"Colosseum Nobs","ascension_level":20}