{"gold_per_floor":[115,134,134,6,18,52,52,67,93,93,93,110,110,110,110,188,188,203,203,118,18,18,18,43,43,88,88,120,120,150,25,25,25],"floor_reached":33,"playtime":2017,"items_purged":["Strike_R","Strike_R","Strike_R"],"score":564,"play_id":"7786cbe3-29b3-45f3-8cb0-6ed2bc74cc28","local_time":"20190415201538","is_ascension_mode":true,"campfire_choices":[{"floor":7,"key":"REST"},{"floor":11,"key":"REST"},{"floor":13,"key":"REST"},{"floor":15,"key":"REST"},{"data":"Whirlwind","floor":23,"key":"SMITH"},{"floor":25,"key":"REST"},{"data":"Ghostly","floor":27,"key":"SMITH"},{"floor":29,"key":"REST"},{"floor":32,"key":"REST"}],"neow_cost":"NONE","seed_source_timestamp":0,"circlet_count":0,"master_deck":["AscendersBane","Strike_R","Strike_R","Defend_R","Defend_R","Defend_R","Defend_R+1","Bash","Rampage+1","True Grit+1","Headbutt","Whirlwind+1","Inflame","Headbutt","Immolate","Ghostly Armor","Ghostly+1","Ghostly","Ghostly","Spot Weakness"],"special_seed":0,"relics":["Burning Blood","War Paint","Art of War","Omamori","WingedGreaves","Cursed Key","Potion Belt","Ginger","Regal Pillow","Blood Vial","Shuriken"],"potions_floor_usage":[16,16,28,30,33],"damage_taken":[{"damage":11,"enemies":"Jaw Worm","floor":1,"turns":4},{"damage":12,"enemies":"Cultist","floor":2,"turns":4},{"damage":4,"enemies":"Small Slimes","floor":5,"turns":3},{"damage":54,"enemies":"Lagavulin","floor":6,"turns":9},{"damage":32,"enemies":"Exordium Wildlife","floor":8,"turns":5},{"damage":27,"enemies":"Large Slime","floor":12,"turns":6},{"damage":22,"enemies":"Slime Boss","floor":16,"turns":9},{"damage":43,"enemies":"2 Thieves","floor":18,"turns":4},{"damage":12,"enemies":"Slavers","floor":24,"turns":5},{"damage":24,"enemies":"Gremlin Leader","floor":28,"turns":7},{"damage":27,"enemies":"Slavers","floor":30,"turns":5},{"damage":101,"enemies":"Automaton","floor":33,"turns":6}],"seed_played":"-4049793194794540292","potions_obtained":[{"floor":1,"key":"SteroidPotion"},{"floor":6,"key":"PowerPotion"},{"floor":24,"key":"Explosive Potion"},{"floor":28,"key":"Weak Potion"},{"floor":30,"key":"FearPotion"}],"is_trial":false,"path_per_floor":["M","M","?","$","M","E","R","M","T","?","R","M","R","?","R","B",null,"M","?","?","$","?","R","E","R","T","R","E","R","E","$","R","B"],"character_chosen":"IRONCLAD","items_purchased":["Headbutt"],"campfire_rested":7,"item_purchase_floors":[4],"current_hp_per_floor":[70,64,64,64,66,18,42,16,16,16,40,19,43,43,67,51,74,37,37,37,37,28,28,22,35,35,35,17,45,25,25,46,0],"gold":25,"neow_bonus":"TEN_PERCENT_HP_BONUS","is_prod":false,"is_daily":false,"chose_seed":false,"campfire_upgraded":2,"win_rate":0,"timestamp":1555373738,"path_taken":["M","M","?","$","?","E","R","M","T","?","R","?","R","?","R","BOSS","M","?","?","$","?","R","E","R","T","R","E","R","E","?","R","BOSS"],"build_version":"2019-01-23","purchased_purges":3,"victory":false,"max_hp_per_floor":[82,82,82,82,82,82,82,82,82,82,82,82,82,82,82,82,82,82,41,41,41,46,46,46,46,46,46,46,46,46,46,46,46],"card_choices":[{"not_picked":["Fire Breathing","Shrug It Off"],"picked":"Rampage","floor":1},{"not_picked":["Anger","Sword Boomerang"],"picked":"True Grit","floor":2},{"not_picked":["Infernal Blade","Intimidate"],"picked":"Whirlwind","floor":5},{"not_picked":["Iron Wave","Clash"],"picked":"Inflame","floor":6},{"not_picked":["True Grit","Exhume"],"picked":"Headbutt","floor":8},{"not_picked":["Blood for Blood","Corruption","Warcry"],"picked":"SKIP","floor":12},{"not_picked":["Berserk","Impervious"],"picked":"Immolate","floor":16},{"not_picked":["Heavy Blade","Anger"],"picked":"Ghostly Armor","floor":18},{"not_picked":["True Grit","Evolve","Infernal Blade"],"picked":"SKIP","floor":24},{"not_picked":["Warcry","Twin Strike"],"picked":"Spot Weakness","floor":28},{"not_picked":["Rage","Warcry","Armaments"],"picked":"SKIP","floor":30}],"player_experience":364962,"relics_obtained":[{"floor":3,"key":"War Paint"},{"floor":6,"key":"Art of War"},{"floor":9,"key":"Omamori"},{"floor":24,"key":"Ginger"},{"floor":26,"key":"Regal Pillow"},{"floor":28,"key":"Blood Vial"},{"floor":30,"key":"Shuriken"}],"event_choices":[{"damage_healed":0,"gold_gain":0,"player_choice":"Relic","damage_taken":0,"max_hp_gain":0,"max_hp_loss":0,"event_name":"Wheel of Change","floor":3,"gold_loss":0},{"damage_healed":0,"gold_gain":0,"player_choice":"Forge","damage_taken":0,"max_hp_gain":0,"max_hp_loss":0,"event_name":"Accursed Blacksmith","floor":10,"gold_loss":0,"cards_upgraded":["Rampage"]},{"damage_healed":0,"gold_gain":0,"player_choice":"Box","damage_taken":0,"relics_obtained":["WingedGreaves"],"max_hp_gain":0,"max_hp_loss":0,"event_name":"Big Fish","floor":14,"gold_loss":0,"cards_obtained":["Regret"]},{"damage_healed":0,"gold_gain":0,"player_choice":"Became a Ghost","damage_taken":0,"max_hp_gain":0,"max_hp_loss":41,"event_name":"Ghosts","floor":19,"gold_loss":0,"cards_obtained":["Ghostly","Ghostly","Ghostly"]},{"damage_healed":0,"gold_gain":0,"player_choice":"Obtained Relic","damage_taken":0,"relics_obtained":["Potion Belt"],"max_hp_gain":0,"max_hp_loss":0,"event_name":"Addict","floor":20,"gold_loss":85},{"damage_healed":0,"gold_gain":0,"player_choice":"Shed Blood","damage_taken":14,"max_hp_gain":5,"max_hp_loss":0,"event_name":"Forgotten Altar","floor":22,"gold_loss":0}],"is_beta":false,"boss_relics":[{"not_picked":["Philosopher\u0027s Stone","White Beast Statue"],"picked":"Cursed Key"}],"items_purged_floors":[4,21,31],"is_endless":false,"potions_floor_spawned":[1,6,12,24,28,30],"killed_by":"Automaton","ascension_level":18}