{"gold_per_floor":[116,130,130,54,70,70,103,103,103,103,135,135,148,161,161,265,265,285,298,311,311,331,331],"floor_reached":23,"playtime":1408,"items_purged":[],"score":485,"play_id":"9d05fe7c-a2fd-4dbf-95f1-520dcf49c99d","local_time":"20190314044707","is_ascension_mode":true,"campfire_choices":[{"data":"Bash","floor":6,"key":"SMITH"},{"floor":8,"key":"REST"},{"data":"Corruption","floor":10,"key":"SMITH"},{"floor":15,"key":"REST"}],"neow_cost":"NONE","seed_source_timestamp":0,"circlet_count":0,"master_deck":["AscendersBane","Strike_R","Strike_R","Strike_R","Strike_R","Strike_R","Defend_R","Defend_R","Defend_R","Defend_R","Bash+1","Brutality","Rampage","Corruption+1","Rupture+1","Blood for Blood","Headbutt","Sword Boomerang","Sentinel","Uppercut","Iron Wave","Feed","Whirlwind","Shrug It Off","Pommel Strike","Anger"],"special_seed":0,"relics":["Burning Blood","Dream Catcher","Kunai","Anchor","Cursed Key"],"potions_floor_usage":[11,11,16,22,23],"damage_taken":[{"damage":14,"enemies":"Jaw Worm","floor":1,"turns":5},{"damage":3,"enemies":"Cultist","floor":2,"turns":3},{"damage":4,"enemies":"Small Slimes","floor":5,"turns":4},{"damage":56,"enemies":"3 Sentries","floor":7,"turns":8},{"damage":26,"enemies":"Gremlin Nob","floor":11,"turns":4},{"damage":4,"enemies":"Looter","floor":13,"turns":3},{"damage":13,"enemies":"2 Fungi Beasts","floor":14,"turns":4},{"damage":33,"enemies":"Hexaghost","floor":16,"turns":7},{"damage":3,"enemies":"Chosen","floor":18,"turns":4},{"damage":3,"enemies":"3 Byrds","floor":19,"turns":5},{"damage":31,"enemies":"Cultist and Chosen","floor":20,"turns":6},{"damage":50,"enemies":"Snake Plant","floor":22,"turns":6},{"damage":50,"enemies":"Slavers","floor":23,"turns":5}],"seed_played":"-8853689014832465163","potions_obtained":[{"floor":1,"key":"Weak Potion"},{"floor":5,"key":"Swift Potion"},{"floor":7,"key":"AttackPotion"},{"floor":14,"key":"LiquidBronze"},{"floor":18,"key":"Ancient Potion"},{"floor":20,"key":"BloodPotion"}],"is_trial":false,"path_per_floor":["M","M","?","$","M","R","E","R","T","R","E","?","M","M","R","B",null,"M","M","M","?","M","E"],"character_chosen":"IRONCLAD","items_purchased":["Rupture"],"campfire_rested":2,"item_purchase_floors":[4],"current_hp_per_floor":[64,67,72,72,74,74,24,49,49,49,29,29,31,24,49,22,69,72,75,50,78,34,0],"gold":331,"neow_bonus":"ONE_RANDOM_RARE_CARD","is_prod":false,"is_daily":false,"chose_seed":false,"campfire_upgraded":2,"win_rate":0,"timestamp":1552553227,"path_taken":["M","M","?","$","M","R","E","R","T","R","E","?","M","M","R","BOSS","M","M","?","?","M","E"],"build_version":"2019-01-23","purchased_purges":0,"victory":false,"max_hp_per_floor":[80,80,85,85,85,85,85,85,85,85,85,85,85,85,85,85,85,85,85,85,85,85,88],"card_choices":[{"not_picked":["Pommel Strike","Clash"],"picked":"Rampage","floor":1},{"not_picked":["Pummel","Body Slam"],"picked":"Corruption","floor":2},{"not_picked":["Burning Pact","Heavy Blade"],"picked":"Blood for Blood","floor":5},{"not_picked":["Barricade","Ghostly Armor"],"picked":"Headbutt","floor":7},{"not_picked":["Sentinel","Wild Strike"],"picked":"Sword Boomerang","floor":8},{"not_picked":["Wild Strike","Corruption"],"picked":"Sentinel","floor":11},{"not_picked":["Thunderclap","Havoc","Hemokinesis"],"picked":"SKIP","floor":13},{"not_picked":["Brutality","Body Slam"],"picked":"Uppercut","floor":14},{"not_picked":["Wild Strike","Combust"],"picked":"Iron Wave","floor":15},{"not_picked":["Barricade","Fiend Fire"],"picked":"Feed","floor":16},{"not_picked":["Uppercut","Pommel Strike"],"picked":"Whirlwind","floor":18},{"not_picked":["Iron Wave","Thunderclap"],"picked":"Shrug It Off","floor":19},{"not_picked":["Perfected Strike","Fire Breathing"],"picked":"Pommel Strike","floor":20},{"not_picked":["Warcry","Shrug It Off"],"picked":"Anger","floor":22}],"player_experience":286761,"relics_obtained":[{"floor":7,"key":"Dream Catcher"},{"floor":9,"key":"Kunai"},{"floor":11,"key":"Anchor"}],"event_choices":[{"damage_healed":0,"gold_gain":0,"player_choice":"Donut","damage_taken":0,"max_hp_gain":5,"max_hp_loss":0,"event_name":"Big Fish","floor":3,"gold_loss":0},{"damage_healed":0,"gold_gain":0,"player_choice":"Forge","damage_taken":0,"max_hp_gain":0,"max_hp_loss":0,"event_name":"Accursed Blacksmith","floor":12,"gold_loss":0,"cards_upgraded":["Rupture"]},{"damage_healed":28,"gold_gain":0,"player_choice":"Heal","damage_taken":0,"max_hp_gain":0,"max_hp_loss":0,"event_name":"The Library","floor":21,"gold_loss":0}],"is_beta":false,"boss_relics":[{"not_picked":["Runic Dome","Eternal Feather"],"picked":"Cursed Key"}],"items_purged_floors":[],"is_endless":false,"potions_floor_spawned":[1,5,7,14,18,20],"killed_by":"Slavers","ascension_level":12}