{"gold_per_floor":[115,130,205,163,180,213,226,226,226,226,253,325,350,350,350,424,424,437,134,59,77,91,91],"floor_reached":23,"playtime":2629,"items_purged":["Strike_B"],"score":412,"play_id":"e7a0de06-df66-4fec-8c38-41fec7f53f50","local_time":"20190412135312","is_ascension_mode":true,"campfire_choices":[{"floor":8,"key":"REST"},{"data":"Zap","floor":10,"key":"SMITH"},{"data":"Go for the Eyes","floor":15,"key":"SMITH"}],"neow_cost":"NONE","seed_source_timestamp":15341765935342,"circlet_count":0,"master_deck":["AscendersBane","Strike_B","Strike_B","Defend_B","Defend_B","Defend_B","Defend_B","Zap+1","Dualcast","Streamline","Self Repair","Self Repair","Doom and Gloom","Undo","Go for the Eyes+1","Compile Driver","Creative AI","White Noise","White Noise","Hologram"],"relics":["Cracked Core","Gremlin Horn","Matryoshka","Pear","Ornamental Fan","Cursed Key","ClockworkSouvenir"],"potions_floor_usage":[6,11,13,22,23],"damage_taken":[{"damage":2,"enemies":"2 Louse","floor":1,"turns":3},{"damage":2,"enemies":"Small Slimes","floor":2,"turns":3},{"damage":9,"enemies":"Jaw Worm","floor":5,"turns":4},{"damage":45,"enemies":"3 Sentries","floor":6,"turns":7},{"damage":12,"enemies":"Large Slime","floor":7,"turns":6},{"damage":19,"enemies":"Lagavulin","floor":11,"turns":7},{"damage":31,"enemies":"Gremlin Nob","floor":13,"turns":5},{"damage":27,"enemies":"Hexaghost","floor":16,"turns":9},{"damage":40,"enemies":"3 Byrds","floor":18,"turns":6},{"damage":24,"enemies":"Shell Parasite","floor":21,"turns":9},{"damage":34,"enemies":"Sentry and Sphere","floor":22,"turns":5},{"damage":40,"enemies":"Slavers","floor":23,"turns":2}],"seed_played":"-2080596604413442941","potions_obtained":[{"floor":5,"key":"Strength Potion"},{"floor":7,"key":"Dexterity Potion"},{"floor":11,"key":"SkillPotion"},{"floor":21,"key":"Fruit Juice"},{"floor":22,"key":"SkillPotion"}],"is_trial":false,"path_per_floor":["M","M","?","$","M","E","M","R","T","R","E","?","E","?","R","B",null,"M","$","?","M","M","E"],"character_chosen":"DEFECT","items_purchased":["Self Repair","ClockworkSouvenir"],"campfire_rested":1,"item_purchase_floors":[4,19],"current_hp_per_floor":[69,67,56,56,54,23,25,48,48,48,53,53,29,29,29,16,70,58,58,58,62,40,0],"gold":91,"neow_bonus":"TEN_PERCENT_HP_BONUS","is_prod":false,"is_daily":false,"chose_seed":false,"campfire_upgraded":2,"win_rate":0,"timestamp":1555073592,"path_taken":["M","M","?","$","M","E","M","R","T","R","E","?","E","?","R","BOSS","M","$","?","M","M","E"],"build_version":"2019-01-23","purchased_purges":1,"victory":false,"max_hp_per_floor":[78,78,78,78,78,78,78,78,78,78,88,88,88,88,88,88,88,88,88,88,88,93,93],"card_choices":[{"not_picked":["Go for the Eyes","Barrage"],"picked":"Streamline","floor":1},{"not_picked":["Turbo","Double Energy","Redo"],"picked":"SKIP","floor":2},{"not_picked":["Barrage","Loop"],"picked":"Self Repair","floor":5},{"not_picked":["Redo","Heatsinks"],"picked":"Doom and Gloom","floor":6},{"not_picked":["Coolheaded","Storm"],"picked":"Undo","floor":7},{"not_picked":["Compile Driver","Melter"],"picked":"Go for the Eyes","floor":11},{"not_picked":["Hyperbeam","Streamline"],"picked":"Compile Driver","floor":13},{"not_picked":["Core Surge","Machine Learning"],"picked":"Creative AI","floor":16},{"not_picked":["Recycle","Rebound"],"picked":"White Noise","floor":18},{"not_picked":["Double Energy","Fusion"],"picked":"White Noise","floor":21},{"not_picked":["Ball Lightning+1","Go for the Eyes"],"picked":"Hologram","floor":22}],"player_experience":1034046,"relics_obtained":[{"floor":6,"key":"Gremlin Horn"},{"floor":9,"key":"Matryoshka"},{"floor":11,"key":"Pear"},{"floor":13,"key":"Ornamental Fan"}],"event_choices":[{"damage_healed":0,"gold_gain":75,"player_choice":"Gather Gold","damage_taken":11,"max_hp_gain":0,"max_hp_loss":0,"event_name":"World of Goop","floor":3,"gold_loss":0},{"damage_healed":0,"gold_gain":72,"player_choice":"Gained Gold","damage_taken":0,"max_hp_gain":0,"max_hp_loss":0,"event_name":"Golden Wing","floor":12,"gold_loss":0},{"damage_healed":0,"gold_gain":0,"player_choice":"Ignored","damage_taken":0,"max_hp_gain":0,"max_hp_loss":0,"event_name":"Shining Light","floor":14,"gold_loss":0},{"cards_removed":["Strike_B"],"damage_healed":0,"gold_gain":0,"player_choice":"Gave Gold","damage_taken":0,"max_hp_gain":0,"max_hp_loss":0,"event_name":"Beggar","floor":20,"gold_loss":75}],"is_beta":false,"boss_relics":[{"not_picked":["Pandora\u0027s Box","Black Star"],"picked":"Cursed Key"}],"items_purged_floors":[19],"is_endless":false,"potions_floor_spawned":[5,7,11,21,22],"killed_by":"Slavers","ascension_level":17}