{"gold_per_floor":[118,25,25,45,45,45,45,84,84,2,2,2,2,21,21,142,142,161,1,1,25,43,43,43],"floor_reached":24,"playtime":712,"items_purged":[],"score":250,"play_id":"ec02e376-7d38-4e1d-a675-e906129dfbf0","local_time":"20181016115735","is_ascension_mode":true,"campfire_choices":[{"data":"Zap","floor":6,"key":"SMITH"},{"floor":12,"key":"REST"},{"data":"Scrape","floor":15,"key":"SMITH"},{"floor":23,"key":"REST"}],"neow_cost":"NONE","seed_source_timestamp":496646325338633,"circlet_count":0,"master_deck":["Strike_B","Strike_B","Defend_B","Defend_B","Defend_B","Zap+1","Dualcast","Sweeping Beam","FTL","Rebound","Loop+1","Self Repair","Scrape+1","Gash","Defragment","Amplify","Static Discharge","Defragment","FTL","Hologram","Beam Cell","Scrape+1"],"relics":["Cracked Core","Golden Idol","WingedGreaves","Centennial Puzzle","Empty Cage"],"potions_floor_usage":[14,22,24],"damage_taken":[{"damage":6,"enemies":"Cultist","floor":1,"turns":3},{"damage":7,"enemies":"Jaw Worm","floor":4,"turns":2},{"damage":35,"enemies":"Lagavulin","floor":8,"turns":6},{"damage":0,"enemies":"2 Louse","floor":14,"turns":2},{"damage":9,"enemies":"Slime Boss","floor":16,"turns":8},{"damage":25,"enemies":"Shell Parasite","floor":18,"turns":4},{"damage":24,"enemies":"Chosen","floor":21,"turns":4},{"damage":29,"enemies":"Centurion and Healer","floor":22,"turns":6},{"damage":39,"enemies":"Gremlin Leader","floor":24,"turns":5}],"seed_played":"7751553171260361656","potions_obtained":[{"floor":4,"key":"Block Potion"},{"floor":21,"key":"EssenceOfSteel"},{"floor":22,"key":"SteroidPotion"}],"is_trial":false,"path_per_floor":["M","$","?","M","?","R","?","E","T","$","?","R","$","M","R","B",null,"M","$","?","M","M","R"],"character_chosen":"DEFECT","items_purchased":["FTL","Rebound","Scrape","Gash","Defragment","FTL","Hologram"],"campfire_rested":2,"item_purchase_floors":[2,2,10,10,19,19,19],"current_hp_per_floor":[62,62,62,55,55,55,55,20,20,20,20,40,40,47,47,38,61,50,50,50,33,11,31,0],"gold":43,"neow_bonus":"REMOVE_CARD","is_prod":false,"is_daily":false,"chose_seed":false,"campfire_upgraded":2,"win_rate":0,"timestamp":1539716255,"path_taken":["M","$","?","M","?","R","?","E","T","?","?","R","$","M","R","BOSS","M","$","?","M","?","R","E"],"build_version":"2018-10-11","purchased_purges":0,"victory":false,"max_hp_per_floor":[75,75,69,69,69,69,69,69,69,69,69,69,69,69,69,69,69,69,69,69,69,69,69,69],"card_choices":[{"not_picked":["Cold Snap","Storm"],"picked":"Sweeping Beam","floor":1},{"not_picked":["Coolheaded","Double Energy"],"picked":"Loop","floor":4},{"not_picked":["Turbo","Sunder"],"picked":"Self Repair","floor":8},{"not_picked":["Lockon","Conserve Battery"],"picked":"Defragment","floor":14},{"not_picked":["Core Surge","Fission"],"picked":"Amplify","floor":16},{"not_picked":["Streamline","Beam Cell"],"picked":"Static Discharge","floor":18},{"not_picked":["Fusion","Rebound"],"picked":"Beam Cell","floor":21},{"not_picked":["Hello World","BootSequence"],"picked":"Scrape+1","floor":22}],"player_experience":531136,"relics_obtained":[{"floor":8,"key":"WingedGreaves"},{"floor":9,"key":"Centennial Puzzle"}],"event_choices":[{"event_name":"Golden Idol","player_choice":"Lose Max HP","floor":3,"damage_taken":0},{"event_name":"Living Wall","player_choice":"Grow","floor":5,"damage_taken":0},{"event_name":"Golden Wing","player_choice":"Ignored","floor":7,"damage_taken":0},{"event_name":"Shining Light","player_choice":"Ignored","floor":11,"damage_taken":0},{"event_name":"Vampires","player_choice":"Ignored","floor":20,"damage_taken":0}],"is_beta":false,"boss_relics":[{"not_picked":["Philosopher\u0027s Stone","Runic Pyramid"],"picked":"Empty Cage"}],"items_purged_floors":[],"is_endless":false,"potions_floor_spawned":[4,21,22],"killed_by":"Gremlin Leader","ascension_level":6}