{"path_per_floor":["M","M","?","M","M","E","R","$","T","M","M","R","E","$","R","B",null,"M","M","?"],"character_chosen":"THE_SILENT","items_purchased":["Anchor","Backstab","Caltrops"],"gold_per_floor":[113,129,204,218,238,266,266,10,10,30,46,46,79,0,0,95,95,109,119,44],"floor_reached":21,"campfire_rested":2,"playtime":1033,"current_hp_per_floor":[69,68,57,49,39,17,38,38,38,38,38,59,51,51,51,25,70,41,28,28],"items_purged":["Strike_G"],"gold":44,"score":229,"play_id":"6ce3c42c-a3be-4d50-bb8a-6a542a429b7a","is_prod":false,"is_daily":false,"is_ascension_mode":true,"campfire_upgraded":1,"path_taken":["M","M","?","M","?","E","R","?","T","?","M","R","E","$","R","BOSS","M","M","?","M"],"build_version":"2018-02-12-PROD1","purchased_purges":1,"victory":false,"master_deck":["Defend_G","Defend_G","Defend_G","Defend_G","Strike_G","Strike_G","Strike_G","Strike_G","Survivor","Neutralize","Heel Hook","A Thousand Cuts","Quick Slash","Quick Slash","Backstab","Crippling Poison+1","Prepared","Accuracy","Caltrops","Envenom","Quick Slash","Backstab"],"max_hp_per_floor":[70,70,70,70,70,70,70,70,70,70,70,70,70,70,70,70,70,70,70,70],"relics":["Ring of the Snake","Lantern","Anchor","Frozen Eye","Meat on the Bone","Sozu"],"card_choices":[{"not_picked":["PiercingWail","Outmaneuver"],"picked":"Heel Hook"},{"not_picked":["Sucker Punch","Flying Knee"],"picked":"A Thousand Cuts"},{"not_picked":["Reflex","Caltrops"],"picked":"Quick Slash"},{"not_picked":["Bane","Underhanded Strike"],"picked":"Quick Slash"},{"not_picked":["Bouncing Flask","Choke"],"picked":"Crippling Poison"},{"not_picked":["Slice","Bane"],"picked":"Prepared"},{"not_picked":["Prepared","Backflip"],"picked":"Accuracy"},{"not_picked":["Phantasmal Killer","Wraith Form"],"picked":"Envenom"},{"not_picked":["Bane","Prepared"],"picked":"Quick Slash"},{"not_picked":["Dagger Throw","Endless Agony"],"picked":"Backstab"}],"player_experience":112636,"potions_floor_usage":[13,13,16,16],"damage_taken":[{"damage":1,"enemies":"Jaw Worm","floor":1,"turns":6},{"damage":1,"enemies":"2 Louse","floor":2,"turns":3},{"damage":8,"enemies":"Small Slimes","floor":4,"turns":5},{"damage":10,"enemies":"Red Slaver","floor":5,"turns":5},{"damage":22,"enemies":"3 Sentries","floor":6,"turns":8},{"damage":0,"enemies":"Looter","floor":10,"turns":3},{"damage":0,"enemies":"3 Louse","floor":11,"turns":2},{"damage":8,"enemies":"Lagavulin","floor":13,"turns":6},{"damage":38,"enemies":"Hexaghost","floor":16,"turns":9},{"damage":41,"enemies":"Chosen","floor":18,"turns":6},{"damage":25,"enemies":"Shell Parasite","floor":19,"turns":6},{"damage":19,"enemies":"Centurion and Healer","floor":21,"turns":3}],"event_choices":[{"event_name":"World of Goop","player_choice":"Gather Gold","floor":3,"damage_taken":0},{"event_name":"Beggar","player_choice":"Gave Gold","floor":20,"damage_taken":0}],"boss_relics":[{"not_picked":["Philosopher\u0027s Stone","Question Card"],"picked":"Sozu"}],"potions_floor_spawned":[5,6,10,13,18,19],"seed_played":"-5643078000285640091","killed_by":"Centurion and Healer","ascension_level":4,"is_trial":false}