{"gold_per_floor":[142,31,43,43,59,59,74,105,128,128,128,147,147,73,73,73],"floor_reached":16,"playtime":358,"items_purged":[],"score":170,"play_id":"40fa22af-f222-4384-90c9-8dc08c4060d0","local_time":"20181104015701","is_ascension_mode":true,"campfire_choices":[{"data":"Caltrops","floor":6,"key":"SMITH"},{"data":"Noxious Fumes","floor":11,"key":"SMITH"},{"floor":15,"key":"REST"}],"neow_cost":"NONE","seed_source_timestamp":2102576483494505,"circlet_count":0,"master_deck":["AscendersBane","Defend_G","Defend_G","Defend_G","Defend_G","Defend_G","Strike_G","Strike_G","Strike_G","Strike_G","Strike_G","Survivor","Neutralize","PiercingWail","Leg Sweep","Caltrops+1","Crippling Poison+1","Deflect","Noxious Fumes+1","Sucker Punch","Poisoned Stab","Bouncing Flask"],"relics":["Ring of the Snake","Tiny Chest","Vajra","Oddly Smooth Stone","Question Card"],"potions_floor_usage":[],"damage_taken":[{"damage":6,"enemies":"Cultist","floor":1,"turns":4},{"damage":2,"enemies":"Jaw Worm","floor":3,"turns":5},{"damage":5,"enemies":"Small Slimes","floor":5,"turns":5},{"damage":12,"enemies":"Red Slaver","floor":7,"turns":6},{"damage":15,"enemies":"Lagavulin","floor":8,"turns":9},{"damage":14,"enemies":"Exordium Thugs","floor":12,"turns":4},{"damage":26,"enemies":"The Guardian","floor":16,"turns":6}],"seed_played":"-1552582709963136276","potions_obtained":[{"floor":5,"key":"EssenceOfSteel"},{"floor":7,"key":"SpeedPotion"}],"is_trial":false,"path_per_floor":["M","$","M","?","M","R","M","E","T","?","R","M","T","$","R","B"],"character_chosen":"THE_SILENT","items_purchased":["Leg Sweep","Caltrops","Bouncing Flask"],"campfire_rested":1,"item_purchase_floors":[2,2,14],"current_hp_per_floor":[53,53,51,51,46,46,34,19,19,19,19,5,5,5,24,0],"gold":73,"neow_bonus":"RANDOM_COMMON_RELIC","is_prod":false,"is_daily":false,"chose_seed":false,"campfire_upgraded":2,"win_rate":0,"timestamp":1541321821,"path_taken":["M","?","M","?","M","R","M","E","T","?","R","?","?","$","R","BOSS"],"build_version":"2018-11-01","purchased_purges":0,"victory":false,"max_hp_per_floor":[66,66,66,66,66,66,66,66,66,66,66,66,66,66,66,66],"card_choices":[{"not_picked":["Choke","Blade Dance"],"picked":"PiercingWail","floor":1},{"not_picked":["Slice","Sucker Punch"],"picked":"Crippling Poison","floor":3},{"not_picked":["Choke","Dagger Throw"],"picked":"Deflect","floor":5},{"not_picked":["Underhanded Strike","Poisoned Stab"],"picked":"Noxious Fumes","floor":7},{"not_picked":["Accuracy","Skewer"],"picked":"Sucker Punch","floor":8},{"not_picked":["Dagger Throw","Flying Knee"],"picked":"Poisoned Stab","floor":12}],"player_experience":851829,"relics_obtained":[{"floor":8,"key":"Vajra"},{"floor":9,"key":"Oddly Smooth Stone"},{"floor":13,"key":"Question Card"}],"event_choices":[{"damage_healed":0,"gold_gain":0,"player_choice":"Ignored","damage_taken":0,"max_hp_gain":0,"max_hp_loss":0,"event_name":"Liars Game","floor":4,"gold_loss":0},{"damage_healed":0,"gold_gain":0,"player_choice":"Upgraded","damage_taken":0,"max_hp_gain":0,"max_hp_loss":0,"event_name":"Upgrade Shrine","floor":10,"gold_loss":0,"cards_upgraded":["Crippling Poison"]}],"is_beta":false,"boss_relics":[],"items_purged_floors":[],"is_endless":false,"potions_floor_spawned":[5,7],"killed_by":"The Guardian","ascension_level":14}