{"gold_per_floor":[118,12,12,25,2,2,22,22,22,22,22,48,58,75,75,149,149,166,60,150,167,177,177,34,60,60,60,87,97,97,117,117,194,194,214,227,502,519,519,519],"floor_reached":40,"playtime":7918,"items_purged":[],"score":720,"play_id":"868e5a4f-1ba7-42f3-a914-3b22f9fb8fb5","local_time":"20181029221414","is_ascension_mode":true,"campfire_choices":[{"floor":6,"key":"REST"},{"data":"Bouncing Flask","floor":8,"key":"SMITH"},{"data":"Adrenaline","floor":11,"key":"SMITH"},{"floor":15,"key":"REST"},{"floor":23,"key":"REST"},{"floor":30,"key":"REST"},{"floor":32,"key":"REST"}],"neow_cost":"PERCENT_DAMAGE","seed_source_timestamp":1649661687418273,"circlet_count":0,"master_deck":["Defend_G","Defend_G","Defend_G","Defend_G","Strike_G","Strike_G","Strike_G","Strike_G","Survivor","Neutralize","AscendersBane","Adrenaline+1","Cloak And Dagger","Backflip","Quick Slash","Prepared","Dagger Throw","Bouncing Flask+1","Flying Knee","Leg Sweep","Slice","Doppelganger","Terror","Well Laid Plans","Bane","Quick Slash","Deadly Poison","Noxious Fumes+1","Deadly Poison","Dash","Poisoned Stab","Tools of the Trade","Escape Plan","Terror","Regret","PiercingWail+1"],"relics":["Ring of the Snake","Meat on the Bone","Torii","Fusion Hammer","Snake Skull","Bag of Marbles","Mango","Darkstone Periapt","Snecko Eye"],"potions_floor_usage":[12,18,28,33,35,40],"damage_taken":[{"damage":4,"enemies":"Small Slimes","floor":1,"turns":4},{"damage":2,"enemies":"Cultist","floor":4,"turns":4},{"damage":1,"enemies":"Jaw Worm","floor":7,"turns":4},{"damage":9,"enemies":"3 Sentries","floor":12,"turns":7},{"damage":7,"enemies":"Exordium Thugs","floor":13,"turns":3},{"damage":0,"enemies":"Large Slime","floor":14,"turns":3},{"damage":11,"enemies":"Hexaghost","floor":16,"turns":9},{"damage":2,"enemies":"Shell Parasite","floor":18,"turns":4},{"damage":20,"enemies":"Spheric Guardian","floor":21,"turns":4},{"damage":20,"enemies":"Shelled Parasite and Fungi","floor":22,"turns":5},{"damage":20,"enemies":"Gremlin Leader","floor":28,"turns":6},{"damage":25,"enemies":"Snake Plant","floor":29,"turns":4},{"damage":15,"enemies":"Snecko","floor":31,"turns":5},{"damage":61,"enemies":"Champ","floor":33,"turns":10},{"damage":6,"enemies":"3 Shapes","floor":35,"turns":4},{"damage":35,"enemies":"3 Darklings","floor":36,"turns":5},{"damage":22,"enemies":"Maw","floor":38,"turns":8},{"damage":49,"enemies":"Reptomancer","floor":40,"turns":2}],"seed_played":"-8119903762529949321","potions_obtained":[{"floor":1,"key":"Weak Potion"},{"floor":4,"key":"Explosive Potion"},{"floor":12,"key":"Ancient Potion"},{"floor":14,"key":"LiquidBronze"},{"floor":22,"key":"Poison Potion"},{"floor":29,"key":"Explosive Potion"},{"floor":33,"key":"Weak Potion"},{"floor":38,"key":"SkillPotion"}],"is_trial":false,"path_per_floor":["M","$","?","M","$","R","M","R","T","?","R","E","M","M","R","B",null,"M","$","?","M","M","R","$","T","T","?","E","M","R","M","R","B",null,"M","M","?","M","?"],"character_chosen":"THE_SILENT","items_purchased":["Backflip","Quick Slash","Dagger Throw","Well Laid Plans","Bane","Snake Skull"],"campfire_rested":5,"item_purchase_floors":[2,2,5,19,19,24],"current_hp_per_floor":[41,41,34,32,32,53,52,52,52,52,52,43,36,36,57,46,64,62,62,48,40,32,53,53,53,67,67,47,34,59,44,69,20,68,62,39,45,35,35,0],"gold":519,"neow_bonus":"THREE_RARE_CARDS","is_prod":false,"is_daily":false,"chose_seed":false,"campfire_upgraded":2,"win_rate":0,"timestamp":1540876454,"path_taken":["M","$","?","?","$","R","?","R","T","?","R","E","M","M","R","BOSS","M","$","?","M","M","R","$","?","T","?","E","?","R","M","R","BOSS","M","M","?","M","?","E"],"build_version":"2018-10-25v2","purchased_purges":0,"victory":false,"max_hp_per_floor":[70,70,70,70,70,70,70,70,70,70,70,70,70,70,70,70,70,70,70,70,70,70,70,70,70,84,84,84,84,84,84,84,84,84,84,84,90,90,90,90],"card_choices":[{"not_picked":["Unload","Bullet Time"],"picked":"Adrenaline","floor":0},{"not_picked":["Tactician","Catalyst"],"picked":"Cloak And Dagger","floor":1},{"not_picked":["Underhanded Strike","Outmaneuver"],"picked":"Prepared","floor":4},{"not_picked":["Blade Dance","Flechettes"],"picked":"Bouncing Flask","floor":7},{"not_picked":["Dagger Spray","Flechettes"],"picked":"Flying Knee","floor":12},{"not_picked":["Distraction","Bane"],"picked":"Leg Sweep","floor":13},{"not_picked":["Cloak And Dagger","Setup"],"picked":"Slice","floor":14},{"not_picked":["Envenom","Burst"],"picked":"Doppelganger","floor":16},{"not_picked":["Calculated Gamble","Acrobatics"],"picked":"Terror","floor":18},{"not_picked":["Blade Dance","Acrobatics"],"picked":"Quick Slash","floor":21},{"not_picked":["Slice","PiercingWail"],"picked":"Deadly Poison","floor":22},{"not_picked":["Deflect","Distraction"],"picked":"Deadly Poison","floor":28},{"not_picked":["Choke","Glass Knife"],"picked":"Dash","floor":29},{"not_picked":["Tactician","Sucker Punch"],"picked":"Poisoned Stab","floor":31},{"not_picked":["Bullet Time","Doppelganger"],"picked":"Tools of the Trade","floor":33},{"not_picked":["Quick Slash","Setup"],"picked":"Escape Plan","floor":35},{"not_picked":["Dagger Throw","Caltrops"],"picked":"Terror","floor":36},{"not_picked":["Bane","Cloak And Dagger"],"picked":"PiercingWail+1","floor":38}],"player_experience":742045,"relics_obtained":[{"floor":9,"key":"Meat on the Bone"},{"floor":12,"key":"Torii"},{"floor":25,"key":"Bag of Marbles"},{"floor":26,"key":"Mango"},{"floor":28,"key":"Darkstone Periapt"}],"event_choices":[{"cards_removed":["Strike_G"],"damage_healed":0,"gold_gain":0,"player_choice":"Card Removal","damage_taken":7,"max_hp_gain":0,"max_hp_loss":0,"event_name":"Golden Wing","floor":3,"gold_loss":0},{"cards_removed":["Defend_G"],"damage_healed":0,"gold_gain":0,"player_choice":"Offered Basic","damage_taken":0,"max_hp_gain":0,"max_hp_loss":0,"event_name":"Bonfire Elementals","floor":10,"gold_loss":0},{"damage_healed":0,"gold_gain":90,"player_choice":"GOLD ","damage_taken":14,"max_hp_gain":0,"max_hp_loss":0,"event_name":"Knowing Skull","floor":20,"potions_obtained":[],"gold_loss":0,"cards_obtained":[]},{"damage_healed":0,"gold_gain":0,"player_choice":"Read","damage_taken":0,"max_hp_gain":0,"max_hp_loss":0,"event_name":"The Library","floor":27,"gold_loss":0,"cards_obtained":["Noxious Fumes"]},{"damage_healed":0,"gold_gain":275,"player_choice":"Desecrate","damage_taken":0,"max_hp_gain":0,"max_hp_loss":0,"event_name":"Golden Shrine","floor":37,"gold_loss":0,"cards_obtained":["Regret"]},{"damage_healed":0,"gold_gain":0,"player_choice":"Upgraded","damage_taken":0,"max_hp_gain":0,"max_hp_loss":0,"event_name":"Upgrade Shrine","floor":39,"gold_loss":0,"cards_upgraded":["Noxious Fumes"]}],"is_beta":false,"boss_relics":[{"not_picked":["Runic Dome","Coffee Dripper"],"picked":"Fusion Hammer"},{"not_picked":["WristBlade","HoveringKite"],"picked":"Snecko Eye"}],"items_purged_floors":[],"is_endless":false,"potions_floor_spawned":[1,4,12,14,22,29,31,33,38],"killed_by":"Reptomancer","ascension_level":13}