{"gold_per_floor":[118,131,18,18,33,50,114,114,192,192,192],"floor_reached":11,"playtime":290,"items_purged":[],"score":117,"play_id":"3f9bdf8c-99be-491c-ab49-c69eed9a5931","local_time":"20190203200808","is_ascension_mode":true,"campfire_choices":[{"floor":10,"key":"REST"}],"neow_cost":"NONE","seed_source_timestamp":0,"circlet_count":0,"master_deck":["AscendersBane","Defend_G","Defend_G","Defend_G","Defend_G","Strike_G","Strike_G","Strike_G","Strike_G","Strike_G","Survivor","Neutralize","Dodge and Roll","Crippling Poison","Well Laid Plans","Acrobatics","Bouncing Flask","Blur","Dagger Spray"],"special_seed":0,"relics":["Ring of the Snake","NeowsBlessing","Art of War","Bottled Tornado"],"potions_floor_usage":[7,7],"damage_taken":[{"damage":0.0,"enemies":"Small Slimes","floor":1.0,"turns":1.0},{"damage":0.0,"enemies":"2 Louse","floor":2.0,"turns":1.0},{"damage":0.0,"enemies":"Jaw Worm","floor":5.0,"turns":1.0},{"damage":6.0,"enemies":"Blue Slaver","floor":6.0,"turns":6.0},{"damage":31,"enemies":"Lagavulin Event","floor":7,"turns":6},{"damage":38,"enemies":"3 Sentries","floor":11,"turns":7}],"seed_played":"-8052665217109885644","potions_obtained":[{"floor":1.0,"key":"FearPotion"},{"floor":5.0,"key":"AttackPotion"}],"is_trial":false,"path_per_floor":["M","M","$","?","M","M","?","?","T","R","E"],"character_chosen":"THE_SILENT","items_purchased":["Well Laid Plans","Acrobatics"],"campfire_rested":1,"item_purchase_floors":[3,3],"current_hp_per_floor":[59,59,59,52,52,46,15,15,15,34,0],"gold":192,"neow_bonus":"THREE_ENEMY_KILL","is_prod":false,"is_daily":false,"chose_seed":false,"campfire_upgraded":0,"win_rate":0,"timestamp":1549253288,"path_taken":["M","M","$","?","M","M","?","?","T","R","E"],"build_version":"2019-01-23","purchased_purges":0,"victory":false,"max_hp_per_floor":[66,66,66,66,66,66,66,66,66,66,66],"card_choices":[{"not_picked":["Finisher","Dagger Throw"],"picked":"Dodge and Roll","floor":1.0},{"not_picked":["Flechettes","Endless Agony"],"picked":"Crippling Poison","floor":2.0},{"not_picked":["Quick Slash","Deflect"],"picked":"Bouncing Flask","floor":5.0},{"not_picked":["Endless Agony","Blade Dance"],"picked":"Blur","floor":6},{"not_picked":["Cloak And Dagger","Deflect"],"picked":"Dagger Spray","floor":7}],"player_experience":1096076,"relics_obtained":[{"floor":7,"key":"Art of War"},{"floor":9,"key":"Bottled Tornado"}],"event_choices":[{"cards_removed":["Defend_G"],"damage_healed":0.0,"max_hp_gain":0.0,"max_hp_loss":0.0,"gold_gain":0.0,"event_name":"Golden Wing","player_choice":"Card Removal","floor":4.0,"gold_loss":0.0,"damage_taken":7.0},{"damage_healed":0,"gold_gain":0,"player_choice":"Searched \u00271\u0027 times","damage_taken":0,"max_hp_gain":0,"max_hp_loss":0,"event_name":"Dead Adventurer","floor":7,"gold_loss":0},{"damage_healed":0,"gold_gain":0,"player_choice":"Ignored","damage_taken":0,"max_hp_gain":0,"max_hp_loss":0,"event_name":"Liars Game","floor":8,"gold_loss":0}],"is_beta":false,"boss_relics":[],"items_purged_floors":[],"is_endless":false,"potions_floor_spawned":[1,5],"killed_by":"3 Sentries","ascension_level":17}