{"gold_per_floor":[115,115,115,138,138,138,174,174,174,174,198,229,250,268,268,394,394,409,334],"floor_reached":19,"playtime":415,"items_purged":[],"score":212,"play_id":"5fcfe54a-73d8-492d-8803-37c9157c55ca","local_time":"20181015084557","is_ascension_mode":true,"campfire_choices":[{"data":"Hyperbeam","floor":6,"key":"SMITH"},{"data":"Hologram","floor":8,"key":"SMITH"},{"data":"Zap","floor":10,"key":"SMITH"},{"floor":15,"key":"REST"}],"neow_cost":"NONE","seed_source_timestamp":399047741072688,"circlet_count":0,"master_deck":["Strike_B","Strike_B","Strike_B","Strike_B","Defend_B","Defend_B","Defend_B","Defend_B","Zap+1","Dualcast","Cold Snap","Steam","Gash","Hologram+1","Gash","Hyperbeam+1","Ball Lightning","Regret","Beam Cell","White Noise","Gash","Rebound","Rebound","Buffer","Rebound"],"relics":["Orrery","Golden Idol","Sundial","Symbiotic Virus","Question Card","Happy Flower","Black Star"],"potions_floor_usage":[19,19],"damage_taken":[{"damage":0,"enemies":"Cultist","floor":1,"turns":4},{"damage":0,"enemies":"Jaw Worm","floor":4,"turns":3},{"damage":17,"enemies":"3 Sentries","floor":7,"turns":4},{"damage":1,"enemies":"Small Slimes","floor":11,"turns":2},{"damage":9,"enemies":"Gremlin Nob","floor":12,"turns":3},{"damage":0,"enemies":"2 Fungi Beasts","floor":13,"turns":1},{"damage":10,"enemies":"3 Louse","floor":14,"turns":2},{"damage":28,"enemies":"Hexaghost","floor":16,"turns":8},{"damage":46,"enemies":"Shell Parasite","floor":18,"turns":5},{"damage":28,"enemies":"2 Thieves","floor":19,"turns":3}],"seed_played":"-328652049219644088","potions_obtained":[{"floor":3,"key":"EssenceOfSteel"},{"floor":3,"key":"FearPotion"},{"floor":3,"key":"EntropicBrew"},{"floor":7,"key":"EssenceOfSteel"}],"is_trial":false,"path_per_floor":["M","?","?","M","?","R","E","R","T","R","M","E","M","M","R","B",null,"M"],"character_chosen":"DEFECT","items_purchased":[],"campfire_rested":1,"item_purchase_floors":[],"current_hp_per_floor":[75,69,69,69,69,69,52,52,52,52,51,42,42,32,52,24,69,23,0],"gold":334,"neow_bonus":"BOSS_RELIC","is_prod":false,"is_daily":false,"chose_seed":false,"campfire_upgraded":3,"win_rate":0,"timestamp":1539618357,"path_taken":["M","?","?","M","?","R","E","R","T","R","?","E","M","M","R","BOSS","M","M"],"build_version":"2018-10-11","purchased_purges":0,"victory":false,"max_hp_per_floor":[75,69,69,69,69,69,69,69,69,69,69,69,69,69,69,69,69,69,69],"card_choices":[{"not_picked":["Hologram","Coolheaded"],"picked":"Cold Snap","floor":0},{"not_picked":["Compile Driver","Leap"],"picked":"Steam","floor":0},{"not_picked":["Leap","Stack"],"picked":"Gash","floor":0},{"not_picked":["White Noise","Redo"],"picked":"Hologram","floor":0},{"not_picked":["Genetic Algorithm","White Noise"],"picked":"Gash","floor":0},{"not_picked":["Loop","Coolheaded"],"picked":"Hyperbeam","floor":1},{"not_picked":["Turbo","Force Field"],"picked":"Ball Lightning","floor":4},{"not_picked":["Force Field","Ball Lightning"],"picked":"Beam Cell","floor":7},{"not_picked":["Storm","Defragment","Steam"],"picked":"White Noise","floor":11},{"not_picked":["Genetic Algorithm","Heatsinks","Steam"],"picked":"Gash","floor":12},{"not_picked":["Loop","Sunder","Gash"],"picked":"Rebound","floor":13},{"not_picked":["Stack","Ball Lightning","BootSequence"],"picked":"Rebound","floor":14},{"not_picked":["Core Surge","Machine Learning","Seek"],"picked":"Buffer","floor":16},{"not_picked":["Hologram","Sweeping Beam+1","Steam Power"],"picked":"Rebound","floor":18}],"player_experience":511238,"relics_obtained":[{"floor":7,"key":"Symbiotic Virus"},{"floor":9,"key":"Question Card"},{"floor":12,"key":"Happy Flower"}],"event_choices":[{"event_name":"Golden Idol","player_choice":"Lose Max HP","floor":2,"damage_taken":0},{"event_name":"The Lab","player_choice":"Got Potions","floor":3,"damage_taken":0},{"event_name":"Big Fish","player_choice":"Box","floor":5,"damage_taken":0}],"is_beta":false,"boss_relics":[{"not_picked":["Velvet Choker","Astrolabe"],"picked":"Black Star"}],"items_purged_floors":[],"is_endless":false,"potions_floor_spawned":[7,16],"killed_by":"2 Thieves","ascension_level":4}