{"gold_per_floor":[111,186,196,137,149,178,178,211,236,253,287,287,298,53,53,152,152,168,179,179,139,155,155,155],"floor_reached":24,"playtime":1620,"items_purged":["Strike_B"],"score":346,"play_id":"642303d0-7674-4b56-b563-74cb6245e8d0","local_time":"20190402153906","is_ascension_mode":true,"campfire_choices":[{"data":"Zap","floor":7,"key":"SMITH"},{"floor":12,"key":"REST"},{"data":"Dualcast","floor":15,"key":"SMITH"},{"data":"Recycle","floor":23,"key":"SMITH"}],"neow_cost":"NONE","seed_source_timestamp":369191198663809,"circlet_count":0,"master_deck":["AscendersBane","Strike_B+1","Strike_B+1","Strike_B+1","Defend_B+1","Defend_B+1","Defend_B+1","Defend_B+1","Zap+1","Dualcast+1","Rip and Tear","Self Repair","Ball Lightning+1","Core Surge","Conserve Battery+1","Cold Snap","Compile Driver","Stack","Creative AI","Turbo","Go for the Eyes","Recycle+1"],"relics":["Cracked Core","NeowsBlessing","Orichalcum","Potion Belt","Letter Opener","Omamori","Unceasing Top","Oddly Smooth Stone","Philosopher\u0027s Stone"],"potions_floor_usage":[8,16,19,24,24],"damage_taken":[{"damage":0,"enemies":"Small Slimes","floor":1,"turns":1},{"damage":0,"enemies":"Jaw Worm","floor":3,"turns":1},{"damage":0,"enemies":"Cultist","floor":5,"turns":1},{"damage":24,"enemies":"Lagavulin","floor":6,"turns":7},{"damage":16,"enemies":"Gremlin Nob","floor":8,"turns":4},{"damage":14,"enemies":"Lots of Slimes","floor":10,"turns":3},{"damage":23,"enemies":"3 Sentries","floor":11,"turns":5},{"damage":2,"enemies":"Large Slime","floor":13,"turns":4},{"damage":15,"enemies":"Slime Boss","floor":16,"turns":8},{"damage":8,"enemies":"Chosen","floor":18,"turns":4},{"damage":26,"enemies":"3 Byrds","floor":19,"turns":4},{"damage":0,"enemies":"Centurion and Healer","floor":22,"turns":4},{"damage":56,"enemies":"Gremlin Leader","floor":24,"turns":5}],"seed_played":"-7298125892516043565","potions_obtained":[{"floor":5,"key":"Block Potion"},{"floor":10,"key":"FearPotion"},{"floor":16,"key":"Poison Potion"},{"floor":19,"key":"Dexterity Potion"},{"floor":22,"key":"SpeedPotion"}],"is_trial":false,"path_per_floor":["M","?","M","?","M","E","R","E","T","M","E","R","M","$","R","B",null,"M","M","?","?","M","R","E"],"character_chosen":"DEFECT","items_purchased":["Stack","Oddly Smooth Stone"],"campfire_rested":1,"item_purchase_floors":[14,14],"current_hp_per_floor":[68,57,57,57,57,40,40,31,31,24,8,30,35,35,35,27,63,55,36,36,36,43,43,0],"gold":155,"neow_bonus":"THREE_ENEMY_KILL","is_prod":false,"is_daily":false,"chose_seed":false,"campfire_upgraded":3,"win_rate":0,"timestamp":1554215946,"path_taken":["M","?","M","?","?","E","R","E","T","M","E","R","M","?","R","BOSS","M","M","?","?","M","R","E"],"build_version":"2019-01-23","purchased_purges":1,"victory":false,"max_hp_per_floor":[75,75,75,75,75,75,75,75,75,75,75,75,75,75,75,75,75,75,75,75,75,75,75,75],"card_choices":[{"not_picked":["Hologram","Tempest"],"picked":"Rip and Tear","floor":1},{"not_picked":["Conserve Battery","Turbo"],"picked":"Self Repair","floor":3},{"not_picked":["Compile Driver","Barrage"],"picked":"Ball Lightning","floor":5},{"not_picked":["Stack","Creative AI"],"picked":"Core Surge","floor":6},{"not_picked":["Turbo","Undo"],"picked":"Conserve Battery","floor":8},{"not_picked":["Beam Cell","Turbo","Thunder Strike"],"picked":"SKIP","floor":10},{"not_picked":["Beam Cell","Fusion"],"picked":"Cold Snap","floor":11},{"not_picked":["White Noise","Steam"],"picked":"Compile Driver","floor":13},{"not_picked":["Multi-Cast","Seek"],"picked":"Creative AI","floor":16},{"not_picked":["White Noise","Ball Lightning"],"picked":"Turbo","floor":18},{"not_picked":["Steam Power","Undo"],"picked":"Go for the Eyes","floor":19},{"not_picked":["Streamline","Beam Cell"],"picked":"Recycle","floor":22}],"player_experience":888042,"relics_obtained":[{"floor":6,"key":"Potion Belt"},{"floor":8,"key":"Letter Opener"},{"floor":9,"key":"Omamori"},{"floor":11,"key":"Unceasing Top"}],"event_choices":[{"damage_healed":0,"gold_gain":75,"player_choice":"Gather Gold","damage_taken":11,"max_hp_gain":0,"max_hp_loss":0,"event_name":"World of Goop","floor":2,"gold_loss":0},{"damage_healed":0,"gold_gain":0,"player_choice":"Paid Gold","damage_taken":0,"relics_obtained":["Orichalcum"],"max_hp_gain":0,"max_hp_loss":0,"event_name":"WeMeetAgain","floor":4,"gold_loss":59},{"damage_healed":0,"gold_gain":0,"player_choice":"Simplicity","damage_taken":0,"max_hp_gain":0,"max_hp_loss":0,"event_name":"Back to Basics","floor":20,"gold_loss":0,"cards_upgraded":["Strike_B","Strike_B","Strike_B","Defend_B","Defend_B","Defend_B","Defend_B"]},{"damage_healed":0,"gold_gain":0,"player_choice":"Upgraded Two","damage_taken":0,"max_hp_gain":0,"max_hp_loss":0,"event_name":"Designer","floor":21,"gold_loss":40,"cards_upgraded":["Conserve Battery","Ball Lightning"]}],"is_beta":false,"boss_relics":[{"not_picked":["Busted Crown","Orrery"],"picked":"Philosopher\u0027s Stone"}],"items_purged_floors":[14],"is_endless":false,"potions_floor_spawned":[5,10,16,19,22],"killed_by":"Gremlin Leader","ascension_level":12}