{"path_per_floor":["M","?","M","M","$","R","E","M","T","R","$","?","$","M","R","B",null,"M","$","?","?","M","E","M"],"character_chosen":"THE_SILENT","items_purchased":["Molten Egg 2","Endless Agony","Energy Potion","Deflect","Noxious Fumes","Prepared","Mind Blast"],"gold_per_floor":[363,363,378,395,20,20,50,70,70,70,23,98,26,40,40,141,141,155,9,9,9,26,58,76],"floor_reached":25,"campfire_rested":0,"playtime":735,"current_hp_per_floor":[70,70,69,69,69,69,50,50,57,57,57,46,46,25,25,7,77,59,59,45,45,28,9,5],"items_purged":[],"gold":76,"score":265,"play_id":"1034277d-fbcd-4ba0-9486-8b9276a6143a","is_prod":false,"is_daily":false,"is_ascension_mode":true,"campfire_upgraded":3,"path_taken":["M","?","?","?","$","R","E","?","T","R","?","?","$","M","R","BOSS","M","$","?","?","M","E","M","E"],"build_version":"2018-02-15-PROD1","purchased_purges":0,"victory":false,"master_deck":["Defend_G","Defend_G","Defend_G","Strike_G","Strike_G","Strike_G","Strike_G","Survivor","Neutralize+1","Parasite","Noxious Fumes+1","Deflect","Dagger Spray+1","Endless Agony+1","Deadly Poison+1","Poisoned Stab+1","Deflect+1","Noxious Fumes+1","Distraction+1","Adrenaline+1","Dagger Throw+1","Sucker Punch+1","Reflex+1","Dagger Spray+1","Prepared+1","Mind Blast+1","Deflect+1","Cloak And Dagger+1","Prepared+1"],"max_hp_per_floor":[70,70,70,70,70,70,70,70,77,77,77,77,77,77,77,77,77,77,77,82,82,82,82,82],"relics":["Ring of the Snake","Molten Egg 2","Toxic Egg 2","Strawberry","Astrolabe","Matryoshka"],"card_choices":[{"not_picked":["Cloak And Dagger","Grand Finale"],"picked":"Noxious Fumes"},{"not_picked":["Masterful Stab","Underhanded Strike"],"picked":"Deflect"},{"not_picked":["Infinite Blades","Flechettes"],"picked":"Dagger Spray"},{"not_picked":["Sucker Punch","Cloak And Dagger"],"picked":"Deadly Poison"},{"not_picked":["Prepared","Deadly Poison"],"picked":"Poisoned Stab"},{"not_picked":["Sucker Punch","Caltrops"],"picked":"Distraction"},{"not_picked":["Tactician","Glass Knife"],"picked":"Adrenaline"},{"not_picked":["Deflect","Bane"],"picked":"Dagger Spray"},{"not_picked":["Dodge and Roll","Backflip"],"picked":"Deflect"},{"not_picked":["Finisher","Expertise"],"picked":"Cloak And Dagger"},{"not_picked":["Bane","Noxious Fumes"],"picked":"Prepared"}],"player_experience":157356,"potions_floor_usage":[8,16,16,22,23,23,25],"damage_taken":[{"damage":0,"enemies":"2 Louse","floor":1,"turns":4},{"damage":1,"enemies":"Cultist","floor":3,"turns":4},{"damage":0,"enemies":"Jaw Worm","floor":4,"turns":4},{"damage":19,"enemies":"3 Sentries","floor":7,"turns":6},{"damage":0,"enemies":"Gremlin Gang","floor":8,"turns":4},{"damage":21,"enemies":"Lots of Slimes","floor":14,"turns":3},{"damage":18,"enemies":"Slime Boss","floor":16,"turns":6},{"damage":18,"enemies":"Shell Parasite","floor":18,"turns":3},{"damage":17,"enemies":"2 Thieves","floor":22,"turns":3},{"damage":19,"enemies":"Slavers","floor":23,"turns":5},{"damage":4,"enemies":"Snecko","floor":24,"turns":4},{"damage":0,"enemies":"Gremlin Leader","floor":25,"turns":1}],"event_choices":[{"event_name":"Upgrade Shrine","player_choice":"Upgraded","floor":2,"damage_taken":0},{"event_name":"World of Goop","player_choice":"Gather Gold","floor":12,"damage_taken":0},{"event_name":"Forgotten Altar","player_choice":"Shed Blood","floor":20,"damage_taken":0},{"event_name":"The Lab","player_choice":"Got Potions","floor":21,"damage_taken":0}],"boss_relics":[{"not_picked":["Sozu","Orrery"],"picked":"Astrolabe"}],"potions_floor_spawned":[1,8,16,18,23],"seed_played":"-3608892629618244914","killed_by":"Gremlin Leader","ascension_level":4,"is_trial":false}