{"gold_per_floor":[109,120,120,120,120,164,179,179,231,264,264,26,26,44,44,175,175,200,125,0,13,13,13,13],"floor_reached":24,"playtime":747,"items_purged":["Strike_R"],"score":232,"play_id":"2e580038-2d2f-4f2b-a434-ba75171e0beb","local_time":"20190131204409","is_ascension_mode":true,"campfire_choices":[{"floor":8,"key":"REST"},{"floor":15,"key":"REST"},{"floor":23,"key":"REST"}],"neow_cost":"NONE","seed_source_timestamp":25713834950300,"circlet_count":0,"master_deck":["Strike_R","Defend_R","Defend_R","Defend_R","Defend_R","Bash","Dark Embrace","Warcry","Injury","Shockwave","Armaments","Iron Wave","Immolate","Reckless Charge","Fire Breathing","Shrug It Off","Parasite","Sword Boomerang","Reaper","Cleave+1","Flex","Shrug It Off+1"],"relics":["Burning Blood","Golden Idol","Red Skull","Blood Vial","Bag of Marbles","Black Star","MutagenicStrength"],"potions_floor_usage":[7,16,16,16,18,21,21],"damage_taken":[{"damage":10,"enemies":"Small Slimes","floor":1,"turns":5},{"damage":13,"enemies":"2 Louse","floor":2,"turns":4},{"damage":60,"enemies":"3 Sentries","floor":6,"turns":17},{"damage":2,"enemies":"Cultist","floor":7,"turns":5},{"damage":20,"enemies":"Gremlin Nob","floor":10,"turns":5},{"damage":0,"enemies":"3 Louse","floor":14,"turns":2},{"damage":44,"enemies":"The Guardian","floor":16,"turns":16},{"damage":77,"enemies":"Spheric Guardian","floor":18,"turns":8},{"damage":6,"enemies":"3 Byrds","floor":21,"turns":3},{"damage":51,"enemies":"Book of Stabbing","floor":24,"turns":6}],"seed_played":"-3190373843795948993","potions_obtained":[{"floor":6,"key":"BloodPotion"},{"floor":10,"key":"Dexterity Potion"},{"floor":14,"key":"GamblersBrew"},{"floor":16,"key":"Regen Potion"},{"floor":18,"key":"Fire Potion"}],"is_trial":false,"path_per_floor":["M","M","?","?","?","E","M","R","T","E","?","$","?","M","R","B",null,"M","?","$","M","?","R","E"],"character_chosen":"IRONCLAD","items_purchased":["Fire Breathing","Shrug It Off","EssenceOfSteel","Regen Potion","Flex"],"campfire_rested":3,"item_purchase_floors":[12,12,12,20,20],"current_hp_per_floor":[76,69,69,69,69,15,27,51,51,39,39,39,59,67,80,42,80,28,28,28,49,49,73,24],"gold":13,"neow_bonus":"ONE_RANDOM_RARE_CARD","is_prod":false,"is_daily":false,"chose_seed":false,"campfire_upgraded":0,"win_rate":0,"timestamp":1548996249,"path_taken":["M","M","?","?","?","E","?","R","T","E","?","?","?","M","R","BOSS","M","?","$","M","?","R","E"],"build_version":"2019-01-23","purchased_purges":1,"victory":false,"max_hp_per_floor":[80,80,80,80,80,80,80,80,80,80,80,80,80,80,80,80,80,80,80,80,80,80,80,80],"card_choices":[{"not_picked":["Clash","Sever Soul","Wild Strike"],"picked":"SKIP","floor":1},{"not_picked":["Wild Strike","Anger"],"picked":"Warcry","floor":2},{"not_picked":["Reckless Charge","Anger"],"picked":"Armaments","floor":6},{"not_picked":["Clash","Flex"],"picked":"Iron Wave","floor":7},{"not_picked":["Warcry","Ghostly Armor"],"picked":"Immolate","floor":10},{"not_picked":["Armaments","Shrug It Off"],"picked":"Sword Boomerang","floor":14},{"not_picked":["Berserk","Impervious"],"picked":"Reaper","floor":16},{"not_picked":["Body Slam+1","Anger"],"picked":"Cleave+1","floor":18},{"not_picked":["Havoc","Uppercut"],"picked":"Shrug It Off+1","floor":21}],"player_experience":433383,"relics_obtained":[{"floor":6,"key":"Red Skull"},{"floor":9,"key":"Blood Vial"},{"floor":10,"key":"Bag of Marbles"}],"event_choices":[{"damage_healed":0,"gold_gain":0,"player_choice":"Take Wound","damage_taken":0,"relics_obtained":["Golden Idol"],"max_hp_gain":0,"max_hp_loss":0,"event_name":"Golden Idol","floor":3,"gold_loss":0,"cards_obtained":["Injury"]},{"damage_healed":0,"gold_gain":0,"player_choice":"Ignored","damage_taken":0,"max_hp_gain":0,"max_hp_loss":0,"event_name":"Shining Light","floor":4,"gold_loss":0},{"damage_healed":0,"gold_gain":0,"cards_transformed":["Strike_R"],"player_choice":"Transformed","damage_taken":0,"max_hp_gain":0,"max_hp_loss":0,"event_name":"Transmorgrifier","floor":5,"gold_loss":0,"cards_obtained":["Shockwave"]},{"damage_healed":0,"gold_gain":0,"cards_transformed":["Strike_R"],"player_choice":"Change","damage_taken":0,"max_hp_gain":0,"max_hp_loss":0,"event_name":"Living Wall","floor":11,"gold_loss":0,"cards_obtained":["Reckless Charge"]},{"damage_healed":20,"gold_gain":0,"player_choice":"Healed and dodged fight","damage_taken":0,"max_hp_gain":0,"max_hp_loss":0,"event_name":"Mushrooms","floor":13,"gold_loss":0,"cards_obtained":["Parasite"]},{"cards_removed":["Strike_R"],"damage_healed":0,"gold_gain":0,"player_choice":"Gave Gold","damage_taken":0,"max_hp_gain":0,"max_hp_loss":0,"event_name":"Beggar","floor":19,"gold_loss":75},{"damage_healed":0,"gold_gain":0,"player_choice":"Inject Mutagens","damage_taken":0,"relics_obtained":["MutagenicStrength"],"max_hp_gain":0,"max_hp_loss":0,"event_name":"Drug Dealer","floor":22,"gold_loss":0}],"is_beta":true,"boss_relics":[{"not_picked":["Runic Cube","Lizard Tail"],"picked":"Black Star"}],"items_purged_floors":[12],"is_endless":false,"potions_floor_spawned":[6,10,14,16,18],"killed_by":"Book of Stabbing","ascension_level":3}