{"gold_per_floor":[130,130,130,140,140,184,184,20,20,20,20,195,135,135,135,255,255,307,307,319,239,80,80,80,80,155,155,155,169,169,169,169,267,267,287,287,65,65,65,65,179,179,179,179,179,179],"floor_reached":46,"playtime":2415,"items_purged":["Doubt","Strike_G","Strike_G"],"score":452,"play_id":"4150a15f-759d-41b2-b3c1-b62fbc61ec15","local_time":"20181010143445","daily_mods":["Allstar","Flight","Terminal"],"is_ascension_mode":false,"campfire_choices":[{"data":"Chrysalis","floor":7,"key":"SMITH"},{"data":"Magnetism","floor":10,"key":"SMITH"},{"data":"Jack Of All Trades","floor":15,"key":"SMITH"},{"data":"Apotheosis","floor":23,"key":"SMITH"},{"data":"Die Die Die","floor":32,"key":"SMITH"},{"data":"Backflip","floor":40,"key":"SMITH"},{"data":"Neutralize","floor":42,"key":"SMITH"}],"neow_cost":"","seed_source_timestamp":1612802312981180,"circlet_count":0,"master_deck":["Defend_G","Defend_G","Defend_G","Defend_G","Strike_G","Strike_G","Survivor","Neutralize+1","Magnetism+1","Chrysalis+1","Dramatic Entrance+1","Secret Technique","Jack Of All Trades+1","Well Laid Plans+1","Backflip+1","Apotheosis+1","Die Die Die+1","Adrenaline+1","Panacea+1"],"relics":["Ring of the Snake","WarpedTongs","The Courier","Juzu Bracelet","Lee\u0027s Waffle","Question Card","Unceasing Top","Runic Dome","Matryoshka","Sundial","Toxic Egg 2","Busted Crown","Bag of Marbles","Pocketwatch","Blood Vial","Bottled Flame"],"potions_floor_usage":[33,46],"damage_taken":[{"damage":0,"enemies":"2 Louse","floor":1,"turns":2},{"damage":6,"enemies":"Cultist","floor":4,"turns":6},{"damage":13,"enemies":"Lagavulin","floor":6,"turns":5},{"damage":36,"enemies":"The Guardian","floor":16,"turns":8},{"damage":0,"enemies":"3 Byrds","floor":18,"turns":7},{"damage":7,"enemies":"Colosseum Slavers","floor":19,"turns":3},{"damage":1,"enemies":"Spheric Guardian","floor":20,"turns":6},{"damage":8,"enemies":"Centurion and Healer","floor":29,"turns":15},{"damage":30,"enemies":"Collector","floor":33,"turns":19},{"damage":0,"enemies":"Orb Walker","floor":35,"turns":6},{"damage":10,"enemies":"Mysterious Sphere","floor":41,"turns":5},{"damage":34,"enemies":"2 Orb Walkers","floor":46,"turns":6}],"seed_played":"-616905844041801854","potions_obtained":[{"floor":1,"key":"GamblersBrew"},{"floor":11,"key":"SteroidPotion"},{"floor":11,"key":"Block Potion"},{"floor":11,"key":"Poison Potion"},{"floor":33,"key":"GamblersBrew"}],"is_trial":true,"path_per_floor":["M","?","T","M","?","E","R","$","T","R","?","?","$","?","R","B",null,"M","?","M","$","$","R","?","$","T","?","?","M","T","?","R","B",null,"M","?","$","?","?","R","?","R","T","?","?"],"character_chosen":"THE_SILENT","items_purchased":["Lee\u0027s Waffle","Apotheosis","Bag of Marbles"],"campfire_rested":0,"item_purchase_floors":[8,22,37],"current_hp_per_floor":[68,67,66,60,60,47,47,68,67,66,65,64,63,62,61,25,59,58,51,50,50,50,50,50,50,50,49,48,40,40,40,40,10,42,41,40,39,38,37,36,26,26,26,26,26,0],"gold":179,"neow_bonus":"","is_prod":false,"is_daily":false,"chose_seed":false,"campfire_upgraded":7,"win_rate":0,"timestamp":1539196485,"path_taken":["M","?","?","M","?","E","R","$","T","R","?","?","$","?","R","BOSS","M","?","M","?","$","R","?","$","T","?","?","M","?","?","R","BOSS","M","?","$","?","?","R","?","R","T","?","?","E"],"build_version":"2018-10-04v2","purchased_purges":3,"victory":false,"max_hp_per_floor":[68,67,66,65,64,63,62,68,67,66,65,64,63,62,61,60,59,58,57,56,55,54,53,52,51,50,49,48,47,46,45,44,43,42,41,40,39,38,37,36,35,34,33,32,31,31],"card_choices":[{"not_picked":["Poisoned Stab","Dodge and Roll"],"picked":"Well Laid Plans","floor":1},{"not_picked":["Underhanded Strike","Deflect"],"picked":"Backflip","floor":4},{"not_picked":["Prepared","Bullet Time","Bouncing Flask"],"picked":"SKIP","floor":6},{"not_picked":["Outmaneuver+1","Cloak And Dagger","Blade Dance+1","Dagger Throw"],"picked":"SKIP","floor":18},{"not_picked":["Deflect+1","PiercingWail","Quick Slash","Blur"],"picked":"SKIP","floor":20},{"not_picked":["Choke","Outmaneuver","Blade Dance+1","Cloak And Dagger+1"],"picked":"SKIP","floor":29},{"not_picked":["Night Terror+1","After Image","Phantasmal Killer+1"],"picked":"Adrenaline+1","floor":33},{"not_picked":["Quick Slash+1","Cloak And Dagger+1"],"picked":"SKIP","floor":35},{"not_picked":["Enlightenment+1"],"picked":"Panacea+1","floor":45}],"player_experience":209787,"relics_obtained":[{"floor":3,"key":"The Courier"},{"floor":6,"key":"Juzu Bracelet"},{"floor":9,"key":"Question Card"},{"floor":26,"key":"Matryoshka"},{"floor":30,"key":"Sundial"},{"floor":30,"key":"Toxic Egg 2"},{"floor":41,"key":"Pocketwatch"},{"floor":43,"key":"Blood Vial"},{"floor":43,"key":"Bottled Flame"}],"event_choices":[{"event_name":"Accursed Blacksmith","player_choice":"Rummage","floor":2,"damage_taken":0},{"event_name":"Living Wall","player_choice":"Forget","floor":5,"damage_taken":0},{"event_name":"The Lab","player_choice":"Got Potions","floor":11,"damage_taken":0},{"event_name":"Liars Game","player_choice":"agreed","floor":12,"damage_taken":0},{"event_name":"Dead Adventurer","player_choice":"Searched \u00272\u0027 times","floor":14,"damage_taken":0},{"event_name":"Colosseum","player_choice":"Fight","floor":19,"damage_taken":0},{"event_name":"Colosseum","player_choice":"Fled From Nobs","floor":19,"damage_taken":0},{"event_name":"Purifier","player_choice":"One Purge","floor":24,"damage_taken":0},{"event_name":"Upgrade Shrine","player_choice":"Upgraded","floor":27,"damage_taken":0},{"event_name":"The Library","player_choice":"Read","floor":28,"damage_taken":0},{"event_name":"Vampires","player_choice":"Ignored","floor":31,"damage_taken":0},{"event_name":"Tomb of Lord Red Mask","player_choice":"Ignored","floor":36,"damage_taken":0},{"event_name":"Upgrade Shrine","player_choice":"Upgraded","floor":38,"damage_taken":0},{"event_name":"Falling","player_choice":"Removed Skill","floor":39,"damage_taken":0},{"event_name":"Mysterious Sphere","player_choice":"Fight","floor":41,"damage_taken":0},{"event_name":"The Woman in Blue","player_choice":"Bought 0 Potions","floor":44,"damage_taken":0},{"event_name":"SensoryStone","player_choice":"Memory 1","floor":45,"damage_taken":0}],"is_beta":false,"boss_relics":[{"not_picked":["Snecko Eye","Coffee Dripper"],"picked":"Runic Dome"},{"not_picked":["Calling Bell","HoveringKite"],"picked":"Busted Crown"}],"items_purged_floors":[13,21,37],"is_endless":false,"potions_floor_spawned":[1,18,29,33,35],"killed_by":"2 Orb Walkers","ascension_level":0}