{"gold_per_floor":[116,20,20,20,43,81,111,22,22,22,22,53,53,64,64,64],"floor_reached":16,"playtime":1058,"items_purged":["Strike_R"],"score":253,"play_id":"3d8b7aab-c248-4273-8bcb-5689360c9f7e","local_time":"20190414164525","is_ascension_mode":true,"campfire_choices":[{"data":"Armaments","floor":10,"key":"SMITH"},{"data":"True Grit","floor":13,"key":"SMITH"},{"data":"Uppercut","floor":15,"key":"SMITH"}],"neow_cost":"NONE","seed_source_timestamp":593332686673782,"circlet_count":0,"master_deck":["AscendersBane","Strike_R","Strike_R","Strike_R","Strike_R","Defend_R","Defend_R","Defend_R","Defend_R","Bash","Armaments+1","Uppercut+1","Shrug It Off","Whirlwind","Metallicize","True Grit+1"],"relics":["Burning Blood","NeowsBlessing","MawBank","Kunai","Matryoshka","Centennial Puzzle"],"potions_floor_usage":[14,16,16],"damage_taken":[{"damage":0,"enemies":"Small Slimes","floor":1,"turns":1},{"damage":0,"enemies":"2 Louse","floor":5,"turns":1},{"damage":0,"enemies":"Lagavulin","floor":6,"turns":1},{"damage":7,"enemies":"Jaw Worm","floor":7,"turns":4},{"damage":28,"enemies":"3 Sentries","floor":12,"turns":11},{"damage":10,"enemies":"3 Louse","floor":14,"turns":3},{"damage":56,"enemies":"Slime Boss","floor":16,"turns":11}],"seed_played":"2423953609323321217","potions_obtained":[{"floor":1,"key":"SpeedPotion"},{"floor":5,"key":"SpeedPotion"},{"floor":14,"key":"EssenceOfSteel"}],"is_trial":false,"path_per_floor":["M","$","?","?","M","E","M","$","T","R","?","E","R","M","R","B"],"character_chosen":"IRONCLAD","items_purchased":["Uppercut","Shrug It Off","True Grit"],"campfire_rested":0,"item_purchase_floors":[2,2,8],"current_hp_per_floor":[74,74,79,74,80,80,79,79,79,79,79,57,57,53,53,0],"gold":64,"neow_bonus":"THREE_ENEMY_KILL","is_prod":false,"is_daily":false,"chose_seed":false,"campfire_upgraded":3,"win_rate":0,"timestamp":1555274725,"path_taken":["M","$","?","?","M","E","M","$","T","R","?","E","R","M","R","BOSS"],"build_version":"2019-01-23","purchased_purges":1,"victory":false,"max_hp_per_floor":[75,75,80,80,80,80,80,80,80,80,80,80,80,80,80,80],"card_choices":[{"not_picked":["Warcry","Clash"],"picked":"Armaments","floor":1},{"not_picked":["Carnage","Clothesline"],"picked":"Whirlwind","floor":5},{"not_picked":["Wild Strike","Clash","Armaments"],"picked":"SKIP","floor":6},{"not_picked":["Burning Pact","Cleave"],"picked":"Metallicize","floor":7},{"not_picked":["Searing Blow","Heavy Blade","Intimidate"],"picked":"SKIP","floor":12},{"not_picked":["Flex","Rage","Twin Strike"],"picked":"SKIP","floor":14}],"player_experience":363904,"relics_obtained":[{"floor":6,"key":"Kunai"},{"floor":9,"key":"Matryoshka"},{"floor":12,"key":"Centennial Puzzle"}],"event_choices":[{"damage_healed":0,"gold_gain":0,"player_choice":"Donut","damage_taken":0,"max_hp_gain":5,"max_hp_loss":0,"event_name":"Big Fish","floor":3,"gold_loss":0},{"damage_healed":0,"gold_gain":0,"player_choice":"Success","damage_taken":5,"relics_obtained":["MawBank"],"max_hp_gain":0,"max_hp_loss":0,"event_name":"Scrap Ooze","floor":4,"gold_loss":0},{"damage_healed":0,"gold_gain":0,"player_choice":"Leave","damage_taken":0,"max_hp_gain":0,"max_hp_loss":0,"event_name":"The Cleric","floor":11,"gold_loss":0}],"is_beta":false,"boss_relics":[],"items_purged_floors":[8],"is_endless":false,"potions_floor_spawned":[1,5,14],"killed_by":"Slime Boss","ascension_level":18}