{"gold_per_floor":[217,217,52,65,65,65,79,95,95,128,203,217,217,217,217,217],"floor_reached":16,"playtime":440,"items_purged":["Strike_G"],"score":180,"play_id":"a7e84216-0ade-4412-a032-17c9cd6e1fde","local_time":"20190112115358","is_ascension_mode":true,"campfire_choices":[{"data":"Dagger Spray","floor":6,"key":"SMITH"},{"floor":13,"key":"REST"},{"data":"Reflex","floor":15,"key":"SMITH"}],"neow_cost":"NONE","seed_source_timestamp":289516817532113,"circlet_count":0,"master_deck":["AscendersBane","Defend_G","Defend_G","Defend_G","Defend_G","Strike_G","Strike_G","Strike_G","Strike_G","Survivor","Neutralize","Dagger Spray+1","Footwork+1","Dagger Throw","Endless Agony","Reflex+1","Deflect","Dodge and Roll"],"relics":["Ring of the Snake","Calipers","Mummified Hand","Anchor"],"potions_floor_usage":[10],"damage_taken":[{"damage":4,"enemies":"Small Slimes","floor":1,"turns":4},{"damage":0,"enemies":"2 Louse","floor":4,"turns":3},{"damage":4,"enemies":"Jaw Worm","floor":7,"turns":5},{"damage":1,"enemies":"2 Fungi Beasts","floor":8,"turns":4},{"damage":6,"enemies":"3 Sentries","floor":10,"turns":8},{"damage":0,"enemies":"Large Slime","floor":12,"turns":6},{"damage":12,"enemies":"Slime Boss","floor":16,"turns":12}],"seed_played":"5989021366448181733","potions_obtained":[{"floor":1,"key":"FearPotion"},{"floor":4,"key":"Ancient Potion"},{"floor":7,"key":"Block Potion"}],"is_trial":false,"path_per_floor":["M","?","$","M","?","R","M","M","T","E","?","M","R","?","R","B"],"character_chosen":"THE_SILENT","items_purchased":["Footwork"],"campfire_rested":1,"item_purchase_floors":[3],"current_hp_per_floor":[55,37,37,37,37,37,33,32,32,26,15,15,34,27,27,15],"gold":217,"neow_bonus":"HUNDRED_GOLD","is_prod":false,"is_daily":false,"chose_seed":false,"campfire_upgraded":2,"win_rate":0,"timestamp":1547322838,"path_taken":["M","?","$","M","?","R","M","M","T","E","?","?","R","?","R","BOSS"],"build_version":"2019-01-10","purchased_purges":1,"victory":false,"max_hp_per_floor":[66,66,66,66,66,66,66,66,66,66,66,66,66,66,66,66],"card_choices":[{"not_picked":["Concentrate","Poisoned Stab"],"picked":"Dagger Spray","floor":1},{"not_picked":["Choke","Poisoned Stab"],"picked":"Dagger Throw","floor":4},{"not_picked":["Accuracy","Sucker Punch"],"picked":"Endless Agony","floor":7},{"not_picked":["Flechettes","Prepared"],"picked":"Reflex","floor":8},{"not_picked":["Slice","Underhanded Strike"],"picked":"Deflect","floor":10},{"not_picked":["Quick Slash","Sucker Punch"],"picked":"Dodge and Roll","floor":12}],"player_experience":1064286,"relics_obtained":[{"floor":9,"key":"Mummified Hand"},{"floor":10,"key":"Anchor"}],"event_choices":[{"damage_healed":0,"gold_gain":0,"player_choice":"Success","damage_taken":18,"relics_obtained":["Calipers"],"max_hp_gain":0,"max_hp_loss":0,"event_name":"Scrap Ooze","floor":2,"gold_loss":0},{"damage_healed":0,"gold_gain":0,"player_choice":"Grow","damage_taken":0,"max_hp_gain":0,"max_hp_loss":0,"event_name":"Living Wall","floor":5,"gold_loss":0,"cards_upgraded":["Footwork"]},{"damage_healed":0,"gold_gain":75,"player_choice":"Gather Gold","damage_taken":11,"max_hp_gain":0,"max_hp_loss":0,"event_name":"World of Goop","floor":11,"gold_loss":0},{"cards_removed":["Defend_G"],"damage_healed":0,"gold_gain":0,"player_choice":"Card Removal","damage_taken":7,"max_hp_gain":0,"max_hp_loss":0,"event_name":"Golden Wing","floor":14,"gold_loss":0}],"is_beta":false,"boss_relics":[],"items_purged_floors":[3],"is_endless":false,"potions_floor_spawned":[1,4,7,8],"killed_by":"Slime Boss","ascension_level":16}