{"gold_per_floor":[114,114,127,137,155,155,183,183,207,61,73,90,116,134,134,205,205,216,216,16,60,96,96,111,126,153,153,153,168,168,226,226,328,328,366,491,521,24,40,40,40,40,112,165,254,254,286,337,337,362],"floor_reached":51,"playtime":10824,"items_purged":["Pain","Strike_G"],"score":1198,"play_id":"eda832f8-1a54-459e-9ada-8934823b7aa8","local_time":"20190318102045","is_ascension_mode":true,"campfire_choices":[{"data":"Neutralize","floor":6.0,"key":"SMITH"},{"floor":15.0,"key":"REST"},{"floor":23.0,"key":"REST"},{"floor":28.0,"key":"REST"},{"floor":32.0,"key":"REST"},{"floor":40,"key":"REST"},{"data":"Wraith Form v2","floor":42,"key":"SMITH"},{"data":"Noxious Fumes","floor":46,"key":"SMITH"},{"floor":49,"key":"REST"}],"neow_cost":"NONE","seed_source_timestamp":0,"circlet_count":0,"master_deck":["AscendersBane","Defend_G","Defend_G","Defend_G","Defend_G","Defend_G","Strike_G","Strike_G","Strike_G","Strike_G","Survivor","Neutralize+1","Sucker Punch","Cloak And Dagger","Flying Knee","PiercingWail","Malaise","Noxious Fumes+1","Bane","Quick Slash","Heel Hook","Leg Sweep","Well Laid Plans","Wraith Form v2+1","Malaise","Prepared","Poisoned Stab","Necronomicurse","HandOfGreed","Backflip","Footwork","Crippling Poison","Dash","Infinite Blades","PiercingWail+1","Dodge and Roll","HandOfGreed","Footwork+1","Blur","Bullet Time","Well Laid Plans","Dodge and Roll","Underhanded Strike+1","Noxious Fumes","Catalyst+1"],"special_seed":0,"relics":["Ring of the Snake","Orichalcum","Dream Catcher","WarpedTongs","Snake Skull","Orrery","Necronomicon","Potion Belt","Dodecahedron","Velvet Choker","Ice Cream","Regal Pillow","ClockworkSouvenir","Ornamental Fan","Meat on the Bone","Turnip","Tough Bandages","The Courier"],"potions_floor_usage":[33,35,36,45,48,48,48,50],"damage_taken":[{"damage":0.0,"enemies":"Small Slimes","floor":1.0,"turns":4.0},{"damage":2.0,"enemies":"2 Louse","floor":3.0,"turns":3.0},{"damage":0.0,"enemies":"Cultist","floor":4.0,"turns":5.0},{"damage":0.0,"enemies":"Red Slaver","floor":5.0,"turns":4.0},{"damage":21.0,"enemies":"Lagavulin","floor":7.0,"turns":10.0},{"damage":3.0,"enemies":"Exordium Wildlife","floor":11.0,"turns":5.0},{"damage":0.0,"enemies":"3 Louse","floor":12.0,"turns":4.0},{"damage":11.0,"enemies":"3 Sentries","floor":13.0,"turns":8.0},{"damage":0.0,"enemies":"Red Slaver","floor":14.0,"turns":3.0},{"damage":6.0,"enemies":"Hexaghost","floor":16.0,"turns":10.0},{"damage":16.0,"enemies":"Spheric Guardian","floor":18.0,"turns":6.0},{"damage":9.0,"enemies":"Chosen","floor":21.0,"turns":7.0},{"damage":14.0,"enemies":"Snecko","floor":22.0,"turns":6.0},{"damage":0.0,"enemies":"Sentry and Sphere","floor":24.0,"turns":8.0},{"damage":14.0,"enemies":"3 Cultists","floor":25.0,"turns":7.0},{"damage":5.0,"enemies":"Snecko","floor":29.0,"turns":6.0},{"damage":11.0,"enemies":"Shelled Parasite and Fungi","floor":31.0,"turns":8.0},{"damage":28,"enemies":"Automaton","floor":33,"turns":14},{"damage":19,"enemies":"3 Darklings","floor":35,"turns":8},{"damage":0,"enemies":"Mind Bloom Boss Battle","floor":36,"turns":11},{"damage":2,"enemies":"Orb Walker","floor":37,"turns":5},{"damage":17,"enemies":"Transient","floor":39,"turns":5},{"damage":19,"enemies":"Nemesis","floor":44,"turns":9},{"damage":7,"enemies":"2 Orb Walkers","floor":45,"turns":5},{"damage":0,"enemies":"3 Darklings","floor":47,"turns":10},{"damage":26,"enemies":"Reptomancer","floor":48,"turns":11},{"damage":42,"enemies":"Donu and Deca","floor":50,"turns":13}],"seed_played":"-3821710930634908722","potions_obtained":[{"floor":1.0,"key":"AttackPotion"},{"floor":4.0,"key":"Fire Potion"},{"floor":12.0,"key":"Energy Potion"},{"floor":13.0,"key":"SpeedPotion"},{"floor":21.0,"key":"Dexterity Potion"},{"floor":24.0,"key":"Ancient Potion"},{"floor":33,"key":"SkillPotion"},{"floor":35,"key":"Fruit Juice"},{"floor":44,"key":"EssenceOfSteel"},{"floor":45,"key":"Weak Potion"},{"floor":47,"key":"PowerPotion"}],"is_trial":false,"path_per_floor":["M","?","M","M","M","R","E","?","T","$","M","M","E","M","R","B",null,"M","?","$","M","M","R","M","M","T","T","R","M","?","M","R","B",null,"M","?","M","$","M","R","T","R","T","E","?","R","M","E","R","B",null],"character_chosen":"THE_SILENT","items_purchased":["Noxious Fumes","HandOfGreed","Backflip","Regal Pillow","ClockworkSouvenir","Energy Potion"],"campfire_rested":6,"item_purchase_floors":[10,20,20,38,38,38],"current_hp_per_floor":[63,45,43,43,43,43,22,22,22,22,19,19,8,8,29,23,58,42,26,26,17,3,24,24,10,10,10,31,26,26,15,36,8,55,36,41,39,39,22,59,59,59,59,40,45,45,45,31,68,38],"gold":362,"neow_bonus":"THREE_CARDS","is_prod":false,"is_daily":false,"chose_seed":false,"campfire_upgraded":3,"win_rate":0,"timestamp":1552904445,"path_taken":["M","?","M","M","M","R","E","?","T","$","M","?","E","M","R","BOSS","M","?","$","M","M","R","M","M","T","?","R","M","?","M","R","BOSS","M","?","M","$","M","R","?","R","T","E","?","R","M","E","R","BOSS"],"build_version":"2019-01-23","purchased_purges":2,"victory":true,"max_hp_per_floor":[70,70,70,70,70,70,70,70,70,70,70,70,70,70,70,70,70,70,70,70,70,70,70,70,70,70,70,70,70,70,70,70,70,70,70,75,75,75,75,75,75,75,75,75,75,75,75,75,75,75],"card_choices":[{"not_picked":["Escape Plan","Outmaneuver"],"picked":"Sucker Punch","floor":0.0},{"not_picked":["Tactician","Dodge and Roll"],"picked":"Cloak And Dagger","floor":1.0},{"not_picked":["Outmaneuver","Dagger Throw"],"picked":"Flying Knee","floor":3.0},{"not_picked":["Blade Dance","Deadly Poison"],"picked":"PiercingWail","floor":4.0},{"not_picked":["Backflip","Reflex","Catalyst"],"picked":"SKIP","floor":5.0},{"not_picked":["Deadly Poison","Choke"],"picked":"Malaise","floor":7.0},{"not_picked":["Setup","Distraction"],"picked":"Bane","floor":11.0},{"not_picked":["Bane","PiercingWail"],"picked":"Quick Slash","floor":12.0},{"not_picked":["Blade Dance","Bane"],"picked":"Heel Hook","floor":13.0},{"not_picked":["Eviscerate","Acrobatics"],"picked":"Leg Sweep","floor":14.0},{"not_picked":["Bane","Poisoned Stab"],"picked":"Well Laid Plans","floor":15.0},{"not_picked":["After Image","Night Terror"],"picked":"Wraith Form v2","floor":16.0},{"not_picked":["PiercingWail","Blade Dance"],"picked":"Malaise","floor":17.0},{"not_picked":["Bane","Quick Slash"],"picked":"Prepared","floor":17.0},{"not_picked":["Reflex","Catalyst"],"picked":"Poisoned Stab","floor":18.0},{"not_picked":["Blur","Bane"],"picked":"Footwork","floor":21.0},{"not_picked":["Venomology","PiercingWail"],"picked":"Crippling Poison","floor":22.0},{"not_picked":["Tactician","Finisher"],"picked":"Dash","floor":23.0},{"not_picked":["Poisoned Stab","Prepared","Crippling Poison"],"picked":"SKIP","floor":24.0},{"not_picked":["Sucker Punch","Outmaneuver"],"picked":"Infinite Blades","floor":25.0},{"not_picked":["All Out Attack","Deadly Poison"],"picked":"PiercingWail+1","floor":28.0},{"not_picked":["Accuracy","Infinite Blades"],"picked":"Dodge and Roll","floor":29.0},{"not_picked":["Quick Slash","Slice"],"picked":"Footwork+1","floor":31.0},{"not_picked":["Bouncing Flask+1","Underhanded Strike"],"picked":"Blur","floor":32.0},{"not_picked":["Malaise","Corpse Explosion"],"picked":"Bullet Time","floor":33},{"not_picked":["Masterful Stab","Deadly Poison"],"picked":"Well Laid Plans","floor":35},{"not_picked":["Bouncing Flask","PiercingWail"],"picked":"Dodge and Roll","floor":36},{"not_picked":["Dagger Spray+1","Blade Dance"],"picked":"Underhanded Strike+1","floor":37},{"not_picked":["Tactician","Dagger Spray","Flying Knee"],"picked":"SKIP","floor":39},{"not_picked":["Backstab","Flechettes","Poisoned Stab"],"picked":"SKIP","floor":44},{"not_picked":["Deadly Poison","Glass Knife"],"picked":"Noxious Fumes","floor":47},{"not_picked":["Underhanded Strike","Blade Dance+1","PiercingWail"],"picked":"SKIP","floor":48},{"not_picked":["Deadly Poison","Flying Knee"],"picked":"Catalyst+1","floor":49}],"player_experience":624581,"relics_obtained":[{"floor":7.0,"key":"Dream Catcher"},{"floor":13.0,"key":"Snake Skull"},{"floor":19.0,"key":"Necronomicon"},{"floor":26.0,"key":"Potion Belt"},{"floor":27.0,"key":"Dodecahedron"},{"floor":36,"key":"Ice Cream"},{"floor":41,"key":"Ornamental Fan"},{"floor":43,"key":"Meat on the Bone"},{"floor":44,"key":"Turnip"},{"floor":45,"key":"Tough Bandages"},{"floor":48,"key":"The Courier"}],"event_choices":[{"damage_healed":0.0,"max_hp_gain":0.0,"max_hp_loss":0.0,"gold_gain":0.0,"event_name":"Scrap Ooze","player_choice":"Success","floor":2.0,"gold_loss":0.0,"damage_taken":18.0,"relics_obtained":["Orichalcum"]},{"damage_healed":0.0,"max_hp_gain":0.0,"max_hp_loss":0.0,"gold_gain":0.0,"event_name":"Accursed Blacksmith","player_choice":"Rummage","floor":8.0,"gold_loss":0.0,"damage_taken":0.0,"relics_obtained":["WarpedTongs"],"cards_obtained":["Pain"]},{"damage_healed":0.0,"max_hp_gain":0.0,"max_hp_loss":0.0,"gold_gain":0.0,"event_name":"Cursed Tome","player_choice":"Obtained Book","floor":19.0,"gold_loss":0.0,"damage_taken":16.0},{"damage_healed":0.0,"max_hp_gain":0.0,"max_hp_loss":0.0,"gold_gain":0.0,"event_name":"Duplicator","player_choice":"Copied","floor":30.0,"gold_loss":0.0,"damage_taken":0.0,"cards_obtained":["HandOfGreed"]},{"damage_healed":0,"gold_gain":0,"player_choice":"Fight","damage_taken":0,"max_hp_gain":0,"max_hp_loss":0,"event_name":"MindBloom","floor":36,"gold_loss":0},{"damage_healed":0,"gold_gain":0,"player_choice":"Fight","damage_taken":0,"max_hp_gain":0,"max_hp_loss":0,"event_name":"Mysterious Sphere","floor":45,"gold_loss":0}],"is_beta":false,"boss_relics":[{"not_picked":["Snecko Eye","White Beast Statue"],"picked":"Orrery"},{"not_picked":["Philosopher\u0027s Stone","Cursed Key"],"picked":"Velvet Choker"}],"items_purged_floors":[10,38],"is_endless":false,"potions_floor_spawned":[1,4,12,13,21,24,33,35,44,45,47],"ascension_level":13}