{"gold_per_floor":[114,132,145,145,98,98,132,151,151,182,200,224,268,282,282,405,405,429,453,368,58,58,58,93,113,139,164,180,211,235,248,248,377,377,391,391,23,39,58,97,97,116,139,17,55,80,124,149,149,149],"floor_reached":51,"playtime":10176,"items_purged":["Strike_B","Strike_B","Strike_B"],"score":1387,"play_id":"389855b2-f294-4728-9952-dcaa03b70557","local_time":"20190327082921","is_ascension_mode":true,"campfire_choices":[{"data":"Zap","floor":6.0,"key":"SMITH"},{"floor":15.0,"key":"REST"},{"data":"Buffer","floor":23.0,"key":"SMITH"},{"data":"Coolheaded","floor":32,"key":"SMITH"},{"data":"Loop","floor":41,"key":"SMITH"},{"floor":49,"key":"REST"}],"neow_cost":"NONE","seed_source_timestamp":0,"circlet_count":0,"master_deck":["Strike_B","Defend_B","Defend_B","Defend_B","Defend_B","Zap+1","Dualcast","Genetic Algorithm","Rebound","Cold Snap","Ball Lightning","Cold Snap","Go for the Eyes","BootSequence","Turbo","Buffer+1","Biased Cognition","Defragment","Stack+1","Defragment","Redo+1","Coolheaded+1","Ball Lightning+1","Turbo+1","Ball Lightning+1","FTL+1","Coolheaded+1","Apotheosis","Electrodynamics","Loop+1","Parasite","Chill","Double Energy","Auto Shields+1","Conserve Battery","Recycle","Barrage+1","Conserve Battery"],"special_seed":0,"relics":["Runic Pyramid","Golden Idol","Sundial","Matryoshka","Bag of Preparation","The Courier","Philosopher\u0027s Stone","Strawberry","Prayer Wheel","StoneCalendar","Anchor","Dream Catcher","Gremlin Horn","Inserter","Bronze Scales","Gambling Chip","Kunai","Centennial Puzzle","Orichalcum","Regal Pillow"],"potions_floor_usage":[28,29,40,45,45,46,50,50],"damage_taken":[{"damage":4.0,"enemies":"Small Slimes","floor":1.0,"turns":4.0},{"damage":4.0,"enemies":"Jaw Worm","floor":2.0,"turns":6.0},{"damage":6.0,"enemies":"2 Louse","floor":3.0,"turns":3.0},{"damage":15.0,"enemies":"3 Sentries","floor":7.0,"turns":9.0},{"damage":1.0,"enemies":"Exordium Wildlife","floor":8.0,"turns":3.0},{"damage":10.0,"enemies":"Lagavulin","floor":10.0,"turns":7.0},{"damage":8.0,"enemies":"3 Louse","floor":11.0,"turns":3.0},{"damage":0.0,"enemies":"2 Fungi Beasts","floor":12.0,"turns":3.0},{"damage":5.0,"enemies":"Gremlin Nob","floor":13.0,"turns":4.0},{"damage":0.0,"enemies":"Looter","floor":14.0,"turns":3.0},{"damage":4.0,"enemies":"The Guardian","floor":16.0,"turns":13.0},{"damage":0.0,"enemies":"Shell Parasite","floor":18.0,"turns":5.0},{"damage":0.0,"enemies":"Spheric Guardian","floor":19.0,"turns":4.0},{"damage":0.0,"enemies":"Book of Stabbing","floor":24.0,"turns":7.0},{"damage":0,"enemies":"Snecko","floor":25,"turns":5},{"damage":0,"enemies":"Cultist and Chosen","floor":27,"turns":7},{"damage":0,"enemies":"Snake Plant","floor":28,"turns":5},{"damage":0,"enemies":"Slavers","floor":29,"turns":5},{"damage":0,"enemies":"Chosen and Byrds","floor":30,"turns":7},{"damage":0,"enemies":"Centurion and Healer","floor":31,"turns":6},{"damage":0,"enemies":"Champ","floor":33,"turns":12},{"damage":0,"enemies":"Orb Walker","floor":35,"turns":4},{"damage":0,"enemies":"3 Shapes","floor":38,"turns":3},{"damage":0,"enemies":"Writhing Mass","floor":39,"turns":6},{"damage":6,"enemies":"Reptomancer","floor":40,"turns":5},{"damage":0,"enemies":"4 Shapes","floor":42,"turns":3},{"damage":0,"enemies":"Nemesis","floor":45,"turns":7},{"damage":0,"enemies":"Spire Growth","floor":46,"turns":6},{"damage":0,"enemies":"Reptomancer","floor":47,"turns":6},{"damage":0,"enemies":"Writhing Mass","floor":48,"turns":6},{"damage":0,"enemies":"Awakened One","floor":50,"turns":12}],"seed_played":"-2025820425931523894","potions_obtained":[{"floor":1.0,"key":"GamblersBrew"},{"floor":3.0,"key":"Energy Potion"},{"floor":8.0,"key":"Regen Potion"},{"floor":11.0,"key":"Energy Potion"},{"floor":16.0,"key":"SpeedPotion"},{"floor":19.0,"key":"SkillPotion"},{"floor":25,"key":"Explosive Potion"},{"floor":27,"key":"FocusPotion"},{"floor":29,"key":"Energy Potion"},{"floor":38,"key":"Energy Potion"},{"floor":40,"key":"Swift Potion"},{"floor":45,"key":"Ancient Potion"},{"floor":47,"key":"Poison Potion"}],"is_trial":false,"path_per_floor":["M","M","M","?","?","R","E","M","T","E","M","M","E","M","R","B",null,"M","M","?","$","?","R","E","M","T","M","M","E","M","M","R","B",null,"M","?","$","M","M","E","R","M","T","$","E","M","E","M","R","B",null],"character_chosen":"DEFECT","items_purchased":["Prayer Wheel","Electrodynamics","Bronze Scales","Block Potion","Conserve Battery"],"campfire_rested":2,"item_purchase_floors":[21,37,37,37,44],"current_hp_per_floor":[64,60,54,36,36,36,21,20,20,19,11,11,6,6,28,24,62,62,62,69,69,69,69,69,69,69,69,69,69,69,69,69,69,79,79,74,74,74,74,68,68,68,68,68,68,68,68,68,82,82],"gold":149,"neow_bonus":"BOSS_RELIC","is_prod":false,"is_daily":false,"chose_seed":false,"campfire_upgraded":4,"win_rate":0,"timestamp":1553675361,"path_taken":["M","M","M","?","?","R","E","M","T","E","M","M","E","M","R","BOSS","M","M","?","$","?","R","E","M","T","M","M","E","M","M","R","BOSS","M","?","$","M","M","E","R","M","T","$","E","M","E","M","R","BOSS"],"build_version":"2019-01-23","purchased_purges":3,"victory":true,"max_hp_per_floor":[75,75,75,75,75,75,75,75,75,75,75,75,75,75,75,75,75,75,75,82,82,82,82,82,82,82,82,82,82,82,82,82,82,82,82,82,82,82,82,82,82,82,82,82,82,82,82,82,82,82],"card_choices":[{"not_picked":["Ball Lightning","Hologram"],"picked":"Genetic Algorithm","floor":1.0},{"not_picked":["Redo","Doom and Gloom"],"picked":"Rebound","floor":2.0},{"not_picked":["Beam Cell","Genetic Algorithm"],"picked":"Cold Snap","floor":3.0},{"not_picked":["Double Energy","Chaos"],"picked":"Ball Lightning","floor":7.0},{"not_picked":["Rebound","Ball Lightning"],"picked":"Cold Snap","floor":8.0},{"not_picked":["Rainbow","Reprogram"],"picked":"Go for the Eyes","floor":10.0},{"not_picked":["FTL","Streamline"],"picked":"BootSequence","floor":11.0},{"not_picked":["Steam","Sweeping Beam"],"picked":"Turbo","floor":12.0},{"not_picked":["Darkness","Turbo","Gash"],"picked":"SKIP","floor":13.0},{"not_picked":["Tempest","Rebound"],"picked":"Buffer","floor":14.0},{"not_picked":["Fission","Seek"],"picked":"Biased Cognition","floor":16.0},{"not_picked":["Hologram","Turbo"],"picked":"Defragment","floor":18.0},{"not_picked":["Reprogram","Gash"],"picked":"Stack+1","floor":19.0},{"not_picked":["Redo","Skim"],"picked":"Defragment","floor":24},{"not_picked":["White Noise","Steam"],"picked":"Redo+1","floor":25},{"not_picked":["Hologram","Conserve Battery"],"picked":"Coolheaded","floor":25},{"not_picked":["Fission","Streamline"],"picked":"Ball Lightning+1","floor":27},{"not_picked":["Redo+1","Hologram+1","Gash"],"picked":"SKIP","floor":27},{"not_picked":["Streamline","Go for the Eyes"],"picked":"Turbo+1","floor":28},{"not_picked":["Skim","Compile Driver"],"picked":"Ball Lightning+1","floor":28},{"not_picked":["Redo","Go for the Eyes","Cold Snap"],"picked":"SKIP","floor":29},{"not_picked":["Cold Snap+1","Ball Lightning"],"picked":"FTL+1","floor":30},{"not_picked":["Leap+1","Barrage"],"picked":"Coolheaded+1","floor":30},{"not_picked":["Hologram","Turbo","Sweeping Beam"],"picked":"SKIP","floor":31},{"not_picked":["Meteor Strike","Cold Snap+1","Stack"],"picked":"SKIP","floor":31},{"not_picked":["Rebound+1","Aggregate","Melter"],"picked":"SKIP","floor":35},{"not_picked":["Tempest","Beam Cell","Steam"],"picked":"SKIP","floor":35},{"not_picked":["Finesse","Bandage Up"],"picked":"Apotheosis","floor":36},{"not_picked":["Beam Cell","Go for the Eyes"],"picked":"Loop","floor":38},{"not_picked":["Steam Power+1","Static Discharge+1","Steam+1"],"picked":"SKIP","floor":38},{"not_picked":["Ball Lightning+1","Genetic Algorithm"],"picked":"Chill","floor":39},{"not_picked":["Capacitor+1","Undo+1"],"picked":"Double Energy","floor":39},{"not_picked":["Electrodynamics","Streamline"],"picked":"Auto Shields+1","floor":40},{"not_picked":["Coolheaded+1","Darkness+1","Steam+1"],"picked":"SKIP","floor":42},{"not_picked":["Steam","Compile Driver+1","Doom and Gloom"],"picked":"SKIP","floor":42},{"not_picked":["White Noise+1","Streamline"],"picked":"Recycle","floor":45},{"not_picked":["Gash+1","Beam Cell+1","Redo"],"picked":"SKIP","floor":46},{"not_picked":["Auto Shields","Ball Lightning","Rainbow"],"picked":"SKIP","floor":46},{"not_picked":["Sweeping Beam","Doom and Gloom+1"],"picked":"Barrage+1","floor":47},{"not_picked":["Leap+1","Ball Lightning"],"picked":"Conserve Battery","floor":48},{"not_picked":["Turbo","Static Discharge+1","Conserve Battery"],"picked":"SKIP","floor":48}],"player_experience":775110,"relics_obtained":[{"floor":7.0,"key":"Sundial"},{"floor":9.0,"key":"Matryoshka"},{"floor":10.0,"key":"Bag of Preparation"},{"floor":13.0,"key":"The Courier"},{"floor":24,"key":"StoneCalendar"},{"floor":26,"key":"Anchor"},{"floor":26,"key":"Dream Catcher"},{"floor":29,"key":"Gremlin Horn"},{"floor":40,"key":"Gambling Chip"},{"floor":43,"key":"Kunai"},{"floor":43,"key":"Centennial Puzzle"},{"floor":45,"key":"Orichalcum"},{"floor":47,"key":"Regal Pillow"}],"event_choices":[{"damage_healed":0.0,"max_hp_gain":0.0,"max_hp_loss":0.0,"gold_gain":0.0,"event_name":"Golden Idol","player_choice":"Take Damage","floor":4.0,"gold_loss":0.0,"damage_taken":18.0,"relics_obtained":["Golden Idol"]},{"damage_healed":0.0,"max_hp_gain":0.0,"max_hp_loss":0.0,"gold_gain":0.0,"event_name":"World of Goop","player_choice":"Left Gold","floor":5.0,"gold_loss":47.0,"damage_taken":0.0},{"damage_healed":0.0,"max_hp_gain":0.0,"max_hp_loss":0.0,"gold_gain":0.0,"event_name":"Addict","player_choice":"Obtained Relic","floor":20.0,"gold_loss":85.0,"damage_taken":0.0,"relics_obtained":["Strawberry"]},{"damage_healed":0.0,"max_hp_gain":0.0,"max_hp_loss":0.0,"gold_gain":0.0,"event_name":"Beggar","player_choice":"Ignored","floor":22.0,"gold_loss":0.0,"damage_taken":0.0},{"damage_healed":0,"gold_gain":0,"player_choice":"Memory 2","damage_taken":5,"max_hp_gain":0,"max_hp_loss":0,"event_name":"SensoryStone","floor":36,"gold_loss":0}],"is_beta":false,"boss_relics":[{"not_picked":["Orrery","Coffee Dripper"],"picked":"Philosopher\u0027s Stone"},{"not_picked":["Tiny House","Cursed Key"],"picked":"Inserter"}],"items_purged_floors":[21,37,44],"is_endless":false,"potions_floor_spawned":[1,3,8,11,16,19,25,27,29,38,40,45,47],"ascension_level":8}