{"gold_per_floor":[111,130,130,154,154,154,174,214,214,48,84,84,58,79,79,168,168,186,186,201,201,41,41,41],"floor_reached":24,"playtime":2998,"items_purged":[],"score":367,"play_id":"579d6c5a-bb03-4622-9118-db083957daaa","local_time":"20190320160022","is_ascension_mode":true,"campfire_choices":[{"data":"Neutralize","floor":6.0,"key":"SMITH"},{"floor":12.0,"key":"REST"},{"floor":15,"key":"REST"},{"floor":23,"key":"REST"}],"neow_cost":"NONE","seed_source_timestamp":0,"circlet_count":0,"master_deck":["AscendersBane","Defend_G+1","Defend_G+1","Defend_G+1","Defend_G+1","Defend_G+1","Strike_G+1","Strike_G+1","Strike_G+1","Strike_G+1","Strike_G+1","Survivor","Neutralize+1","Deep Breath","Sucker Punch+1","PiercingWail","Injury","Infinite Blades","Skewer","Envenom","Crippling Poison","Cloak And Dagger","Corpse Explosion","Terror","Heel Hook","Finisher","Dodge and Roll","Wraith Form v2","Blade Dance+1","RitualDagger"],"special_seed":0,"relics":["Ring of the Snake","Golden Idol","Kunai","Gremlin Horn","Lantern","Orrery","Pen Nib"],"potions_floor_usage":[18,18],"damage_taken":[{"damage":8.0,"enemies":"Jaw Worm","floor":1.0,"turns":6.0},{"damage":0.0,"enemies":"Small Slimes","floor":2.0,"turns":3.0},{"damage":0.0,"enemies":"2 Louse","floor":4.0,"turns":4.0},{"damage":1.0,"enemies":"Exordium Wildlife","floor":7.0,"turns":5.0},{"damage":30.0,"enemies":"3 Sentries","floor":8.0,"turns":9.0},{"damage":9.0,"enemies":"Lagavulin","floor":11.0,"turns":7.0},{"damage":7.0,"enemies":"2 Fungi Beasts","floor":14.0,"turns":5.0},{"damage":19,"enemies":"The Guardian","floor":16,"turns":14},{"damage":11,"enemies":"3 Byrds","floor":18,"turns":3},{"damage":27,"enemies":"Spheric Guardian","floor":20,"turns":8},{"damage":34,"enemies":"Book of Stabbing","floor":24,"turns":6}],"seed_played":"-513026220696362141","potions_obtained":[{"floor":4.0,"key":"LiquidBronze"},{"floor":14.0,"key":"Swift Potion"},{"floor":16,"key":"SkillPotion"},{"floor":20,"key":"SteroidPotion"}],"is_trial":false,"path_per_floor":["M","M","?","M","?","R","M","E","T","$","E","R","$","M","R","B",null,"M","?","M","?","$","R","E"],"character_chosen":"THE_SILENT","items_purchased":["Envenom","Cloak And Dagger","Pen Nib"],"campfire_rested":3,"item_purchase_floors":[10,13,22],"current_hp_per_floor":[51,51,51,51,51,51,50,20,20,20,11,30,30,23,42,23,55,44,44,17,11,11,30,0],"gold":41,"neow_bonus":"RANDOM_COLORLESS","is_prod":false,"is_daily":false,"chose_seed":false,"campfire_upgraded":1,"win_rate":0,"timestamp":1553097622,"path_taken":["M","M","?","M","?","R","M","E","T","$","E","R","?","M","R","BOSS","M","?","M","?","$","R","E"],"build_version":"2019-01-23","purchased_purges":0,"victory":false,"max_hp_per_floor":[66,66,66,66,66,66,66,66,66,66,66,66,66,66,66,66,66,66,66,66,66,66,66,66],"card_choices":[{"not_picked":["Dodge and Roll","Quick Slash"],"picked":"Sucker Punch","floor":1.0},{"not_picked":["Sucker Punch","Backflip"],"picked":"PiercingWail","floor":2.0},{"not_picked":["Outmaneuver","Bane","Underhanded Strike"],"picked":"SKIP","floor":4.0},{"not_picked":["Flechettes","Tactician"],"picked":"Infinite Blades","floor":7.0},{"not_picked":["Endless Agony","Deflect"],"picked":"Skewer","floor":8.0},{"not_picked":["Dagger Spray","Choke"],"picked":"Crippling Poison","floor":11.0},{"not_picked":["Prepared","Blade Dance","Bullet Time"],"picked":"SKIP","floor":14.0},{"not_picked":["Night Terror","After Image"],"picked":"Corpse Explosion","floor":16},{"not_picked":["Bane","Quick Slash"],"picked":"Terror","floor":17},{"not_picked":["Quick Slash","Sucker Punch"],"picked":"Heel Hook","floor":17},{"not_picked":["Bouncing Flask","Dagger Throw"],"picked":"Finisher","floor":17},{"not_picked":["Choke","Dagger Spray"],"picked":"Dodge and Roll","floor":17},{"not_picked":["Flying Knee","Distraction"],"picked":"Wraith Form v2","floor":18},{"not_picked":["Crippling Poison","Prepared"],"picked":"Blade Dance+1","floor":20}],"player_experience":675968,"relics_obtained":[{"floor":8.0,"key":"Kunai"},{"floor":9.0,"key":"Gremlin Horn"},{"floor":11.0,"key":"Lantern"}],"event_choices":[{"damage_healed":0.0,"max_hp_gain":0.0,"max_hp_loss":0.0,"gold_gain":0.0,"event_name":"Golden Idol","player_choice":"Take Wound","floor":3.0,"gold_loss":0.0,"damage_taken":0.0,"relics_obtained":["Golden Idol"],"cards_obtained":["Injury"]},{"damage_healed":0.0,"max_hp_gain":0.0,"max_hp_loss":0.0,"gold_gain":0.0,"event_name":"Living Wall","player_choice":"Grow","floor":5.0,"gold_loss":0.0,"damage_taken":0.0,"cards_upgraded":["Sucker Punch"]},{"damage_healed":0,"gold_gain":0,"player_choice":"Simplicity","damage_taken":0,"max_hp_gain":0,"max_hp_loss":0,"event_name":"Back to Basics","floor":19,"gold_loss":0,"cards_upgraded":["Defend_G","Defend_G","Defend_G","Defend_G","Defend_G","Strike_G","Strike_G","Strike_G","Strike_G","Strike_G"]},{"damage_healed":0,"gold_gain":0,"player_choice":"Joined the Cult","damage_taken":6,"max_hp_gain":0,"max_hp_loss":0,"event_name":"Nest","floor":21,"gold_loss":0,"cards_obtained":["RitualDagger"]}],"is_beta":false,"boss_relics":[{"not_picked":["Busted Crown","HoveringKite"],"picked":"Orrery"}],"items_purged_floors":[],"is_endless":false,"potions_floor_spawned":[4,14,16,20],"killed_by":"Book of Stabbing","ascension_level":16}