{"gold_per_floor":[115,134,150,150,168,209,209,275,275,325,325],"floor_reached":11,"playtime":715,"items_purged":[],"score":135,"play_id":"83aa8811-cb34-437b-886e-03eadcd21046","local_time":"20190411111749","is_ascension_mode":true,"campfire_choices":[],"neow_cost":"NONE","seed_source_timestamp":0,"circlet_count":0,"master_deck":["AscendersBane","Strike_B","Strike_B","Strike_B","Defend_B","Defend_B","Defend_B","Defend_B","Zap","Dualcast","Gash","Streamline","Self Repair","Gash","Leap"],"special_seed":0,"relics":["Cracked Core","Happy Flower","Golden Idol","Blood Vial","SsserpentHead","Darkstone Periapt"],"potions_floor_usage":[],"damage_taken":[{"damage":7.0,"enemies":"Jaw Worm","floor":1.0,"turns":3.0},{"damage":0.0,"enemies":"2 Louse","floor":2.0,"turns":2.0},{"damage":1.0,"enemies":"Cultist","floor":3.0,"turns":3.0},{"damage":6.0,"enemies":"3 Louse","floor":5.0,"turns":3.0},{"damage":25.0,"enemies":"Lagavulin","floor":6.0,"turns":6.0},{"damage":24,"enemies":"Lots of Slimes","floor":8,"turns":5},{"damage":31,"enemies":"Gremlin Nob","floor":11,"turns":4}],"seed_played":"-6920735002211395416","potions_obtained":[{"floor":5.0,"key":"PowerPotion"},{"floor":8,"key":"Ancient Potion"}],"is_trial":false,"path_per_floor":["M","M","M","?","M","E","?","M","T","?","E"],"character_chosen":"DEFECT","items_purchased":[],"campfire_rested":0,"item_purchase_floors":[],"current_hp_per_floor":[57,57,56,56,57,39,39,24,24,24,0],"gold":325,"neow_bonus":"RANDOM_COMMON_RELIC","is_prod":false,"is_daily":false,"chose_seed":false,"campfire_upgraded":0,"win_rate":0,"timestamp":1554977869,"path_taken":["M","M","M","?","M","E","?","?","T","?","E"],"build_version":"2019-01-23","purchased_purges":0,"victory":false,"max_hp_per_floor":[71,71,71,64,64,64,64,64,64,64,64],"card_choices":[{"not_picked":["Steam","BootSequence"],"picked":"Gash","floor":1.0},{"not_picked":["Darkness","Reinforced Body"],"picked":"Streamline","floor":2.0},{"not_picked":["Genetic Algorithm","Streamline"],"picked":"Self Repair","floor":3.0},{"not_picked":["Chill","Force Field"],"picked":"Gash","floor":5.0},{"not_picked":["Hyperbeam","Compile Driver"],"picked":"Leap","floor":6.0},{"not_picked":["Reinforced Body","Heatsinks","Stack"],"picked":"SKIP","floor":8}],"player_experience":1001026,"relics_obtained":[{"floor":6.0,"key":"Blood Vial"},{"floor":9,"key":"Darkstone Periapt"}],"event_choices":[{"damage_healed":0.0,"max_hp_gain":0.0,"max_hp_loss":7.0,"gold_gain":0.0,"event_name":"Golden Idol","player_choice":"Lose Max HP","floor":4.0,"gold_loss":0.0,"damage_taken":0.0,"relics_obtained":["Golden Idol"]},{"damage_healed":0,"gold_gain":0,"player_choice":"Trade","damage_taken":0,"relics_obtained":["SsserpentHead"],"max_hp_gain":0,"max_hp_loss":0,"event_name":"FaceTrader","floor":7,"gold_loss":0},{"cards_removed":["Strike_B"],"damage_healed":0,"gold_gain":0,"player_choice":"Purged","damage_taken":0,"max_hp_gain":0,"max_hp_loss":0,"event_name":"Purifier","floor":10,"gold_loss":0}],"is_beta":false,"boss_relics":[],"items_purged_floors":[],"is_endless":false,"potions_floor_spawned":[5,8],"killed_by":"Gremlin Nob","ascension_level":16}