{"gold_per_floor":[17,17,17,17,192,192,225,238,238,44,70,70,101,113,113,186,186,202,202],"floor_reached":19,"playtime":731,"items_purged":[],"score":311,"play_id":"413d58bd-df45-442c-bc94-9d0d5b61dec6","local_time":"20181020150944","is_ascension_mode":true,"campfire_choices":[{"data":"Doubt","floor":6.0,"key":"PURGE"},{"data":"Wild Strike","floor":12,"key":"SMITH"},{"data":"Disarm","floor":15,"key":"SMITH"}],"neow_cost":"NO_GOLD","seed_source_timestamp":0,"circlet_count":0,"master_deck":["Strike_R","Strike_R","Strike_R","Defend_R","Defend_R","Defend_R","Defend_R","Bash","AscendersBane","Pommel Strike","Whirlwind","Wild Strike+1","Flex","Flex","Disarm+1","Fiend Fire","Shrug It Off+1"],"special_seed":0,"relics":["Burning Blood","Peace Pipe","Gremlin Horn","FossilizedHelix","Lee\u0027s Waffle","Calipers","Bottled Flame","Empty Cage"],"potions_floor_usage":[11,11,13,16,16],"damage_taken":[{"damage":13.0,"enemies":"Jaw Worm","floor":1.0,"turns":4.0},{"damage":60,"enemies":"3 Sentries","floor":7,"turns":13},{"damage":3,"enemies":"2 Louse","floor":8,"turns":4},{"damage":40,"enemies":"Lagavulin","floor":11,"turns":7},{"damage":15,"enemies":"3 Sentries","floor":13,"turns":5},{"damage":0,"enemies":"Cultist","floor":14,"turns":3},{"damage":52,"enemies":"Slime Boss","floor":16,"turns":13},{"damage":19,"enemies":"3 Byrds","floor":18,"turns":6},{"damage":19,"enemies":"Colosseum Slavers","floor":19,"turns":5},{"damage":53,"enemies":"Colosseum Nobs","floor":19,"turns":4}],"seed_played":"-8296784711374463253","potions_obtained":[{"floor":8,"key":"EntropicBrew"},{"floor":11,"key":"Strength Potion"},{"floor":14,"key":"Regen Potion"},{"floor":16,"key":"Ancient Potion"}],"is_trial":false,"path_per_floor":["M","?","$","?","?","R","E","M","T","$","E","R","E","M","R","B",null,"M"],"character_chosen":"IRONCLAD","items_purchased":["Lee\u0027s Waffle"],"campfire_rested":0,"item_purchase_floors":[10],"current_hp_per_floor":[61,61,61,61,61,61,7,10,10,82,48,48,39,45,45,8,64,51,0],"gold":202,"neow_bonus":"ONE_RARE_RELIC","is_prod":false,"is_daily":false,"chose_seed":false,"campfire_upgraded":2,"win_rate":0,"timestamp":1540073384,"path_taken":["M","?","$","?","?","R","E","M","T","$","E","R","E","M","R","BOSS","M","?"],"build_version":"2018-10-18","purchased_purges":0,"victory":false,"max_hp_per_floor":[75,75,75,75,75,75,75,75,75,82,82,82,82,82,82,82,82,82,82],"card_choices":[{"not_picked":["Armaments","Wild Strike"],"picked":"Pommel Strike","floor":1.0},{"not_picked":["Blood for Blood","Evolve"],"picked":"Whirlwind","floor":7},{"not_picked":["Sword Boomerang","Shrug It Off"],"picked":"Wild Strike","floor":8},{"not_picked":["Uppercut","Heavy Blade"],"picked":"Flex","floor":11},{"not_picked":["Body Slam","Feel No Pain"],"picked":"Flex","floor":13},{"not_picked":["Shrug It Off","Clothesline"],"picked":"Disarm","floor":14},{"not_picked":["Demon Form","Exhume"],"picked":"Fiend Fire","floor":16},{"not_picked":["Combust","Wild Strike+1"],"picked":"Shrug It Off+1","floor":18}],"player_experience":572188,"relics_obtained":[{"floor":7,"key":"Gremlin Horn"},{"floor":9,"key":"FossilizedHelix"},{"floor":11,"key":"Calipers"},{"floor":13,"key":"Bottled Flame"}],"event_choices":[{"damage_healed":0.0,"max_hp_gain":0.0,"max_hp_loss":0.0,"gold_gain":0.0,"event_name":"Golden Wing","player_choice":"Ignored","floor":2.0,"gold_loss":0.0,"damage_taken":0.0},{"damage_healed":0.0,"max_hp_gain":0.0,"max_hp_loss":0.0,"gold_gain":0.0,"event_name":"Shining Light","player_choice":"Ignored","floor":4.0,"gold_loss":0.0,"damage_taken":0.0},{"damage_healed":0.0,"max_hp_gain":0.0,"max_hp_loss":0.0,"gold_gain":175.0,"event_name":"Liars Game","player_choice":"AGREE","floor":5.0,"gold_loss":0.0,"damage_taken":0.0,"cards_obtained":["Doubt"]},{"damage_healed":0,"gold_gain":0,"player_choice":"Fight","damage_taken":0,"max_hp_gain":0,"max_hp_loss":0,"event_name":"Colosseum","floor":19,"gold_loss":0},{"damage_healed":0,"gold_gain":0,"player_choice":"Fought Nobs","damage_taken":0,"max_hp_gain":0,"max_hp_loss":0,"event_name":"Colosseum","floor":19,"gold_loss":0}],"is_beta":false,"boss_relics":[{"not_picked":["Snecko Eye","Philosopher\u0027s Stone"],"picked":"Empty Cage"}],"items_purged_floors":[],"is_endless":false,"potions_floor_spawned":[8,11,14,16],"killed_by":"Colosseum Nobs","ascension_level":14}