{"path_per_floor":["M","?","M","?","M","R","$","R","T","E","R","M","?","M","R","B",null,"M","$","M","?","?","R","E","R","T","$","?","M","M","E","R"],"character_chosen":"THE_SILENT","items_purchased":["Dead Branch","Purity","Calculated Gamble","Escape Plan","Molten Egg 2","Fire Potion"],"gold_per_floor":[359,534,553,553,573,573,32,32,32,68,68,88,163,183,183,314,314,307,7,23,23,23,23,56,56,83,32,32,44,62,93,93],"floor_reached":33,"campfire_rested":3,"playtime":1891,"current_hp_per_floor":[57,57,47,47,32,32,32,32,32,21,38,38,27,26,43,7,58,58,58,58,58,58,58,51,51,56,56,56,58,58,30,47],"items_purged":["Doubt"],"gold":93,"score":340,"play_id":"e5c03901-5ec9-4b5f-8f24-47dc53a2dd18","is_prod":false,"is_daily":false,"is_ascension_mode":true,"campfire_upgraded":4,"path_taken":["M","?","M","?","M","R","$","R","T","E","R","M","?","?","R","BOSS","M","$","M","?","?","R","E","R","T","$","?","M","M","E","R","BOSS"],"build_version":"2018-02-12-PROD1","purchased_purges":1,"victory":false,"master_deck":["Defend_G","Defend_G","Defend_G","Defend_G","Strike_G","Strike_G","Strike_G","Survivor","Neutralize","Deadly Poison","Backstab","Distraction+1","Purity+1","Calculated Gamble","Slice","Prepared","Blade Dance+1","Venomology+1","Storm of Steel+1","Bouncing Flask+1","Dodge and Roll+1","Malaise+1","Escape Plan","PiercingWail+1","Dagger Throw+1","Catalyst+1","Infinite Blades","A Thousand Cuts"],"max_hp_per_floor":[63,63,63,58,58,58,58,58,58,58,58,58,58,58,58,58,58,58,58,58,58,58,58,58,58,58,58,58,58,58,58,58],"relics":["Ring of the Snake","Bloody Idol","Dead Branch","Unceasing Top","Bottled Lightning","Astrolabe","Molten Egg 2","Dream Catcher","Snake Skull","Ornamental Fan"],"card_choices":[{"not_picked":["Caltrops","Bane"],"picked":"Deadly Poison"},{"not_picked":["Flying Knee","Outmaneuver"],"picked":"Backstab"},{"not_picked":["Bane","Finisher"],"picked":"Distraction"},{"not_picked":["Blade Dance","Acrobatics"],"picked":"Slice"},{"not_picked":["Slice","Bane"],"picked":"Prepared"},{"not_picked":["Deflect","Quick Slash"],"picked":"Blade Dance"},{"not_picked":["A Thousand Cuts","Glass Knife"],"picked":"Venomology"},{"not_picked":["Quick Slash","Masterful Stab"],"picked":"Malaise"},{"not_picked":["Reflex","Cloak And Dagger"],"picked":"PiercingWail"},{"not_picked":["Acrobatics","Dash"],"picked":"Dagger Throw"},{"not_picked":["Bane","Dagger Throw"],"picked":"Catalyst"},{"not_picked":["Predator","Prepared"],"picked":"Infinite Blades"},{"not_picked":["Tools of the Trade","Bouncing Flask"],"picked":"A Thousand Cuts"}],"player_experience":118561,"potions_floor_usage":[10,10,10,16,16,18,18,20,20,20,24,29,29,30,31,31,31,33],"damage_taken":[{"damage":6.0,"enemies":"Cultist","floor":1.0,"turns":5.0},{"damage":10,"enemies":"2 Louse","floor":3,"turns":3},{"damage":15,"enemies":"2 Fungi Beasts","floor":5,"turns":3},{"damage":11,"enemies":"Gremlin Nob","floor":10,"turns":3},{"damage":0,"enemies":"Large Slime","floor":12,"turns":4},{"damage":1,"enemies":"Gremlin Gang","floor":14,"turns":3},{"damage":36,"enemies":"The Guardian","floor":16,"turns":9},{"damage":0,"enemies":"2 Thieves","floor":18,"turns":4},{"damage":0,"enemies":"Shell Parasite","floor":20,"turns":2},{"damage":12,"enemies":"Slavers","floor":24,"turns":7},{"damage":0,"enemies":"Centurion and Healer","floor":29,"turns":6},{"damage":1,"enemies":"Chosen and Byrds","floor":30,"turns":4},{"damage":36,"enemies":"Gremlin Leader","floor":31,"turns":6},{"damage":56,"enemies":"Automaton","floor":33,"turns":6}],"event_choices":[{"event_name":"Liars Game","player_choice":"agreed","floor":2,"damage_taken":0},{"event_name":"Golden Idol","player_choice":"Lose Max HP","floor":4,"damage_taken":0},{"event_name":"World of Goop","player_choice":"Gather Gold","floor":13,"damage_taken":0},{"event_name":"Forgotten Altar","player_choice":"Gave Idol","floor":21,"damage_taken":0},{"event_name":"Beggar","player_choice":"Ignored","floor":22,"damage_taken":0},{"event_name":"Addict","player_choice":"Ignored","floor":28,"damage_taken":0}],"boss_relics":[{"not_picked":["Runic Dome","The Specimen"],"picked":"Astrolabe"}],"potions_floor_spawned":[1,10,14,16,18,29,30],"seed_played":"6717997456876613687","killed_by":"Automaton","ascension_level":4,"is_trial":false}