{"gold_per_floor":[362,437,456,468,52,52,80,80,80,80,107,125,150,150,150,224,224,235,52,52,52,67,67,79,79,161,161,174,200,200,212,212,289,289,309,326,426,426,442,442,455,455,503,345,375,386,386,421,421,421,421,421,421,0,32,32],"floor_reached":56,"playtime":7082,"items_purged":["Injury","Strike_B"],"score":1941,"play_id":"420b2144-11ba-4c41-9e0c-3754f9a3a67c","local_time":"20190415122938","is_ascension_mode":true,"campfire_choices":[{"data":"Zap","floor":6.0,"key":"SMITH"},{"data":"Biased Cognition","floor":8.0,"key":"SMITH"},{"floor":10.0,"key":"REST"},{"floor":15.0,"key":"REST"},{"floor":23.0,"key":"REST"},{"data":"Chaos","floor":27.0,"key":"SMITH"},{"data":"Dualcast","floor":30.0,"key":"SMITH"},{"data":"Undo","floor":32.0,"key":"SMITH"},{"data":"Go for the Eyes","floor":40,"key":"SMITH"},{"data":"Consume","floor":42,"key":"SMITH"},{"floor":49,"key":"RECALL"},{"data":"Conserve Battery","floor":53,"key":"SMITH"}],"neow_cost":"CURSE","seed_source_timestamp":0,"circlet_count":0,"master_deck":["AscendersBane","Defend_B","Defend_B","Defend_B","Zap+1","Dualcast+1","Ball Lightning","Conserve Battery+1","Core Surge","Biased Cognition+1","Chaos+1","Undo+1","Capacitor+1","Electrodynamics+1","Fission+1","Reboot+1","Redo+1","Cold Snap","Self Repair+1","Glacier","Self Repair+1","Chill","Machine Learning+1","FTL","Go for the Eyes+1","Consume+1","Coolheaded+1","Echo Form+1","Capacitor+1","Barrage+1","Defragment+1","Panacea","Chill"],"special_seed":0,"relics":["Cracked Core","Regal Pillow","Ornamental Fan","Frozen Egg 2","Shuriken","Odd Mushroom","Astrolabe","Cables","Prayer Wheel","Eternal Feather","Thread and Needle","Dead Branch","The Courier","Membership Card","Incense Burner","Oddly Smooth Stone"],"potions_floor_usage":[45,50,50,50,56,56],"damage_taken":[{"damage":0.0,"enemies":"Small Slimes","floor":1.0,"turns":3.0},{"damage":4.0,"enemies":"2 Louse","floor":3.0,"turns":2.0},{"damage":2.0,"enemies":"Jaw Worm","floor":4.0,"turns":3.0},{"damage":18.0,"enemies":"Lagavulin","floor":7.0,"turns":5.0},{"damage":25.0,"enemies":"3 Sentries","floor":11.0,"turns":7.0},{"damage":18.0,"enemies":"Lots of Slimes","floor":12.0,"turns":3.0},{"damage":18.0,"enemies":"The Mushroom Lair","floor":13.0,"turns":4.0},{"damage":26.0,"enemies":"Hexaghost","floor":16.0,"turns":8.0},{"damage":14.0,"enemies":"3 Byrds","floor":18.0,"turns":3.0},{"damage":25.0,"enemies":"Shell Parasite","floor":22.0,"turns":3.0},{"damage":8.0,"enemies":"Shelled Parasite and Fungi","floor":24.0,"turns":7.0},{"damage":14.0,"enemies":"Snake Plant","floor":28.0,"turns":6.0},{"damage":23.0,"enemies":"Gremlin Leader","floor":29.0,"turns":6.0},{"damage":0.0,"enemies":"3 Cultists","floor":31.0,"turns":3.0},{"damage":56.0,"enemies":"Automaton","floor":33.0,"turns":11.0},{"damage":8,"enemies":"3 Shapes","floor":35,"turns":3},{"damage":32,"enemies":"3 Darklings","floor":36,"turns":5},{"damage":8,"enemies":"Mind Bloom Boss Battle","floor":37,"turns":6},{"damage":2,"enemies":"Jaw Worm Horde","floor":39,"turns":3},{"damage":7,"enemies":"Sphere and 2 Shapes","floor":41,"turns":6},{"damage":0,"enemies":"Giant Head","floor":45,"turns":14},{"damage":0,"enemies":"Transient","floor":46,"turns":6},{"damage":12,"enemies":"Nemesis","floor":48,"turns":12},{"damage":24,"enemies":"Awakened One","floor":50,"turns":17},{"damage":41,"enemies":"Donu and Deca","floor":51,"turns":13},{"damage":52,"enemies":"Shield and Spear","floor":55,"turns":14},{"damage":71,"enemies":"The Heart","floor":56,"turns":14}],"seed_played":"1717803801687046063","potions_obtained":[{"floor":4.0,"key":"FearPotion"},{"floor":11.0,"key":"Regen Potion"},{"floor":12.0,"key":"Swift Potion"},{"floor":22.0,"key":"Ancient Potion"},{"floor":24.0,"key":"SpeedPotion"},{"floor":28.0,"key":"EssenceOfSteel"},{"floor":29.0,"key":"EntropicBrew"},{"floor":35,"key":"PowerPotion"},{"floor":45,"key":"EssenceOfSteel"}],"is_trial":false,"path_per_floor":["M","?","M","M","$","R","E","R","T","R","E","M","?","?","R","B",null,"M","$","?","$","M","R","M","?","T","R","M","E","R","M","R","B",null,"M","M","?","?","M","R","M","R","T","$","E","M","?","E","R","B","B",null,"R","$","E","B"],"character_chosen":"DEFECT","items_purchased":["Core Surge","Regal Pillow","Self Repair+1","Echo Form+1","Membership Card","Defragment+1","Incense Burner","FocusPotion","Panacea"],"campfire_rested":3,"item_purchase_floors":[5,5,19,44,54,54,54,54,54],"current_hp_per_floor":[64,53,49,47,47,47,29,29,29,65,40,22,16,16,52,26,60,46,46,60,60,35,71,71,71,71,71,71,68,68,71,71,35,62,71,59,71,71,71,71,71,71,71,71,71,71,71,71,71,71,70,71,71,71,59,0],"gold":32,"neow_bonus":"TWO_FIFTY_GOLD","is_prod":false,"is_daily":false,"chose_seed":false,"campfire_upgraded":8,"win_rate":0,"timestamp":1555352978,"path_taken":["M","?","M","M","$","R","E","R","T","R","E","M","?","?","R","BOSS","M","$","?","?","M","R","?","?","T","R","M","E","R","M","R","BOSS","M","M","?","?","?","R","M","R","T","?","E","?","?","E","R","BOSS","BOSS","R","$","E","BOSS"],"build_version":"2019-04-04","purchased_purges":2,"victory":false,"max_hp_per_floor":[71,71,71,71,71,71,71,71,71,71,71,71,71,71,71,71,71,71,71,71,71,71,71,71,71,71,71,71,71,71,71,71,71,71,71,71,71,71,71,71,71,71,71,71,71,71,71,71,71,71,71,71,71,71,71,71],"card_choices":[{"not_picked":["Compile Driver","Beam Cell"],"picked":"Ball Lightning","floor":1.0},{"not_picked":["Reprogram","Heatsinks","Stack"],"picked":"SKIP","floor":3.0},{"not_picked":["Rebound","Tempest"],"picked":"Conserve Battery","floor":4.0},{"not_picked":["Ball Lightning","Lockon"],"picked":"Biased Cognition","floor":7.0},{"not_picked":["Turbo","Barrage"],"picked":"Chaos","floor":11.0},{"not_picked":["Sweeping Beam","Static Discharge+1"],"picked":"Undo","floor":12.0},{"not_picked":["Streamline","Ball Lightning"],"picked":"Capacitor+1","floor":13.0},{"not_picked":["Biased Cognition+1","Core Surge"],"picked":"Electrodynamics+1","floor":16.0},{"not_picked":["Turbo","Ball Lightning"],"picked":"Cold Snap","floor":18.0},{"not_picked":["Sweeping Beam","Coolheaded"],"picked":"Glacier","floor":22.0},{"not_picked":["Beam Cell","Coolheaded"],"picked":"Self Repair+1","floor":24.0},{"not_picked":["Chaos","Stack","Rebound"],"picked":"SKIP","floor":28.0},{"not_picked":["Hologram","Cold Snap"],"picked":"Chill","floor":29.0},{"not_picked":["Barrage","Conserve Battery","Beam Cell"],"picked":"SKIP","floor":31.0},{"not_picked":["Static Discharge+1","Barrage","Scrape"],"picked":"SKIP","floor":31.0},{"not_picked":["Amplify","Thunder Strike"],"picked":"Machine Learning+1","floor":33.0},{"not_picked":["Static Discharge+1","Rebound","Lockon+1"],"picked":"SKIP","floor":35},{"not_picked":["Steam+1","Cold Snap+1","Reinforced Body"],"picked":"SKIP","floor":35},{"not_picked":["Steam Power","Melter"],"picked":"FTL","floor":36},{"not_picked":["Steam","Doom and Gloom","Sweeping Beam"],"picked":"SKIP","floor":36},{"not_picked":["Beam Cell+1","Compile Driver"],"picked":"Go for the Eyes","floor":39},{"not_picked":["Stack","Gash+1","Conserve Battery"],"picked":"SKIP","floor":39},{"not_picked":["Aggregate","White Noise"],"picked":"Consume","floor":41},{"not_picked":["Barrage","Chaos"],"picked":"Coolheaded+1","floor":41},{"not_picked":["Meteor Strike","Go for the Eyes"],"picked":"Capacitor+1","floor":45},{"not_picked":["FTL","Auto Shields","Gash"],"picked":"SKIP","floor":46},{"not_picked":["Compile Driver","Force Field","Consume"],"picked":"SKIP","floor":46},{"not_picked":["Blizzard","Rip and Tear"],"picked":"Barrage+1","floor":48},{"not_picked":["Barrage+1","Chaos"],"picked":"Chill","floor":55}],"player_experience":2891065,"relics_obtained":[{"floor":7.0,"key":"Ornamental Fan"},{"floor":9.0,"key":"Frozen Egg 2"},{"floor":11.0,"key":"Shuriken"},{"floor":13.0,"key":"Odd Mushroom"},{"floor":26.0,"key":"Cables"},{"floor":29.0,"key":"Prayer Wheel"},{"floor":37,"key":"Thread and Needle"},{"floor":45,"key":"Dead Branch"},{"floor":48,"key":"The Courier"},{"floor":55,"key":"Oddly Smooth Stone"}],"event_choices":[{"damage_healed":0.0,"max_hp_gain":0.0,"max_hp_loss":0.0,"gold_gain":75.0,"event_name":"World of Goop","player_choice":"Gather Gold","floor":2.0,"gold_loss":0.0,"damage_taken":11.0},{"damage_healed":0.0,"max_hp_gain":0.0,"max_hp_loss":0.0,"gold_gain":0.0,"event_name":"Mushrooms","player_choice":"Fought Mushrooms","floor":13.0,"gold_loss":0.0,"damage_taken":0.0},{"damage_healed":0.0,"max_hp_gain":0.0,"max_hp_loss":0.0,"gold_gain":0.0,"event_name":"Liars Game","player_choice":"Ignored","floor":14.0,"gold_loss":0.0,"damage_taken":0.0},{"damage_healed":14.0,"max_hp_gain":0.0,"max_hp_loss":0.0,"gold_gain":0.0,"event_name":"The Library","player_choice":"Heal","floor":20.0,"gold_loss":0.0,"damage_taken":0.0},{"damage_healed":0,"gold_gain":0,"player_choice":"Fight","damage_taken":0,"max_hp_gain":0,"max_hp_loss":0,"event_name":"MindBloom","floor":37,"gold_loss":0},{"cards_removed":["Defend_B"],"damage_healed":0,"gold_gain":0,"player_choice":"Offered Basic","damage_taken":0,"max_hp_gain":0,"max_hp_loss":0,"event_name":"Bonfire Elementals","floor":38,"gold_loss":0},{"damage_healed":0,"gold_gain":0,"player_choice":"Ignored","damage_taken":0,"max_hp_gain":0,"max_hp_loss":0,"event_name":"Tomb of Lord Red Mask","floor":47,"gold_loss":0}],"is_beta":true,"boss_relics":[{"not_picked":["Black Star","Runic Dome"],"picked":"Astrolabe"},{"not_picked":["Lizard Tail","Snecko Eye"],"picked":"Eternal Feather"}],"items_purged_floors":[5,19],"is_endless":false,"potions_floor_spawned":[4,11,12,22,24,28,29,35,45,48],"killed_by":"The Heart","ascension_level":20}