{"path_per_floor":["M","T","$","M","M","E","R","E","T","M","M","M","R","?","R","B",null,"M","?","?","$","M"],"character_chosen":"THE_SILENT","items_purchased":["Dagger Spray","Quick Slash","Mango"],"gold_per_floor":[111,134,38,58,68,102,102,131,131,147,161,173,173,173,173,275,275,288,288,288,2,16],"floor_reached":23,"campfire_rested":1,"playtime":598,"current_hp_per_floor":[70,70,70,70,70,66,66,41,41,33,32,25,25,25,46,33,70,52,39,39,53,51],"items_purged":[],"gold":16,"score":266,"play_id":"ba746fee-d35f-4cbb-b10a-9d7b0676a7f5","is_prod":false,"is_daily":false,"is_ascension_mode":true,"campfire_upgraded":2,"path_taken":["M","?","$","M","M","E","R","E","T","M","M","M","R","?","R","BOSS","M","?","?","$","M","E"],"build_version":"2018-02-15-PROD1","purchased_purges":0,"victory":false,"master_deck":["Defend_G","Defend_G","Defend_G","Defend_G","Defend_G","Strike_G","Strike_G","Strike_G","Strike_G","Strike_G","Survivor","Neutralize","Dagger Throw","Dagger Spray+1","Quick Slash","Dagger Throw","Quick Slash","Dagger Throw","Noxious Fumes+1","Dagger Spray","Dagger Spray","Deadly Poison","Venomology","Cloak And Dagger","Deflect"],"max_hp_per_floor":[70,70,70,70,70,70,70,70,70,70,70,70,70,70,70,70,70,70,75,75,89,89],"relics":["Ring of the Snake","Happy Flower","Lantern","Ice Cream","Letter Opener","Unceasing Top","The Specimen","Toolbox","Mango"],"card_choices":[{"not_picked":["Endless Agony","Distraction"],"picked":"Dagger Throw"},{"not_picked":["Endless Agony","Backflip"],"picked":"Dagger Throw"},{"not_picked":["Acrobatics","Backflip"],"picked":"Quick Slash"},{"not_picked":["Endless Agony","Infinite Blades"],"picked":"Dagger Throw"},{"not_picked":["Outmaneuver","Bullet Time"],"picked":"Noxious Fumes"},{"not_picked":["Prepared","Slice"],"picked":"Dagger Spray"},{"not_picked":["Outmaneuver","Dagger Throw"],"picked":"Dagger Spray"},{"not_picked":["Grand Finale","Cloak And Dagger"],"picked":"Deadly Poison"},{"not_picked":["Wraith Form","Phantasmal Killer"],"picked":"Venomology"},{"not_picked":["Acrobatics","Underhanded Strike"],"picked":"Cloak And Dagger"},{"not_picked":["Prepared","Outmaneuver"],"picked":"Deflect"}],"player_experience":170059,"potions_floor_usage":[6,16,18,22,22,23,23],"damage_taken":[{"damage":0,"enemies":"Cultist","floor":1,"turns":4},{"damage":0,"enemies":"2 Louse","floor":4,"turns":1},{"damage":0,"enemies":"Small Slimes","floor":5,"turns":2},{"damage":4,"enemies":"3 Sentries","floor":6,"turns":4},{"damage":25,"enemies":"Lagavulin","floor":8,"turns":5},{"damage":8,"enemies":"3 Louse","floor":10,"turns":3},{"damage":1,"enemies":"Blue Slaver","floor":11,"turns":2},{"damage":7,"enemies":"Exordium Wildlife","floor":12,"turns":3},{"damage":13,"enemies":"Slime Boss","floor":16,"turns":9},{"damage":18,"enemies":"2 Thieves","floor":18,"turns":4},{"damage":2,"enemies":"Chosen","floor":22,"turns":3},{"damage":51,"enemies":"Slavers","floor":23,"turns":5}],"event_choices":[{"event_name":"Golden Wing","player_choice":"Ignored","floor":14,"damage_taken":0},{"event_name":"Forgotten Altar","player_choice":"Shed Blood","floor":19,"damage_taken":0},{"event_name":"The Mausoleum","player_choice":"Yes","floor":20,"damage_taken":0}],"boss_relics":[{"not_picked":["Philosopher\u0027s Stone","Runic Dome"],"picked":"The Specimen"}],"potions_floor_spawned":[1,11,16,18],"seed_played":"-610461929743680375","killed_by":"Slavers","ascension_level":4,"is_trial":false}