{"gold_per_floor":[114,114,37,37,55,90,90,108,108,127,127,127,50,60,60,158,158,175,22,22,32,52,80,99,99,99,126,126,156,169,169,169,267,267,279,22,34,64,78,105,105,130,154,166,166,193,193,223,223,223],"floor_reached":51,"playtime":2889,"items_purged":["Strike_R","Strike_R"],"score":1304,"play_id":"138c4139-fe76-4aa1-b802-7e6260064ff8","local_time":"20190316084805","is_ascension_mode":true,"campfire_choices":[{"floor":11,"key":"REST"},{"floor":15,"key":"REST"},{"data":"Whirlwind","floor":32,"key":"SMITH"},{"data":"Spot Weakness","floor":41,"key":"SMITH"},{"floor":45,"key":"REST"},{"data":"Shockwave","floor":47,"key":"SMITH"},{"floor":49,"key":"REST"}],"neow_cost":"NONE","seed_source_timestamp":1012590660987285,"circlet_count":0,"master_deck":["AscendersBane","Strike_R","Strike_R+1","Defend_R","Defend_R","Defend_R","Defend_R","Bash+1","Feel No Pain+1","Whirlwind+1","Disarm","Feed","Shockwave+1","Twin Strike+1","Bludgeon+1","Uppercut+1","Carnage+1","Cleave+1","Armaments+1","Sword Boomerang+1","Spot Weakness+1","Impervious+1","Bludgeon+1","Barricade","Uppercut+1","Heavy Blade+1","Clothesline+1"],"relics":["Burning Blood","Centennial Puzzle","Charon\u0027s Ashes","Molten Egg 2","Sundial","Snecko Eye","Blood Vial","Nilry\u0027s Codex","Paper Frog","Potion Belt","Toxic Egg 2","Mango","Busted Crown","Tiny Chest","Pantograph","Dream Catcher","Happy Flower","Pen Nib","Frozen Egg 2"],"potions_floor_usage":[6,14,16,23,33,44,50,50],"damage_taken":[{"damage":10,"enemies":"2 Louse","floor":1,"turns":3},{"damage":6,"enemies":"Cultist","floor":5,"turns":4},{"damage":45,"enemies":"Lagavulin","floor":6,"turns":9},{"damage":6,"enemies":"Small Slimes","floor":8,"turns":3},{"damage":4,"enemies":"Looter","floor":10,"turns":4},{"damage":0,"enemies":"3 Louse","floor":14,"turns":1},{"damage":18,"enemies":"Slime Boss","floor":16,"turns":8},{"damage":3,"enemies":"Chosen","floor":18,"turns":3},{"damage":0,"enemies":"Shell Parasite","floor":21,"turns":1},{"damage":3,"enemies":"Sentry and Sphere","floor":22,"turns":3},{"damage":17,"enemies":"Slavers","floor":23,"turns":3},{"damage":2,"enemies":"Snecko","floor":24,"turns":3},{"damage":18,"enemies":"Gremlin Leader","floor":27,"turns":3},{"damage":14,"enemies":"Book of Stabbing","floor":29,"turns":2},{"damage":0,"enemies":"Snake Plant","floor":30,"turns":2},{"damage":59,"enemies":"Automaton","floor":33,"turns":7},{"damage":6,"enemies":"Orb Walker","floor":35,"turns":2},{"damage":12,"enemies":"3 Darklings","floor":37,"turns":3},{"damage":11,"enemies":"4 Shapes","floor":39,"turns":1},{"damage":12,"enemies":"Reptomancer","floor":40,"turns":3},{"damage":10,"enemies":"Nemesis","floor":42,"turns":7},{"damage":37,"enemies":"Writhing Mass","floor":44,"turns":3},{"damage":6,"enemies":"Giant Head","floor":48,"turns":5},{"damage":20,"enemies":"Donu and Deca","floor":50,"turns":5}],"seed_played":"5990838860350369230","potions_obtained":[{"floor":1,"key":"SkillPotion"},{"floor":10,"key":"Energy Potion"},{"floor":14,"key":"SkillPotion"},{"floor":18,"key":"Dexterity Potion"},{"floor":23,"key":"Ancient Potion"},{"floor":30,"key":"SteroidPotion"},{"floor":40,"key":"Swift Potion"},{"floor":42,"key":"SkillPotion"},{"floor":48,"key":"Block Potion"}],"is_trial":false,"path_per_floor":["M","?","$","?","M","E","?","M","T","M","R","?","?","M","R","B",null,"M","$","?","M","M","E","M","?","T","E","?","E","M","?","R","B",null,"M","$","M","?","M","E","R","E","T","M","R","T","R","E","R","B",null],"character_chosen":"IRONCLAD","items_purchased":["Whirlwind","Carnage+1","Barricade"],"campfire_rested":4,"item_purchase_floors":[3,19,36],"current_hp_per_floor":[68,68,68,56,56,17,17,20,20,25,50,33,33,39,64,55,81,84,84,84,89,89,81,90,74,74,67,98,94,102,116,116,63,103,108,108,104,104,101,100,100,98,98,69,105,105,105,107,122,108],"gold":223,"neow_bonus":"UPGRADE_CARD","is_prod":false,"is_daily":false,"chose_seed":false,"campfire_upgraded":3,"win_rate":0,"timestamp":1552740485,"path_taken":["M","?","$","?","M","E","?","M","T","M","R","?","?","?","R","BOSS","M","$","?","?","M","E","M","?","T","E","?","E","M","?","R","BOSS","M","$","M","?","?","E","R","E","T","M","R","?","R","E","R","BOSS"],"build_version":"2019-01-23","purchased_purges":2,"victory":true,"max_hp_per_floor":[80,80,80,80,80,80,80,83,83,86,86,86,86,86,86,89,89,89,89,89,89,89,92,95,95,95,98,98,102,102,116,116,116,116,119,119,119,119,119,122,122,122,122,122,122,122,122,122,122,122],"card_choices":[{"not_picked":["Flex","Warcry"],"picked":"Feel No Pain","floor":1},{"not_picked":["Headbutt","Entrench"],"picked":"Disarm","floor":5},{"not_picked":["Clash","Sever Soul"],"picked":"Feed","floor":6},{"not_picked":["Iron Wave","Body Slam"],"picked":"Shockwave","floor":8},{"not_picked":["Heavy Blade+1","Rupture"],"picked":"Twin Strike+1","floor":10},{"not_picked":["Body Slam+1","Clash+1","Dark Embrace"],"picked":"SKIP","floor":14},{"not_picked":["Double Tap","Impervious"],"picked":"Bludgeon+1","floor":16},{"not_picked":["Thunderclap+1","Disarm"],"picked":"Uppercut+1","floor":18},{"not_picked":["Sentinel","Warcry"],"picked":"Cleave+1","floor":21},{"not_picked":["Searing Blow+1","Sever Soul+1"],"picked":"Armaments+1","floor":22},{"not_picked":["Rage","Warcry"],"picked":"Sword Boomerang+1","floor":23},{"not_picked":["Perfected Strike+1","Second Wind","Headbutt+1"],"picked":"SKIP","floor":24},{"not_picked":["Dual Wield","Body Slam+1"],"picked":"Spot Weakness","floor":27},{"not_picked":["Wild Strike+1","Burning Pact","Dual Wield+1"],"picked":"SKIP","floor":29},{"not_picked":["Sever Soul+1","Headbutt+1"],"picked":"Impervious+1","floor":30},{"not_picked":["Fiend Fire+1","Double Tap+1"],"picked":"Bludgeon+1","floor":33},{"not_picked":["Flex+1"],"picked":"SKIP","floor":35},{"not_picked":["Intimidate+1"],"picked":"SKIP","floor":37},{"not_picked":["Reckless Charge+1"],"picked":"SKIP","floor":39},{"not_picked":[],"picked":"Uppercut+1","floor":40},{"not_picked":[],"picked":"Heavy Blade+1","floor":42},{"not_picked":["Cleave+1"],"picked":"SKIP","floor":44},{"not_picked":[],"picked":"Clothesline+1","floor":45},{"not_picked":["Anger+1"],"picked":"SKIP","floor":48}],"player_experience":292884,"relics_obtained":[{"floor":6,"key":"Charon\u0027s Ashes"},{"floor":9,"key":"Molten Egg 2"},{"floor":23,"key":"Blood Vial"},{"floor":25,"key":"Nilry\u0027s Codex"},{"floor":26,"key":"Paper Frog"},{"floor":27,"key":"Potion Belt"},{"floor":29,"key":"Toxic Egg 2"},{"floor":38,"key":"Tiny Chest"},{"floor":40,"key":"Pantograph"},{"floor":42,"key":"Dream Catcher"},{"floor":43,"key":"Happy Flower"},{"floor":46,"key":"Pen Nib"},{"floor":48,"key":"Frozen Egg 2"}],"event_choices":[{"cards_removed":["Strike_R"],"damage_healed":0,"gold_gain":0,"player_choice":"Offered Basic","damage_taken":0,"max_hp_gain":0,"max_hp_loss":0,"event_name":"Bonfire Elementals","floor":2,"gold_loss":0},{"damage_healed":0,"gold_gain":0,"player_choice":"Success","damage_taken":12,"relics_obtained":["Centennial Puzzle"],"max_hp_gain":0,"max_hp_loss":0,"event_name":"Scrap Ooze","floor":4,"gold_loss":0},{"damage_healed":0,"gold_gain":0,"player_choice":"Ignored","damage_taken":0,"max_hp_gain":0,"max_hp_loss":0,"event_name":"Liars Game","floor":7,"gold_loss":0},{"damage_healed":0,"gold_gain":0,"player_choice":"Entered Light","damage_taken":17,"max_hp_gain":0,"max_hp_loss":0,"event_name":"Shining Light","floor":12,"gold_loss":0,"cards_upgraded":["Feel No Pain","Strike_R"]},{"damage_healed":0,"gold_gain":0,"player_choice":"Paid Gold","damage_taken":0,"relics_obtained":["Sundial"],"max_hp_gain":0,"max_hp_loss":0,"event_name":"WeMeetAgain","floor":13,"gold_loss":77},{"damage_healed":0,"gold_gain":0,"player_choice":"Ignored","damage_taken":0,"max_hp_gain":0,"max_hp_loss":0,"event_name":"N\u0027loth","floor":20,"gold_loss":0},{"damage_healed":0,"gold_gain":0,"player_choice":"Obtained Book","damage_taken":16,"max_hp_gain":0,"max_hp_loss":0,"event_name":"Cursed Tome","floor":25,"gold_loss":0},{"damage_healed":32,"gold_gain":0,"player_choice":"Heal","damage_taken":0,"max_hp_gain":0,"max_hp_loss":0,"event_name":"The Library","floor":28,"gold_loss":0},{"damage_healed":0,"gold_gain":0,"player_choice":"Opened","damage_taken":0,"relics_obtained":["Mango"],"max_hp_gain":0,"max_hp_loss":0,"event_name":"The Mausoleum","floor":31,"gold_loss":0},{"damage_healed":0,"gold_gain":0,"player_choice":"Relic","damage_taken":0,"max_hp_gain":0,"max_hp_loss":0,"event_name":"Wheel of Change","floor":38,"gold_loss":0}],"is_beta":false,"boss_relics":[{"not_picked":["Fusion Hammer","Lizard Tail"],"picked":"Snecko Eye"},{"not_picked":["Coffee Dripper","Runic Pyramid"],"picked":"Busted Crown"}],"items_purged_floors":[19,36],"is_endless":false,"potions_floor_spawned":[1,10,14,18,23,30,40,42,48],"ascension_level":12}