{"gold_per_floor":[117,117,4,4,15,45,61,61,85,260,276,276,286,314,314,391,391,402,502,502,521,521,521,521,521,547,547,575,587,614,614,614,614],"floor_reached":33,"playtime":1075,"items_purged":["Strike_R"],"score":494,"play_id":"68a20c70-c23c-4f34-9543-113833ec947f","local_time":"20181022212646","is_ascension_mode":true,"campfire_choices":[{"data":"Immolate","floor":8.0,"key":"SMITH"},{"data":"Rampage","floor":12.0,"key":"SMITH"},{"floor":15.0,"key":"REST"},{"floor":23.0,"key":"REST"},{"floor":27.0,"key":"REST"},{"floor":32,"key":"REST"}],"neow_cost":"NONE","seed_source_timestamp":0,"circlet_count":0,"master_deck":["Strike_R+1","Strike_R+1","Strike_R+1","Defend_R+1","Defend_R+1","Defend_R+1","Defend_R+1","Bash","AscendersBane","Headbutt","Burning Pact","Rampage+1","Immolate+1","Ghostly Armor","Uppercut","Offering","Power Through","Iron Wave","Entrench","Thunderclap","True Grit"],"special_seed":0,"relics":["Black Blood","Ancient Tea Set","Oddly Smooth Stone","Happy Flower","Champion Belt","Pear","Spirit Poop","Self Forming Clay","Bag of Marbles","Mummified Hand","Question Card"],"potions_floor_usage":[33],"damage_taken":[{"damage":10.0,"enemies":"Small Slimes","floor":1.0,"turns":4.0},{"damage":6.0,"enemies":"Jaw Worm","floor":5.0,"turns":4.0},{"damage":18.0,"enemies":"3 Sentries","floor":6.0,"turns":10.0},{"damage":0.0,"enemies":"2 Louse","floor":7.0,"turns":2.0},{"damage":0.0,"enemies":"Large Slime","floor":11.0,"turns":4.0},{"damage":4.0,"enemies":"Blue Slaver","floor":13.0,"turns":3.0},{"damage":34.0,"enemies":"Lagavulin","floor":14.0,"turns":5.0},{"damage":34.0,"enemies":"The Guardian","floor":16.0,"turns":9.0},{"damage":15.0,"enemies":"Chosen","floor":18.0,"turns":4.0},{"damage":12.0,"enemies":"Colosseum Slavers","floor":19.0,"turns":3.0},{"damage":49.0,"enemies":"Colosseum Nobs","floor":19.0,"turns":4.0},{"damage":17.0,"enemies":"2 Thieves","floor":21.0,"turns":5.0},{"damage":10.0,"enemies":"Gremlin Leader","floor":28.0,"turns":6.0},{"damage":13,"enemies":"Shelled Parasite and Fungi","floor":29,"turns":4},{"damage":22,"enemies":"Book of Stabbing","floor":30,"turns":4},{"damage":105,"enemies":"Collector","floor":33,"turns":7}],"seed_played":"4735063987755135379","potions_obtained":[{"floor":5.0,"key":"Fire Potion"},{"floor":6.0,"key":"Swift Potion"},{"floor":11.0,"key":"Swift Potion"},{"floor":13.0,"key":"Poison Potion"},{"floor":19.0,"key":"LiquidBronze"},{"floor":21.0,"key":"GamblersBrew"},{"floor":29,"key":"Poison Potion"}],"is_trial":false,"path_per_floor":["M","?","$","?","M","E","M","R","T","?","M","R","M","E","R","B",null,"M","?","?","M","?","R","?","?","T","R","E","M","E","?","R"],"character_chosen":"IRONCLAD","items_purchased":["Burning Pact"],"campfire_rested":4,"item_purchase_floors":[3],"current_hp_per_floor":[64,49,49,49,49,37,43,43,43,43,49,49,51,23,45,17,61,56,25,25,18,18,43,43,43,43,68,68,65,53,53,78,0],"gold":614,"neow_bonus":"REMOVE_CARD","is_prod":false,"is_daily":false,"chose_seed":false,"campfire_upgraded":2,"win_rate":0,"timestamp":1540268806,"path_taken":["M","?","$","?","?","E","M","R","T","?","M","R","M","E","R","BOSS","M","?","?","M","?","R","?","?","T","R","E","M","E","?","R","BOSS"],"build_version":"2018-10-18","purchased_purges":1,"victory":false,"max_hp_per_floor":[75,75,75,75,75,75,75,75,75,75,75,75,75,75,75,75,75,75,85,85,85,85,85,85,85,85,85,85,85,85,85,85,85],"card_choices":[{"not_picked":["Clash","Second Wind"],"picked":"Headbutt","floor":1.0},{"not_picked":["Sword Boomerang","Metallicize"],"picked":"Rampage","floor":5.0},{"not_picked":["Iron Wave","Warcry"],"picked":"Immolate","floor":6.0},{"not_picked":["Body Slam","Sword Boomerang","Heavy Blade"],"picked":"SKIP","floor":7.0},{"not_picked":["Limit Break","Body Slam","Bloodletting"],"picked":"SKIP","floor":11.0},{"not_picked":["Wild Strike","Iron Wave"],"picked":"Ghostly Armor","floor":13.0},{"not_picked":["Body Slam","Flex"],"picked":"Uppercut","floor":14.0},{"not_picked":["Juggernaut","Barricade"],"picked":"Offering","floor":16.0},{"not_picked":["Wild Strike","Thunderclap","Iron Wave"],"picked":"SKIP","floor":18.0},{"not_picked":["Heavy Blade","Clash"],"picked":"Power Through","floor":19.0},{"not_picked":["Armaments","Uppercut"],"picked":"Iron Wave","floor":21.0},{"not_picked":["True Grit","Flex"],"picked":"Entrench","floor":28.0},{"not_picked":["Reckless Charge","Limit Break","Sentinel"],"picked":"SKIP","floor":29},{"not_picked":["Sentinel","Warcry"],"picked":"Thunderclap","floor":30}],"player_experience":619631,"relics_obtained":[{"floor":6.0,"key":"Ancient Tea Set"},{"floor":9.0,"key":"Oddly Smooth Stone"},{"floor":14.0,"key":"Happy Flower"},{"floor":19.0,"key":"Champion Belt"},{"floor":19.0,"key":"Pear"},{"floor":26.0,"key":"Bag of Marbles"},{"floor":28.0,"key":"Mummified Hand"},{"floor":30,"key":"Question Card"}],"event_choices":[{"damage_healed":0.0,"max_hp_gain":0.0,"max_hp_loss":0.0,"gold_gain":0.0,"event_name":"Shining Light","player_choice":"Entered Light","floor":2.0,"gold_loss":0.0,"damage_taken":15.0,"cards_upgraded":["Defend_R","Defend_R"]},{"damage_healed":0.0,"max_hp_gain":0.0,"max_hp_loss":0.0,"gold_gain":0.0,"event_name":"Golden Wing","player_choice":"Ignored","floor":4.0,"gold_loss":0.0,"damage_taken":0.0},{"damage_healed":0.0,"max_hp_gain":0.0,"max_hp_loss":0.0,"gold_gain":175.0,"event_name":"Liars Game","player_choice":"AGREE","floor":10.0,"gold_loss":0.0,"damage_taken":0.0,"cards_obtained":["Doubt"]},{"damage_healed":0.0,"max_hp_gain":0.0,"max_hp_loss":0.0,"gold_gain":0.0,"event_name":"Colosseum","player_choice":"Fight","floor":19.0,"gold_loss":0.0,"damage_taken":0.0},{"damage_healed":0.0,"max_hp_gain":0.0,"max_hp_loss":0.0,"gold_gain":0.0,"event_name":"Colosseum","player_choice":"Fought Nobs","floor":19.0,"gold_loss":0.0,"damage_taken":0.0},{"cards_removed":["Doubt"],"damage_healed":0.0,"max_hp_gain":0.0,"max_hp_loss":0.0,"gold_gain":0.0,"event_name":"Bonfire Elementals","player_choice":"Offered Curse","floor":20.0,"gold_loss":0.0,"damage_taken":0.0,"relics_obtained":["Spirit Poop"]},{"damage_healed":0.0,"max_hp_gain":0.0,"max_hp_loss":0.0,"gold_gain":0.0,"event_name":"Back to Basics","player_choice":"Simplicity","floor":22.0,"gold_loss":0.0,"damage_taken":0.0,"cards_upgraded":["Strike_R","Strike_R","Strike_R","Defend_R","Defend_R"]},{"damage_healed":0.0,"max_hp_gain":0.0,"max_hp_loss":0.0,"gold_gain":0.0,"event_name":"WeMeetAgain","player_choice":"Gave Potion","floor":24.0,"gold_loss":0.0,"damage_taken":0.0,"relics_obtained":["Self Forming Clay"]},{"damage_healed":0.0,"max_hp_gain":0.0,"max_hp_loss":0.0,"gold_gain":0.0,"event_name":"Vampires","player_choice":"Ignored","floor":25.0,"gold_loss":0.0,"damage_taken":0.0},{"damage_healed":0,"gold_gain":0,"player_choice":"1 cards matched","damage_taken":0,"max_hp_gain":0,"max_hp_loss":0,"event_name":"Match and Keep!","floor":31,"gold_loss":0,"cards_obtained":["True Grit"]}],"is_beta":false,"boss_relics":[{"not_picked":["Mark of Pain","Snecko Eye"],"picked":"Black Blood"}],"items_purged_floors":[3],"is_endless":false,"potions_floor_spawned":[5,6,11,13,19,21,29],"killed_by":"Collector","ascension_level":14}