{"gold_per_floor":[110,110,123,134,153,153,186,186,265,265,277,302,302,302,302,302],"floor_reached":16,"playtime":340,"items_purged":[],"score":198,"play_id":"88bd00a8-5e56-483b-8bf9-b7a240b4b037","local_time":"20190107191901","is_ascension_mode":true,"campfire_choices":[{"data":"Adrenaline","floor":6,"key":"SMITH"},{"data":"Footwork","floor":10,"key":"SMITH"},{"data":"Dagger Spray","floor":13,"key":"SMITH"},{"data":"Dagger Spray","floor":15,"key":"SMITH"}],"neow_cost":"NONE","seed_source_timestamp":1526206683088188,"circlet_count":0,"master_deck":["AscendersBane","Defend_G","Defend_G","Defend_G","Defend_G","Defend_G","Strike_G","Strike_G","Strike_G","Strike_G","Strike_G","Survivor","Neutralize","Quick Slash","Adrenaline+1","Dagger Spray+1","Backstab","Footwork+1","Dash","Dagger Spray+1"],"relics":["Ring of the Snake","NeowsBlessing","FossilizedHelix","Mummified Hand","Tiny Chest","Bag of Preparation","NlothsMask"],"potions_floor_usage":[12,12],"damage_taken":[{"damage":0,"enemies":"Cultist","floor":1,"turns":1},{"damage":0,"enemies":"2 Louse","floor":3,"turns":1},{"damage":0,"enemies":"Jaw Worm","floor":4,"turns":1},{"damage":0,"enemies":"Exordium Wildlife","floor":5,"turns":3},{"damage":14,"enemies":"Gremlin Nob","floor":7,"turns":5},{"damage":0,"enemies":"2 Fungi Beasts","floor":11,"turns":2},{"damage":10,"enemies":"Lagavulin","floor":12,"turns":8},{"damage":38,"enemies":"Hexaghost","floor":16,"turns":15}],"seed_played":"-5034303887918013802","potions_obtained":[{"floor":5,"key":"SteroidPotion"},{"floor":11,"key":"Weak Potion"},{"floor":12,"key":"Ancient Potion"}],"is_trial":false,"path_per_floor":["M","T","M","M","M","R","E","?","T","R","M","E","R","?","R","B"],"character_chosen":"THE_SILENT","items_purchased":[],"campfire_rested":0,"item_purchase_floors":[],"current_hp_per_floor":[59,59,59,59,59,59,45,45,45,45,45,35,35,35,35,0],"gold":302,"neow_bonus":"THREE_ENEMY_KILL","is_prod":false,"is_daily":false,"chose_seed":false,"campfire_upgraded":4,"win_rate":0,"timestamp":1546917541,"path_taken":["M","?","M","M","M","R","E","?","T","R","M","E","R","?","R","BOSS"],"build_version":"2019-01-03v4","purchased_purges":0,"victory":false,"max_hp_per_floor":[66,66,66,66,66,66,66,66,66,66,66,66,66,66,66,66],"card_choices":[{"not_picked":["Deflect","Cloak And Dagger"],"picked":"Quick Slash","floor":1},{"not_picked":["Prepared","Finisher"],"picked":"Adrenaline","floor":3},{"not_picked":["Concentrate","Masterful Stab"],"picked":"Dagger Spray","floor":4},{"not_picked":["Deflect","Poisoned Stab"],"picked":"Backstab","floor":5},{"not_picked":["Prepared","Dodge and Roll"],"picked":"Footwork","floor":7},{"not_picked":["Reflex","Sucker Punch"],"picked":"Dash","floor":11},{"not_picked":["Eviscerate","Cloak And Dagger"],"picked":"Dagger Spray","floor":12}],"player_experience":1060871,"relics_obtained":[{"floor":2,"key":"FossilizedHelix"},{"floor":7,"key":"Mummified Hand"},{"floor":9,"key":"Tiny Chest"},{"floor":12,"key":"Bag of Preparation"}],"event_choices":[{"damage_healed":0,"gold_gain":0,"player_choice":"Ignored","damage_taken":0,"max_hp_gain":0,"max_hp_loss":0,"event_name":"Golden Idol","floor":8,"gold_loss":0},{"damage_healed":0,"gold_gain":0,"player_choice":"Trade","damage_taken":0,"relics_obtained":["NlothsMask"],"max_hp_gain":0,"max_hp_loss":0,"event_name":"FaceTrader","floor":14,"gold_loss":0}],"is_beta":false,"boss_relics":[],"items_purged_floors":[],"is_endless":false,"potions_floor_spawned":[5,11,12],"killed_by":"Hexaghost","ascension_level":16}