{"gold_per_floor":[114,39,56,56,76,112,62,101,180,216,229,308,308,344,344,463,463,481,406,406,426,449,480,480,513,539,557,595,46,82,97,97,216,216,241,255,314,107,120,155,0,40,65,65,88,88,101,135,135,135],"floor_reached":51,"playtime":9820,"items_purged":["Strike_B","Defend_B"],"score":1197,"play_id":"9afc9ca4-2af3-46a0-b628-e396494c2e35","local_time":"20190322141007","is_ascension_mode":true,"campfire_choices":[{"floor":13.0,"key":"REST"},{"data":"Coolheaded","floor":15.0,"key":"SMITH"},{"data":"Turbo","floor":24.0,"key":"SMITH"},{"floor":32.0,"key":"REST"},{"data":"Strike_B","floor":44,"key":"PURGE"},{"floor":46,"key":"REST"},{"floor":49,"key":"REST"}],"neow_cost":"NONE","seed_source_timestamp":0,"circlet_count":0,"master_deck":["Defend_B","Defend_B","Zap","Dualcast","Doom and Gloom","Turbo+1","Ball Lightning","Coolheaded+1","Reboot","Cold Snap","Coolheaded","Chill","Machine Learning","Creative AI","Rebound","Go for the Eyes","Compile Driver","Beam Cell","Conserve Battery","Coolheaded+1","Thunder Strike","Capacitor","Loop","Melter","Buffer","Capacitor+1","Streamline+1","Hologram","Stack+1","Heatsinks","Tempest+1","Go for the Eyes+1","Hologram+1"],"special_seed":0,"relics":["Cracked Core","Golden Idol","Thread and Needle","Dream Catcher","Matryoshka","Lantern","Gremlin Horn","Oddly Smooth Stone","Velvet Choker","FaceOfCleric","Kunai","Vajra","PreservedInsect","Blood Vial","Cables","Anchor","Pear","Ancient Tea Set","Fusion Hammer","Peace Pipe","OrangePellets","DataDisk","Red Mask","Bag of Preparation","Boot","Potion Belt","The Courier"],"potions_floor_usage":[37,37,40,50,50],"damage_taken":[{"damage":2.0,"enemies":"Jaw Worm","floor":1.0,"turns":4.0},{"damage":0.0,"enemies":"2 Louse","floor":3.0,"turns":1.0},{"damage":1.0,"enemies":"Cultist","floor":5.0,"turns":4.0},{"damage":10.0,"enemies":"Gremlin Nob","floor":6.0,"turns":3.0},{"damage":11.0,"enemies":"3 Sentries","floor":8.0,"turns":4.0},{"damage":8.0,"enemies":"Gremlin Nob","floor":10.0,"turns":3.0},{"damage":0.0,"enemies":"Gremlin Gang","floor":11.0,"turns":2.0},{"damage":5.0,"enemies":"3 Sentries","floor":12.0,"turns":5.0},{"damage":7.0,"enemies":"Lagavulin","floor":14.0,"turns":5.0},{"damage":8.0,"enemies":"The Guardian","floor":16.0,"turns":12.0},{"damage":6.0,"enemies":"Chosen","floor":18.0,"turns":5.0},{"damage":5.0,"enemies":"2 Thieves","floor":21.0,"turns":4.0},{"damage":0.0,"enemies":"Shelled Parasite and Fungi","floor":22.0,"turns":8.0},{"damage":11.0,"enemies":"Gremlin Leader","floor":23.0,"turns":6.0},{"damage":8.0,"enemies":"Book of Stabbing","floor":25.0,"turns":5.0},{"damage":9.0,"enemies":"Centurion and Healer","floor":27.0,"turns":6.0},{"damage":0.0,"enemies":"Gremlin Leader","floor":28.0,"turns":6.0},{"damage":23.0,"enemies":"Book of Stabbing","floor":30.0,"turns":4.0},{"damage":8.0,"enemies":"Snake Plant","floor":31.0,"turns":6.0},{"damage":69.0,"enemies":"Champ","floor":33.0,"turns":11.0},{"damage":9,"enemies":"3 Darklings","floor":35,"turns":6},{"damage":0,"enemies":"3 Shapes","floor":36,"turns":5},{"damage":11,"enemies":"2 Orb Walkers","floor":37,"turns":5},{"damage":12,"enemies":"Spire Growth","floor":39,"turns":4},{"damage":12,"enemies":"Nemesis","floor":40,"turns":5},{"damage":45,"enemies":"Reptomancer","floor":42,"turns":7},{"damage":0,"enemies":"Writhing Mass","floor":45,"turns":6},{"damage":0,"enemies":"Sphere and 2 Shapes","floor":47,"turns":3},{"damage":0,"enemies":"Nemesis","floor":48,"turns":3},{"damage":0,"enemies":"Time Eater","floor":50,"turns":12}],"seed_played":"5418185349468585631","potions_obtained":[{"floor":1.0,"key":"Fruit Juice"},{"floor":6.0,"key":"Energy Potion"},{"floor":10.0,"key":"Ancient Potion"},{"floor":12.0,"key":"EssenceOfSteel"},{"floor":14.0,"key":"Ancient Potion"},{"floor":22.0,"key":"Strength Potion"},{"floor":23.0,"key":"Block Potion"},{"floor":27.0,"key":"FairyPotion"},{"floor":31.0,"key":"GamblersBrew"},{"floor":33.0,"key":"Poison Potion"},{"floor":36,"key":"Block Potion"},{"floor":37,"key":"Regen Potion"},{"floor":42,"key":"Swift Potion"},{"floor":45,"key":"Dexterity Potion"},{"floor":48,"key":"SteroidPotion"}],"is_trial":false,"path_per_floor":["M","$","M","?","M","E","?","E","T","E","M","?","R","E","R","B",null,"M","?","?","M","M","E","R","E","T","M","E","$","E","M","R","B",null,"M","M","?","$","M","E","?","E","T","R","M","R","M","E","R","B",null],"character_chosen":"DEFECT","items_purchased":["Anchor","Pear","Capacitor","OrangePellets"],"campfire_rested":4,"item_purchase_floors":[29,29,29,38],"current_hp_per_floor":[73,73,78,58,57,47,47,36,36,28,28,23,47,40,40,32,80,74,74,74,70,71,61,61,54,54,48,51,61,41,36,65,10,99,91,94,86,86,77,82,82,40,40,40,43,74,77,80,108,109],"gold":135,"neow_bonus":"REMOVE_CARD","is_prod":false,"is_daily":false,"chose_seed":false,"campfire_upgraded":2,"win_rate":0,"timestamp":1553263807,"path_taken":["M","$","M","?","M","E","?","E","T","E","M","?","R","E","R","BOSS","M","?","?","?","?","E","R","E","T","M","E","$","E","M","R","BOSS","M","M","?","$","M","E","?","E","T","R","M","R","M","E","R","BOSS"],"build_version":"2019-01-23","purchased_purges":2,"victory":true,"max_hp_per_floor":[75,75,80,80,80,80,80,80,80,80,80,80,80,80,80,80,80,80,80,80,81,82,83,83,84,84,85,86,96,97,98,98,99,99,100,101,102,102,103,104,104,105,105,105,106,106,107,108,108,109],"card_choices":[{"not_picked":["Glacier","Steam"],"picked":"Doom and Gloom","floor":1.0},{"not_picked":["Stack","Undo"],"picked":"Turbo","floor":3.0},{"not_picked":["Rip and Tear","Compile Driver"],"picked":"Ball Lightning","floor":5.0},{"not_picked":["Sweeping Beam","Hello World"],"picked":"Coolheaded","floor":6.0},{"not_picked":["Undo","Beam Cell"],"picked":"Reboot","floor":8.0},{"not_picked":["Leap","Coolheaded"],"picked":"Cold Snap","floor":10.0},{"not_picked":["Compile Driver","Steam"],"picked":"Coolheaded","floor":11.0},{"not_picked":["Cold Snap","Barrage"],"picked":"Chill","floor":13.0},{"not_picked":["Force Field","Loop"],"picked":"Machine Learning","floor":14.0},{"not_picked":["Machine Learning","Meteor Strike"],"picked":"Creative AI","floor":16.0},{"not_picked":["Coolheaded","Leap"],"picked":"Rebound","floor":18.0},{"not_picked":["Streamline","Doom and Gloom+1"],"picked":"Go for the Eyes","floor":21.0},{"not_picked":["Cold Snap","Rebound"],"picked":"Compile Driver","floor":22.0},{"not_picked":["Redo","Reboot"],"picked":"Beam Cell","floor":23.0},{"not_picked":["Cold Snap+1","Sweeping Beam"],"picked":"Conserve Battery","floor":25.0},{"not_picked":["Rip and Tear+1","Double Energy"],"picked":"Coolheaded+1","floor":27.0},{"not_picked":["Glacier","Cold Snap"],"picked":"Thunder Strike","floor":28.0},{"not_picked":["Leap","Barrage"],"picked":"Loop","floor":30.0},{"not_picked":["FTL","Steam","Doom and Gloom"],"picked":"SKIP","floor":31.0},{"not_picked":["Redo","Coolheaded"],"picked":"Melter","floor":32.0},{"not_picked":["Meteor Strike","Multi-Cast"],"picked":"Buffer","floor":33.0},{"not_picked":["Melter+1","Hello World+1"],"picked":"Capacitor+1","floor":35},{"not_picked":["Stack","Leap"],"picked":"Streamline+1","floor":36},{"not_picked":["Barrage","Reprogram+1"],"picked":"Hologram","floor":37},{"not_picked":["Fusion","Streamline"],"picked":"Stack+1","floor":39},{"not_picked":["Biased Cognition","Rainbow"],"picked":"Heatsinks","floor":40},{"not_picked":["Ball Lightning+1","Capacitor"],"picked":"Tempest+1","floor":42},{"not_picked":["Conserve Battery","Cold Snap+1","Sweeping Beam+1"],"picked":"SKIP","floor":45},{"not_picked":["Gash","Auto Shields"],"picked":"Go for the Eyes+1","floor":46},{"not_picked":["Streamline+1","Ball Lightning+1","Go for the Eyes"],"picked":"SKIP","floor":47},{"not_picked":["Barrage","Meteor Strike"],"picked":"Hologram+1","floor":48}],"player_experience":705131,"relics_obtained":[{"floor":6.0,"key":"Thread and Needle"},{"floor":8.0,"key":"Dream Catcher"},{"floor":9.0,"key":"Matryoshka"},{"floor":10.0,"key":"Lantern"},{"floor":12.0,"key":"Gremlin Horn"},{"floor":14.0,"key":"Oddly Smooth Stone"},{"floor":23.0,"key":"Kunai"},{"floor":25.0,"key":"Vajra"},{"floor":26.0,"key":"PreservedInsect"},{"floor":26.0,"key":"Blood Vial"},{"floor":28.0,"key":"Cables"},{"floor":30.0,"key":"Ancient Tea Set"},{"floor":37,"key":"Peace Pipe"},{"floor":40,"key":"DataDisk"},{"floor":42,"key":"Bag of Preparation"},{"floor":43,"key":"Boot"},{"floor":43,"key":"Potion Belt"},{"floor":48,"key":"The Courier"}],"event_choices":[{"damage_healed":0.0,"max_hp_gain":0.0,"max_hp_loss":0.0,"gold_gain":0.0,"event_name":"Golden Idol","player_choice":"Take Damage","floor":4.0,"gold_loss":0.0,"damage_taken":20.0,"relics_obtained":["Golden Idol"]},{"cards_removed":["Defend_B"],"damage_healed":0.0,"max_hp_gain":0.0,"max_hp_loss":0.0,"gold_gain":0.0,"event_name":"The Cleric","player_choice":"Card Removal","floor":7.0,"gold_loss":50.0,"damage_taken":0.0},{"damage_healed":0.0,"max_hp_gain":0.0,"max_hp_loss":0.0,"gold_gain":0.0,"event_name":"Dead Adventurer","player_choice":"Searched \u00271\u0027 times","floor":12.0,"gold_loss":0.0,"damage_taken":0.0},{"cards_removed":["Strike_B"],"damage_healed":0.0,"max_hp_gain":0.0,"max_hp_loss":0.0,"gold_gain":0.0,"event_name":"Beggar","player_choice":"Gave Gold","floor":19.0,"gold_loss":75.0,"damage_taken":0.0},{"damage_healed":0.0,"max_hp_gain":0.0,"max_hp_loss":0.0,"gold_gain":0.0,"event_name":"FaceTrader","player_choice":"Trade","floor":20.0,"gold_loss":0.0,"damage_taken":0.0,"relics_obtained":["FaceOfCleric"]},{"damage_healed":0,"gold_gain":0,"player_choice":"Fight","damage_taken":0,"max_hp_gain":0,"max_hp_loss":0,"event_name":"Mysterious Sphere","floor":37,"gold_loss":0},{"damage_healed":0,"gold_gain":0,"player_choice":"Paid","damage_taken":0,"relics_obtained":["Red Mask"],"max_hp_gain":0,"max_hp_loss":0,"event_name":"Tomb of Lord Red Mask","floor":41,"gold_loss":155}],"is_beta":false,"boss_relics":[{"not_picked":["Lizard Tail","Runic Pyramid"],"picked":"Velvet Choker"},{"not_picked":["Coffee Dripper","Empty Cage"],"picked":"Fusion Hammer"}],"items_purged_floors":[2,29],"is_endless":false,"potions_floor_spawned":[1,6,10,12,14,22,23,27,31,33,36,37,42,45,48],"ascension_level":4}