{"gold_per_floor":[116,41,55,55,55,55,75,75,75,75,87,112,112,138,138,212,262,275,289,289,307,54,83,98,98,98,98,114,125,125,125],"floor_reached":31,"playtime":1047,"items_purged":[],"score":489,"play_id":"4595830b-4a39-4cd2-8981-71c245cfd3ac","local_time":"20181206180755","is_ascension_mode":true,"campfire_choices":[{"data":"Bouncing Flask","floor":6,"key":"SMITH"},{"data":"Neutralize","floor":10,"key":"SMITH"},{"floor":13,"key":"REST"},{"data":"Bouncing Flask","floor":15,"key":"SMITH"},{"floor":25,"key":"REST"},{"floor":27,"key":"REST"}],"neow_cost":"PERCENT_DAMAGE","seed_source_timestamp":95519257183005,"circlet_count":0,"master_deck":["AscendersBane","Defend_G","Defend_G","Defend_G","Strike_G","Strike_G","Strike_G","Survivor","Neutralize+1","Predator","Bouncing Flask+1","PiercingWail","Blur","Dagger Spray","Bouncing Flask+1","Cloak And Dagger","Corpse Explosion+1","Deflect","Bouncing Flask","Well Laid Plans","Catalyst","PiercingWail","Deflect+1","Deadly Poison+1","Dash","Corpse Explosion","Blade Dance"],"relics":["Ring of the Snake","CultistMask","Matryoshka","Pantograph","Bottled Lightning","Tiny House","Pear","Darkstone Periapt","Sundial","Dream Catcher"],"potions_floor_usage":[12,16,23,24],"damage_taken":[{"damage":2,"enemies":"2 Louse","floor":1,"turns":3},{"damage":0,"enemies":"Small Slimes","floor":3,"turns":2},{"damage":8,"enemies":"Cultist","floor":7,"turns":4},{"damage":2,"enemies":"3 Louse","floor":11,"turns":4},{"damage":11,"enemies":"Gremlin Nob","floor":12,"turns":4},{"damage":26,"enemies":"3 Sentries","floor":14,"turns":8},{"damage":13,"enemies":"Hexaghost","floor":16,"turns":7},{"damage":15,"enemies":"Chosen","floor":18,"turns":5},{"damage":17,"enemies":"Shell Parasite","floor":19,"turns":5},{"damage":9,"enemies":"Snake Plant","floor":21,"turns":4},{"damage":28,"enemies":"Gremlin Leader","floor":23,"turns":8},{"damage":7,"enemies":"Snecko","floor":24,"turns":4},{"damage":25,"enemies":"Cultist and Chosen","floor":28,"turns":6},{"damage":43,"enemies":"Shelled Parasite and Fungi","floor":29,"turns":6},{"damage":19,"enemies":"Slavers","floor":31,"turns":1}],"seed_played":"-3390517207307562056","potions_obtained":[{"floor":7,"key":"Dexterity Potion"},{"floor":12,"key":"GamblersBrew"},{"floor":17,"key":"SneckoOil"},{"floor":19,"key":"SteroidPotion"},{"floor":21,"key":"Regen Potion"},{"floor":23,"key":"GhostInAJar"}],"is_trial":false,"path_per_floor":["M","?","M","?","?","R","M","?","T","R","M","E","R","E","R","B",null,"M","M","?","M","$","E","M","R","T","R","M","M","?","E"],"character_chosen":"THE_SILENT","items_purchased":["Pear"],"campfire_rested":3,"item_purchase_floors":[22],"current_hp_per_floor":[54,54,54,47,47,47,39,39,39,39,37,26,49,23,23,35,72,57,40,40,31,41,28,21,48,48,75,50,7,7,0],"gold":125,"neow_bonus":"TWENTY_PERCENT_HP_BONUS","is_prod":false,"is_daily":false,"chose_seed":false,"campfire_upgraded":3,"win_rate":0,"timestamp":1544148475,"path_taken":["M","?","M","?","?","R","?","?","T","R","M","E","R","E","R","BOSS","M","M","?","M","$","E","M","R","T","R","M","M","?","E"],"build_version":"2018-12-06","purchased_purges":0,"victory":false,"max_hp_per_floor":[78,78,78,78,78,78,78,78,78,78,78,78,78,78,78,78,83,83,83,83,83,93,93,93,93,93,93,93,93,93,93],"card_choices":[{"not_picked":["Acrobatics","Cloak And Dagger"],"picked":"Predator","floor":1},{"not_picked":["Bane","Sucker Punch"],"picked":"Bouncing Flask","floor":3},{"not_picked":["Sucker Punch","Bane"],"picked":"PiercingWail","floor":7},{"not_picked":["Poisoned Stab","Dodge and Roll"],"picked":"Dagger Spray","floor":11},{"not_picked":["Riddle With Holes","Caltrops"],"picked":"Bouncing Flask","floor":12},{"not_picked":["Slice","Sucker Punch"],"picked":"Cloak And Dagger","floor":14},{"not_picked":["Malaise","Grand Finale"],"picked":"Corpse Explosion","floor":16},{"not_picked":["Blade Dance","Blur"],"picked":"Deflect","floor":17},{"not_picked":["Poisoned Stab","Infinite Blades"],"picked":"Bouncing Flask","floor":18},{"not_picked":["Sucker Punch","Flying Knee"],"picked":"Well Laid Plans","floor":19},{"not_picked":["Infinite Blades","Poisoned Stab+1"],"picked":"Catalyst","floor":21},{"not_picked":["Unload","Poisoned Stab"],"picked":"PiercingWail","floor":23},{"not_picked":["Dodge and Roll","Concentrate","Deflect"],"picked":"SKIP","floor":24},{"not_picked":["Sucker Punch+1","Dodge and Roll"],"picked":"Deflect+1","floor":27},{"not_picked":["Leg Sweep","Acrobatics"],"picked":"Deadly Poison+1","floor":28},{"not_picked":["Sucker Punch","Underhanded Strike"],"picked":"Dash","floor":29}],"player_experience":995315,"relics_obtained":[{"floor":9,"key":"Matryoshka"},{"floor":12,"key":"Pantograph"},{"floor":14,"key":"Bottled Lightning"},{"floor":23,"key":"Darkstone Periapt"},{"floor":26,"key":"Sundial"},{"floor":26,"key":"Dream Catcher"}],"event_choices":[{"cards_removed":["Strike_G"],"damage_healed":0,"gold_gain":0,"player_choice":"Card Removal","damage_taken":0,"max_hp_gain":0,"max_hp_loss":0,"event_name":"The Cleric","floor":2,"gold_loss":75},{"cards_removed":["Defend_G"],"damage_healed":0,"gold_gain":0,"player_choice":"Card Removal","damage_taken":7,"max_hp_gain":0,"max_hp_loss":0,"event_name":"Golden Wing","floor":4,"gold_loss":0},{"damage_healed":0,"gold_gain":0,"player_choice":"Trade","damage_taken":0,"relics_obtained":["CultistMask"],"max_hp_gain":0,"max_hp_loss":0,"event_name":"FaceTrader","floor":5,"gold_loss":0},{"damage_healed":0,"gold_gain":0,"player_choice":"1 cards matched","damage_taken":0,"max_hp_gain":0,"max_hp_loss":0,"event_name":"Match and Keep!","floor":8,"gold_loss":0,"cards_obtained":["Blur"]},{"damage_healed":0,"gold_gain":0,"player_choice":"Ignored","damage_taken":0,"max_hp_gain":0,"max_hp_loss":0,"event_name":"Ghosts","floor":20,"gold_loss":0},{"damage_healed":0,"gold_gain":0,"cards_transformed":["Strike_G","Defend_G"],"player_choice":"Became Test Subject","damage_taken":0,"max_hp_gain":0,"max_hp_loss":0,"event_name":"Drug Dealer","floor":30,"gold_loss":0,"cards_obtained":["Corpse Explosion","Blade Dance"]}],"is_beta":false,"boss_relics":[{"not_picked":["Black Star","Calling Bell"],"picked":"Tiny House"}],"items_purged_floors":[],"is_endless":false,"potions_floor_spawned":[7,12,19,21,23],"killed_by":"Slavers","ascension_level":15}