{"gold_per_floor":[119,133,143,143,162,162,189,114,114,140,16,16,30,63,63,140,140,160,172,189,189,202,202,228,228,228,261,68,68],"floor_reached":29,"playtime":8296,"items_purged":["Strike_G","Strike_G"],"score":554,"play_id":"1dec8388-84ff-4cb4-a528-b2d854fc10c0","local_time":"20190320090504","is_ascension_mode":true,"campfire_choices":[{"data":"Terror","floor":6.0,"key":"SMITH"},{"data":"Noxious Fumes","floor":12.0,"key":"SMITH"},{"data":"Sucker Punch","floor":15.0,"key":"SMITH"},{"data":"Dodge and Roll","floor":23,"key":"SMITH"},{"floor":25,"key":"REST"}],"neow_cost":"NONE","seed_source_timestamp":0,"circlet_count":0,"master_deck":["AscendersBane","Defend_G","Defend_G","Defend_G","Defend_G","Defend_G","Strike_G","Strike_G","Strike_G","Survivor","Neutralize+1","Well Laid Plans","Sucker Punch+1","Terror+1","Endless Agony","Dagger Throw","Noxious Fumes+1","Backflip","Calculated Gamble","After Image","Malaise","Dodge and Roll+1","Cloak And Dagger+1","PiercingWail","Backflip","Apotheosis"],"special_seed":0,"relics":["Ring of the Snake","Bottled Lightning","Sundial","Strawberry","Vajra","Sozu","Nilry\u0027s Codex","Lantern","Juzu Bracelet","Ancient Tea Set"],"potions_floor_usage":[],"damage_taken":[{"damage":0.0,"enemies":"Cultist","floor":1.0,"turns":5.0},{"damage":2.0,"enemies":"2 Louse","floor":2.0,"turns":3.0},{"damage":1.0,"enemies":"Small Slimes","floor":3.0,"turns":4.0},{"damage":4.0,"enemies":"Blue Slaver","floor":5.0,"turns":5.0},{"damage":0.0,"enemies":"Gremlin Nob","floor":7.0,"turns":3.0},{"damage":12.0,"enemies":"Lagavulin","floor":10.0,"turns":5.0},{"damage":2.0,"enemies":"2 Fungi Beasts","floor":13.0,"turns":3.0},{"damage":15.0,"enemies":"Gremlin Nob","floor":14.0,"turns":4.0},{"damage":14.0,"enemies":"Hexaghost","floor":16.0,"turns":8.0},{"damage":8.0,"enemies":"Spheric Guardian","floor":18.0,"turns":6.0},{"damage":0.0,"enemies":"3 Byrds","floor":19.0,"turns":6.0},{"damage":3.0,"enemies":"Centurion and Healer","floor":20.0,"turns":8.0},{"damage":0,"enemies":"3 Cultists","floor":22,"turns":5},{"damage":24,"enemies":"Slavers","floor":24,"turns":6},{"damage":8,"enemies":"Book of Stabbing","floor":27,"turns":6},{"damage":28,"enemies":"Gremlin Leader","floor":29,"turns":2}],"seed_played":"1756912981660995607","potions_obtained":[{"floor":1.0,"key":"Regen Potion"},{"floor":5.0,"key":"AttackPotion"},{"floor":7.0,"key":"Swift Potion"},{"floor":13.0,"key":"Strength Potion"},{"floor":16.0,"key":"Weak Potion"}],"is_trial":false,"path_per_floor":["M","M","M","?","M","R","E","$","T","E","$","R","M","E","R","B",null,"M","M","M","?","M","R","E","R","T","E","$","E"],"character_chosen":"THE_SILENT","items_purchased":["Backflip","Apotheosis"],"campfire_rested":1,"item_purchase_floors":[11,28],"current_hp_per_floor":[59,57,56,61,57,57,57,57,57,66,66,66,64,49,49,35,67,59,59,56,35,35,35,11,34,34,26,26,0],"gold":68,"neow_bonus":"UPGRADE_CARD","is_prod":false,"is_daily":false,"chose_seed":false,"campfire_upgraded":4,"win_rate":0,"timestamp":1553072704,"path_taken":["M","?","M","?","M","R","E","$","T","E","$","R","M","E","R","BOSS","M","M","M","?","M","R","E","R","T","E","$","E"],"build_version":"2019-01-23","purchased_purges":2,"victory":false,"max_hp_per_floor":[66,66,66,71,71,71,71,71,71,78,78,78,78,78,78,78,78,78,78,78,78,78,78,78,78,78,78,78,78],"card_choices":[{"not_picked":["Deflect","Heel Hook"],"picked":"Well Laid Plans","floor":1.0},{"not_picked":["Eviscerate","Blur"],"picked":"Sucker Punch","floor":2.0},{"not_picked":["Blur","Bane"],"picked":"Terror","floor":3.0},{"not_picked":["Slice","Accuracy"],"picked":"Endless Agony","floor":5.0},{"not_picked":["Flechettes","Dodge and Roll"],"picked":"Dagger Throw","floor":7.0},{"not_picked":["Dagger Spray","Bane"],"picked":"Noxious Fumes","floor":10.0},{"not_picked":["Deadly Poison","Acrobatics"],"picked":"Calculated Gamble","floor":13.0},{"not_picked":["Flechettes","Poisoned Stab"],"picked":"After Image","floor":14.0},{"not_picked":["Adrenaline","Venomology"],"picked":"Malaise","floor":16.0},{"not_picked":["Bane","Blade Dance","Cloak And Dagger"],"picked":"SKIP","floor":18.0},{"not_picked":["Sucker Punch","Deflect"],"picked":"Dodge and Roll","floor":19.0},{"not_picked":["Acrobatics","Deadly Poison"],"picked":"Cloak And Dagger+1","floor":20},{"not_picked":["Eviscerate+1","Deadly Poison"],"picked":"PiercingWail","floor":22},{"not_picked":["Slice","Unload","Prepared"],"picked":"SKIP","floor":24},{"not_picked":["Distraction","Poisoned Stab"],"picked":"Backflip","floor":27}],"player_experience":656924,"relics_obtained":[{"floor":7.0,"key":"Bottled Lightning"},{"floor":9.0,"key":"Sundial"},{"floor":10.0,"key":"Strawberry"},{"floor":14.0,"key":"Vajra"},{"floor":21,"key":"Nilry\u0027s Codex"},{"floor":24,"key":"Lantern"},{"floor":26,"key":"Juzu Bracelet"},{"floor":27,"key":"Ancient Tea Set"}],"event_choices":[{"damage_healed":0.0,"max_hp_gain":5.0,"max_hp_loss":0.0,"gold_gain":0.0,"event_name":"Big Fish","player_choice":"Donut","floor":4.0,"gold_loss":0.0,"damage_taken":0.0},{"damage_healed":0,"gold_gain":0,"player_choice":"Obtained Book","damage_taken":21,"max_hp_gain":0,"max_hp_loss":0,"event_name":"Cursed Tome","floor":21,"gold_loss":0}],"is_beta":false,"boss_relics":[{"not_picked":["Fusion Hammer","Empty Cage"],"picked":"Sozu"}],"items_purged_floors":[8,11],"is_endless":false,"potions_floor_spawned":[1,5,7,13,16,18,22,24,27],"killed_by":"Gremlin Leader","ascension_level":16}