{"gold_per_floor":[110,128,128,98,123,167,167,185,185,185,14,58,58,83,83,173,173,194,187,211,261,23,23,47,47,70,70],"floor_reached":27,"playtime":1273,"items_purged":["Strike_R"],"score":401,"play_id":"05d973ba-7b31-4eb8-8ee0-dc3e30b4b7b5","local_time":"20190316165011","is_ascension_mode":true,"campfire_choices":[{"floor":7,"key":"REST"},{"floor":10,"key":"REST"},{"floor":13,"key":"REST"},{"floor":15,"key":"REST"},{"floor":23,"key":"REST"},{"floor":25,"key":"REST"}],"neow_cost":"NONE","seed_source_timestamp":1043144864569344,"circlet_count":0,"master_deck":["AscendersBane","Strike_R","Strike_R","Strike_R","Strike_R","Defend_R","Defend_R","Defend_R","Defend_R","Bash","Demon Form","Sword Boomerang","Pommel Strike","Bludgeon","Iron Wave","Shrug It Off","Metallicize","Whirlwind","Limit Break","Disarm","Bludgeon","Havoc+1"],"relics":["Burning Blood","Golden Idol","Dream Catcher","Singing Bowl","Letter Opener","Velvet Choker","Juzu Bracelet","Centennial Puzzle"],"potions_floor_usage":[5,6,12,16,18,27,27],"damage_taken":[{"damage":6,"enemies":"Cultist","floor":1,"turns":4},{"damage":9,"enemies":"2 Louse","floor":2,"turns":2},{"damage":24,"enemies":"Jaw Worm","floor":5,"turns":4},{"damage":24,"enemies":"Gremlin Nob","floor":6,"turns":4},{"damage":34,"enemies":"3 Louse","floor":8,"turns":4},{"damage":35,"enemies":"3 Sentries","floor":12,"turns":8},{"damage":24,"enemies":"2 Fungi Beasts","floor":14,"turns":6},{"damage":32,"enemies":"The Guardian","floor":16,"turns":9},{"damage":12,"enemies":"3 Byrds","floor":18,"turns":5},{"damage":28,"enemies":"2 Thieves","floor":19,"turns":4},{"damage":32,"enemies":"Snecko","floor":20,"turns":5},{"damage":38,"enemies":"3 Cultists","floor":24,"turns":6},{"damage":38,"enemies":"Book of Stabbing","floor":27,"turns":5}],"seed_played":"-5958622665954021278","potions_obtained":[{"floor":4,"key":"Regen Potion"},{"floor":4,"key":"Ancient Potion"},{"floor":5,"key":"Swift Potion"},{"floor":8,"key":"BloodPotion"},{"floor":14,"key":"Energy Potion"},{"floor":16,"key":"Poison Potion"},{"floor":24,"key":"AttackPotion"}],"is_trial":false,"path_per_floor":["M","M","?","?","M","E","R","M","T","R","$","E","R","M","R","B",null,"M","M","M","?","$","R","M","R","T","E"],"character_chosen":"IRONCLAD","items_purchased":["Limit Break","Juzu Bracelet"],"campfire_rested":6,"item_purchase_floors":[11,22],"current_hp_per_floor":[68,65,65,65,57,39,59,31,31,51,51,28,50,34,55,31,63,59,39,15,15,15,39,9,35,35,0],"gold":70,"neow_bonus":"ONE_RANDOM_RARE_CARD","is_prod":false,"is_daily":false,"chose_seed":false,"campfire_upgraded":0,"win_rate":0,"timestamp":1552769411,"path_taken":["M","M","?","?","M","E","R","M","T","R","$","E","R","?","R","BOSS","M","M","M","?","$","R","M","R","T","E"],"build_version":"2019-01-23","purchased_purges":1,"victory":false,"max_hp_per_floor":[75,75,68,68,68,68,68,68,68,68,68,68,70,72,72,74,74,76,78,80,80,80,80,82,84,84,84],"card_choices":[{"not_picked":["Evolve","Seeing Red"],"picked":"Sword Boomerang","floor":1},{"not_picked":["Havoc","Dual Wield"],"picked":"Pommel Strike","floor":2},{"not_picked":["Anger","Iron Wave"],"picked":"Bludgeon","floor":5},{"not_picked":["Inflame","Exhume"],"picked":"Iron Wave","floor":6},{"not_picked":["Warcry","Sword Boomerang"],"picked":"Shrug It Off","floor":7},{"not_picked":["Spot Weakness","Seeing Red"],"picked":"Metallicize","floor":8},{"not_picked":["Warcry","Havoc"],"picked":"Whirlwind","floor":10},{"not_picked":["Inflame","Thunderclap"],"picked":"Disarm","floor":12},{"not_picked":["Iron Wave","Second Wind","Intimidate"],"picked":"Singing Bowl","floor":13},{"not_picked":["Body Slam","Sword Boomerang","Cleave"],"picked":"Singing Bowl","floor":14},{"not_picked":["Twin Strike","Headbutt"],"picked":"Bludgeon","floor":15},{"not_picked":["Demon Form","Berserk","Brutality"],"picked":"Singing Bowl","floor":16},{"not_picked":["Body Slam","Thunderclap","Combust"],"picked":"Singing Bowl","floor":18},{"not_picked":["Iron Wave","Feel No Pain","Twin Strike"],"picked":"Singing Bowl","floor":19},{"not_picked":["Inflame","Rage","Warcry"],"picked":"Singing Bowl","floor":20},{"not_picked":["Twin Strike","Battle Trance"],"picked":"Havoc+1","floor":23},{"not_picked":["Shrug It Off","Brutality","Twin Strike"],"picked":"Singing Bowl","floor":24},{"not_picked":["Burning Pact","Armaments","Iron Wave"],"picked":"Singing Bowl","floor":25}],"player_experience":315200,"relics_obtained":[{"floor":6,"key":"Dream Catcher"},{"floor":9,"key":"Singing Bowl"},{"floor":12,"key":"Letter Opener"},{"floor":26,"key":"Centennial Puzzle"}],"event_choices":[{"damage_healed":0,"gold_gain":0,"player_choice":"Lose Max HP","damage_taken":0,"relics_obtained":["Golden Idol"],"max_hp_gain":0,"max_hp_loss":7,"event_name":"Golden Idol","floor":3,"gold_loss":0},{"damage_healed":0,"gold_gain":0,"player_choice":"Bought 2 Potions","damage_taken":0,"max_hp_gain":0,"max_hp_loss":0,"event_name":"The Woman in Blue","floor":4,"gold_loss":0},{"damage_healed":0,"gold_gain":50,"player_choice":"Stole From Cult","damage_taken":0,"max_hp_gain":0,"max_hp_loss":0,"event_name":"Nest","floor":21,"gold_loss":0}],"is_beta":false,"boss_relics":[{"not_picked":["Sozu","Calling Bell"],"picked":"Velvet Choker"}],"items_purged_floors":[22],"is_endless":false,"potions_floor_spawned":[5,8,14,16,24],"killed_by":"Book of Stabbing","ascension_level":16}