{"gold_per_floor":[115,115,70,85,85,85,121,144,194,194,194,233,233,249,249,344,344,363,2,23,48,62,62,93,93,169,169,169,169,169,169,169,258,258,281,281,281,299,91,91,131,131,131,256,256,256,11,45,45,45,45,45,45,19,50,50],"floor_reached":56,"playtime":5362,"items_purged":["Strike_B+1","Strike_B+1"],"score":1875,"play_id":"8af3adc3-5228-466a-98c5-e20fdc7c54a3","local_time":"20190402111332","is_ascension_mode":true,"campfire_choices":[{"data":"Zap","floor":6.0,"key":"SMITH"},{"data":"Conserve Battery","floor":10.0,"key":"SMITH"},{"data":"Loop","floor":13.0,"key":"SMITH"},{"data":"Cold Snap","floor":15.0,"key":"SMITH"},{"floor":23.0,"key":"REST"},{"floor":28.0,"key":"REST"},{"data":"Buffer","floor":30.0,"key":"SMITH"},{"data":"Capacitor","floor":32.0,"key":"SMITH"},{"floor":40.0,"key":"REST"},{"floor":42.0,"key":"REST"},{"floor":46.0,"key":"RECALL"},{"data":"Creative AI","floor":49.0,"key":"SMITH"},{"data":"Discovery","floor":53.0,"key":"SMITH"}],"neow_cost":"NONE","seed_source_timestamp":834641641482636,"circlet_count":0,"master_deck":["AscendersBane","Strike_B+1","Strike_B+1","Defend_B+1","Defend_B+1","Defend_B+1","Defend_B+1","Zap+1","Dualcast","Leap","Defragment+1","Compile Driver","Conserve Battery+1","Self Repair","Loop+1","Cold Snap+1","Buffer+1","Coolheaded+1","Capacitor+1","Recycle","Sunder","Static Discharge","Sunder","Steam","Conserve Battery","Creative AI+1","Stack","Apotheosis","Discovery+1","Hologram","Barrage","Barrage+1","Heatsinks","Coolheaded","Consume+1"],"special_seed":0,"relics":["Cracked Core","NeowsBlessing","Golden Idol","Art of War","Dream Catcher","Vajra","Runic Pyramid","Mummified Hand","Potion Belt","Inserter","Bird Faced Urn","Lantern","Pocketwatch","Happy Flower","Boot","Dead Branch"],"potions_floor_usage":[56,56],"damage_taken":[{"damage":0.0,"enemies":"Jaw Worm","floor":1.0,"turns":1.0},{"damage":0.0,"enemies":"Small Slimes","floor":4.0,"turns":1.0},{"damage":0.0,"enemies":"3 Sentries","floor":7.0,"turns":1.0},{"damage":1.0,"enemies":"2 Louse","floor":8.0,"turns":3.0},{"damage":10.0,"enemies":"Lagavulin","floor":12.0,"turns":7.0},{"damage":7.0,"enemies":"2 Fungi Beasts","floor":14.0,"turns":5.0},{"damage":26.0,"enemies":"The Guardian","floor":16.0,"turns":10.0},{"damage":16.0,"enemies":"Shell Parasite","floor":18.0,"turns":7.0},{"damage":24.0,"enemies":"2 Thieves","floor":20.0,"turns":5.0},{"damage":0.0,"enemies":"Snecko","floor":21.0,"turns":8.0},{"damage":27.0,"enemies":"Snake Plant","floor":22.0,"turns":4.0},{"damage":34.0,"enemies":"Book of Stabbing","floor":24.0,"turns":5.0},{"damage":14.0,"enemies":"Colosseum Slavers","floor":29.0,"turns":5.0},{"damage":12.0,"enemies":"Automaton","floor":33.0,"turns":13.0},{"damage":22.0,"enemies":"Orb Walker","floor":35.0,"turns":4.0},{"damage":36.0,"enemies":"3 Darklings","floor":38.0,"turns":5.0},{"damage":30.0,"enemies":"Reptomancer","floor":41.0,"turns":6.0},{"damage":0.0,"enemies":"Mind Bloom Boss Battle","floor":44.0,"turns":7.0},{"damage":15.0,"enemies":"Nemesis","floor":48.0,"turns":5.0},{"damage":44.0,"enemies":"Time Eater","floor":50.0,"turns":10.0},{"damage":54.0,"enemies":"Awakened One","floor":51.0,"turns":9.0},{"damage":63.0,"enemies":"Shield and Spear","floor":55.0,"turns":11.0},{"damage":78,"enemies":"The Heart","floor":56,"turns":3}],"seed_played":"904953488121320211","potions_obtained":[{"floor":7.0,"key":"Fruit Juice"},{"floor":12.0,"key":"FocusPotion"},{"floor":14.0,"key":"SteroidPotion"},{"floor":20.0,"key":"Energy Potion"},{"floor":38.0,"key":"Weak Potion"},{"floor":41.0,"key":"EssenceOfSteel"},{"floor":44.0,"key":"FearPotion"},{"floor":55.0,"key":"Fire Potion"}],"is_trial":false,"path_per_floor":["M","?","$","M","?","R","E","M","T","R","?","E","R","M","R","B",null,"M","$","M","M","M","R","E","?","T","?","R","?","R","?","R","B",null,"M","?","?","M","$","R","E","R","T","?","T","R","$","E","R","B","B",null,"R","$","E","B"],"character_chosen":"DEFECT","items_purchased":["Defragment","Mummified Hand","Capacitor","PowerPotion","GamblersBrew","Heatsinks","PowerPotion","Coolheaded"],"campfire_rested":4,"item_purchase_floors":[3,19,19,39,39,47,47,54],"current_hp_per_floor":[64,64,64,64,64,64,64,63,63,63,68,65,65,63,63,44,67,58,58,41,48,28,50,23,38,38,38,60,53,53,53,53,48,68,53,53,48,19,19,41,18,40,40,71,71,71,71,74,74,68,58,70,70,70,61,0],"gold":50,"neow_bonus":"THREE_ENEMY_KILL","is_prod":false,"is_daily":false,"chose_seed":false,"campfire_upgraded":8,"win_rate":0,"timestamp":1554225212,"path_taken":["M","?","?","M","?","R","E","M","T","R","?","E","R","M","R","BOSS","M","$","M","M","M","R","E","?","T","?","R","?","R","?","R","BOSS","M","?","?","M","$","R","E","R","T","?","?","R","$","E","R","BOSS","BOSS","R","$","E","BOSS"],"build_version":"2019-03-15","purchased_purges":2,"victory":false,"max_hp_per_floor":[71,64,64,64,64,64,64,64,64,64,69,69,69,74,74,74,74,74,74,74,74,74,74,74,74,74,74,74,74,74,74,74,74,74,74,74,74,74,74,74,74,74,74,74,74,74,74,74,74,74,74,74,74,74,74,74],"card_choices":[{"not_picked":["Gash","Go for the Eyes"],"picked":"Leap","floor":1.0},{"not_picked":["Leap","Stack"],"picked":"Compile Driver","floor":4.0},{"not_picked":["Barrage","Turbo"],"picked":"Conserve Battery","floor":7.0},{"not_picked":["Gash","Reboot"],"picked":"Self Repair","floor":8.0},{"not_picked":["Chaos","BootSequence"],"picked":"Loop","floor":12.0},{"not_picked":["Static Discharge","Leap"],"picked":"Cold Snap","floor":14.0},{"not_picked":["All For One","Multi-Cast"],"picked":"Buffer","floor":16.0},{"not_picked":["Darkness","Conserve Battery"],"picked":"Coolheaded+1","floor":18.0},{"not_picked":["Sweeping Beam","Lockon"],"picked":"Recycle","floor":20.0},{"not_picked":["Scrape","Tempest"],"picked":"Sunder","floor":21.0},{"not_picked":["Compile Driver","Redo"],"picked":"Static Discharge","floor":22.0},{"not_picked":["Melter","Skim"],"picked":"Sunder","floor":23.0},{"not_picked":["Cold Snap","Sweeping Beam"],"picked":"Steam","floor":24.0},{"not_picked":["Barrage","Compile Driver"],"picked":"Conserve Battery","floor":28.0},{"not_picked":["Seek","Fission"],"picked":"Creative AI","floor":33.0},{"not_picked":["Sunder","Redo"],"picked":"Stack","floor":35.0},{"not_picked":["Good Instincts","Chrysalis"],"picked":"Apotheosis","floor":37.0},{"not_picked":["Enlightenment","Dark Shackles"],"picked":"Discovery","floor":37.0},{"not_picked":["Blizzard","Rebound"],"picked":"Hologram","floor":38.0},{"not_picked":["Coolheaded","Ball Lightning+1"],"picked":"Barrage","floor":40.0},{"not_picked":["Hello World","Rebound+1","Genetic Algorithm"],"picked":"SKIP","floor":41.0},{"not_picked":["Conserve Battery","Streamline+1"],"picked":"Barrage+1","floor":44.0},{"not_picked":["Beam Cell","White Noise","Scrape"],"picked":"SKIP","floor":48.0},{"not_picked":["Beam Cell","Gash"],"picked":"Consume+1","floor":55.0}],"player_experience":2714248,"relics_obtained":[{"floor":7.0,"key":"Art of War"},{"floor":9.0,"key":"Dream Catcher"},{"floor":12.0,"key":"Vajra"},{"floor":24.0,"key":"Potion Belt"},{"floor":41.0,"key":"Bird Faced Urn"},{"floor":43.0,"key":"Lantern"},{"floor":44.0,"key":"Pocketwatch"},{"floor":45.0,"key":"Happy Flower"},{"floor":48.0,"key":"Boot"},{"floor":55.0,"key":"Dead Branch"}],"event_choices":[{"damage_healed":0.0,"max_hp_gain":0.0,"max_hp_loss":7.0,"gold_gain":0.0,"event_name":"Golden Idol","player_choice":"Lose Max HP","floor":2.0,"gold_loss":0.0,"damage_taken":0.0,"relics_obtained":["Golden Idol"]},{"damage_healed":0.0,"max_hp_gain":0.0,"max_hp_loss":0.0,"gold_gain":0.0,"event_name":"Living Wall","player_choice":"Grow","floor":5.0,"gold_loss":0.0,"damage_taken":0.0,"cards_upgraded":["Defragment"]},{"damage_healed":0.0,"max_hp_gain":5.0,"max_hp_loss":0.0,"gold_gain":0.0,"event_name":"Big Fish","player_choice":"Donut","floor":11.0,"gold_loss":0.0,"damage_taken":0.0},{"damage_healed":15.0,"max_hp_gain":0.0,"max_hp_loss":0.0,"gold_gain":0.0,"event_name":"The Library","player_choice":"Heal","floor":25.0,"gold_loss":0.0,"damage_taken":0.0},{"damage_healed":0.0,"max_hp_gain":0.0,"max_hp_loss":0.0,"gold_gain":0.0,"event_name":"Vampires","player_choice":"Ignored","floor":27.0,"gold_loss":0.0,"damage_taken":0.0},{"damage_healed":0.0,"max_hp_gain":0.0,"max_hp_loss":0.0,"gold_gain":0.0,"event_name":"Colosseum","player_choice":"Fight","floor":29.0,"gold_loss":0.0,"damage_taken":0.0},{"damage_healed":0.0,"max_hp_gain":0.0,"max_hp_loss":0.0,"gold_gain":0.0,"event_name":"Colosseum","player_choice":"Fled From Nobs","floor":29.0,"gold_loss":0.0,"damage_taken":0.0},{"damage_healed":0.0,"max_hp_gain":0.0,"max_hp_loss":0.0,"gold_gain":0.0,"event_name":"Back to Basics","player_choice":"Simplicity","floor":31.0,"gold_loss":0.0,"damage_taken":0.0,"cards_upgraded":["Strike_B","Strike_B","Strike_B","Strike_B","Defend_B","Defend_B","Defend_B","Defend_B"]},{"damage_healed":0.0,"max_hp_gain":0.0,"max_hp_loss":0.0,"gold_gain":0.0,"event_name":"Mysterious Sphere","player_choice":"Ignored","floor":36.0,"gold_loss":0.0,"damage_taken":0.0},{"damage_healed":0.0,"max_hp_gain":0.0,"max_hp_loss":0.0,"gold_gain":0.0,"event_name":"SensoryStone","player_choice":"Memory 2","floor":37.0,"gold_loss":0.0,"damage_taken":5.0},{"damage_healed":0.0,"max_hp_gain":0.0,"max_hp_loss":0.0,"gold_gain":0.0,"event_name":"MindBloom","player_choice":"Fight","floor":44.0,"gold_loss":0.0,"damage_taken":0.0}],"is_beta":true,"boss_relics":[{"not_picked":["White Beast Statue","Tiny House"],"picked":"Runic Pyramid"},{"not_picked":["FrozenCore","Philosopher\u0027s Stone"],"picked":"Inserter"}],"items_purged_floors":[39,47],"is_endless":false,"potions_floor_spawned":[7,12,14,18,20,21,38,41,44,48,55],"killed_by":"The Heart","ascension_level":20}