{"gold_per_floor":[117,128,148,148,168,199,199,199,270,36,36,52,64,80,80,181,181,196,121,121,21,21,56,56,56],"floor_reached":25,"playtime":939,"items_purged":["Strike_G","Defend_G"],"score":268,"play_id":"fed657a9-603e-4008-b7d4-35376d681714","local_time":"20181010130533","is_ascension_mode":true,"campfire_choices":[{"data":"Blur","floor":7,"key":"SMITH"},{"data":"Bouncing Flask","floor":11,"key":"SMITH"},{"floor":15,"key":"REST"}],"neow_cost":"NONE","seed_source_timestamp":1611436727874661,"circlet_count":0,"master_deck":["Defend_G+1","Defend_G","Defend_G","Defend_G","Survivor+1","Neutralize","Poisoned Stab","Outmaneuver","Blur+1","Bouncing Flask+1","Poisoned Stab","Infinite Blades","Infinite Blades","Skewer","Catalyst","Footwork","Bite","Bite","Bite","Bite","Bite","Pain","Poisoned Stab+1"],"relics":["Ring of the Snake","Gambling Chip","Bottled Lightning","Cursed Key","WarpedTongs","Lantern","MutagenicStrength"],"potions_floor_usage":[6,14,16,19],"damage_taken":[{"damage":3,"enemies":"Cultist","floor":1,"turns":5},{"damage":2,"enemies":"Small Slimes","floor":2,"turns":6},{"damage":1,"enemies":"2 Louse","floor":3,"turns":4},{"damage":0,"enemies":"Looter","floor":5,"turns":4},{"damage":20,"enemies":"Gremlin Nob","floor":6,"turns":4},{"damage":0,"enemies":"2 Fungi Beasts","floor":12,"turns":4},{"damage":0,"enemies":"Exordium Wildlife","floor":13,"turns":3},{"damage":4,"enemies":"Exordium Thugs","floor":14,"turns":4},{"damage":10,"enemies":"The Guardian","floor":16,"turns":12},{"damage":12,"enemies":"Shell Parasite","floor":18,"turns":5},{"damage":7,"enemies":"2 Thieves","floor":19,"turns":5},{"damage":43,"enemies":"Book of Stabbing","floor":23,"turns":7},{"damage":18,"enemies":"Snake Plant","floor":25,"turns":1}],"seed_played":"-3009968495161101334","potions_obtained":[{"floor":1,"key":"SneckoOil"},{"floor":2,"key":"SteroidPotion"},{"floor":13,"key":"FearPotion"},{"floor":14,"key":"SpeedPotion"},{"floor":23,"key":"SteroidPotion"}],"is_trial":false,"path_per_floor":["M","M","M","?","M","E","R","?","T","$","R","M","M","M","R","B",null,"M","M","?","$","?","E","?"],"character_chosen":"THE_SILENT","items_purchased":["Bouncing Flask","Poisoned Stab","Infinite Blades"],"campfire_rested":1,"item_purchase_floors":[10,10,10],"current_hp_per_floor":[67,65,64,50,50,30,30,23,23,23,23,23,23,19,40,30,70,58,51,49,49,49,11,11,0],"gold":56,"neow_bonus":"REMOVE_CARD","is_prod":false,"is_daily":false,"chose_seed":false,"campfire_upgraded":2,"win_rate":0,"timestamp":1539191133,"path_taken":["M","?","M","?","M","E","R","?","T","$","R","M","?","M","R","BOSS","M","M","?","$","?","E","?","M"],"build_version":"2018-10-04v2","purchased_purges":2,"victory":false,"max_hp_per_floor":[70,70,70,70,70,70,70,70,70,70,70,70,70,70,70,70,70,70,70,49,49,49,49,49,49],"card_choices":[{"not_picked":["Dodge and Roll","Blade Dance","Slice"],"picked":"SKIP","floor":1},{"not_picked":["Underhanded Strike","Leg Sweep","Dodge and Roll"],"picked":"SKIP","floor":2},{"not_picked":["Prepared","Eviscerate"],"picked":"Poisoned Stab","floor":3},{"not_picked":["Bane","Crippling Poison"],"picked":"Outmaneuver","floor":5},{"not_picked":["Tactician","Choke"],"picked":"Blur","floor":6},{"not_picked":["Reflex","Dagger Spray","Underhanded Strike"],"picked":"SKIP","floor":12},{"not_picked":["Prepared","Blade Dance"],"picked":"Infinite Blades","floor":13},{"not_picked":["Venomology","Cloak And Dagger"],"picked":"Skewer","floor":14},{"not_picked":["Skewer","Blade Dance"],"picked":"Catalyst","floor":18},{"not_picked":["Outmaneuver","Heel Hook"],"picked":"Footwork","floor":19},{"not_picked":["Bouncing Flask+1","Flying Knee+1"],"picked":"Poisoned Stab+1","floor":23}],"player_experience":206720,"relics_obtained":[{"floor":6,"key":"Gambling Chip"},{"floor":9,"key":"Bottled Lightning"},{"floor":23,"key":"Lantern"}],"event_choices":[{"event_name":"Shining Light","player_choice":"Entered Light","floor":4,"damage_taken":0},{"event_name":"Golden Wing","player_choice":"Card Removal","floor":8,"damage_taken":0},{"event_name":"Vampires","player_choice":"Became a vampire","floor":20,"damage_taken":0},{"event_name":"Accursed Blacksmith","player_choice":"Rummage","floor":22,"damage_taken":0},{"event_name":"Drug Dealer","player_choice":"Inject Mutagens","floor":24,"damage_taken":0}],"is_beta":false,"boss_relics":[{"not_picked":["Empty Cage","Black Star"],"picked":"Cursed Key"}],"items_purged_floors":[10,21],"is_endless":false,"potions_floor_spawned":[1,2,13,14,23],"killed_by":"Snake Plant","ascension_level":2}