{"gold_per_floor":[111,111,8,8,8,33,33,7,7,27,56,56,56,67,67,141,141,158,172,272,272,291,291,291],"floor_reached":24,"playtime":1008,"items_purged":["Strike_B"],"score":504,"play_id":"697c8d4b-8508-4827-b929-d7aba86d66bd","local_time":"20190408115708","is_ascension_mode":true,"campfire_choices":[{"floor":7.0,"key":"REST"},{"data":"Barrage","floor":12.0,"key":"SMITH"},{"data":"Zap","floor":15.0,"key":"SMITH"}],"neow_cost":"NONE","seed_source_timestamp":230509780089852,"circlet_count":0,"master_deck":["AscendersBane","Strike_B","Strike_B","Strike_B","Defend_B","Defend_B+1","Defend_B+1","Defend_B","Zap+1","Dualcast","Barrage+1","Leap","Compile Driver","Rainbow","Conserve Battery","Seek","Gash","Defragment+1","Self Repair","Capacitor"],"special_seed":0,"relics":["Cracked Core","Vajra","Mercury Hourglass","Cables","DataDisk","War Paint","Strawberry","Runic Pyramid","Girya","Singing Bowl"],"potions_floor_usage":[24],"damage_taken":[{"damage":0.0,"enemies":"2 Louse","floor":1.0,"turns":2.0},{"damage":40.0,"enemies":"Lagavulin","floor":6.0,"turns":4.0},{"damage":0.0,"enemies":"Cultist","floor":10.0,"turns":2.0},{"damage":16.0,"enemies":"3 Sentries","floor":11.0,"turns":5.0},{"damage":0.0,"enemies":"Jaw Worm","floor":14.0,"turns":2.0},{"damage":0.0,"enemies":"The Guardian","floor":16.0,"turns":7.0},{"damage":0.0,"enemies":"Chosen","floor":18.0,"turns":4.0},{"damage":3.0,"enemies":"3 Byrds","floor":19.0,"turns":3.0},{"damage":18.0,"enemies":"Colosseum Slavers","floor":20.0,"turns":4.0},{"damage":16.0,"enemies":"Colosseum Nobs","floor":20.0,"turns":4.0},{"damage":12.0,"enemies":"Centurion and Healer","floor":22.0,"turns":6.0},{"damage":32,"enemies":"Shelled Parasite and Fungi","floor":24,"turns":3}],"seed_played":"-5841251812859230137","potions_obtained":[{"floor":11.0,"key":"FocusPotion"},{"floor":14.0,"key":"Strength Potion"},{"floor":18.0,"key":"GamblersBrew"},{"floor":20.0,"key":"Fruit Juice"}],"is_trial":false,"path_per_floor":["M","?","$","T","?","E","R","$","T","M","E","R","?","M","R","B",null,"M","M","?","?","M","?","M"],"character_chosen":"DEFECT","items_purchased":["Barrage","Leap"],"campfire_rested":1,"item_purchase_floors":[3,8],"current_hp_per_floor":[64,64,64,64,64,24,45,45,45,45,29,29,18,18,18,18,63,63,60,26,26,14,14,0],"gold":291,"neow_bonus":"RANDOM_COMMON_RELIC","is_prod":false,"is_daily":false,"chose_seed":false,"campfire_upgraded":2,"win_rate":0,"timestamp":1554746228,"path_taken":["M","?","$","?","?","E","R","$","T","M","E","R","?","M","R","BOSS","M","M","?","?","?","?","M"],"build_version":"2019-04-04","purchased_purges":1,"victory":false,"max_hp_per_floor":[71,71,71,71,71,71,71,71,71,71,71,71,78,78,78,78,78,78,78,78,78,78,78,83],"card_choices":[{"not_picked":["Streamline","Turbo"],"picked":"Barrage","floor":1.0},{"not_picked":["Blizzard","Fusion","Redo"],"picked":"SKIP","floor":6.0},{"not_picked":["Turbo","Recycle"],"picked":"Compile Driver","floor":10.0},{"not_picked":["Heatsinks","Double Energy"],"picked":"Rainbow","floor":11.0},{"not_picked":["Sweeping Beam","Cold Snap"],"picked":"Conserve Battery","floor":14.0},{"not_picked":["All For One","Buffer"],"picked":"Seek","floor":16.0},{"not_picked":["Streamline","Sweeping Beam","Leap"],"picked":"SKIP","floor":18.0},{"not_picked":["Compile Driver","Stack"],"picked":"Gash","floor":19.0},{"not_picked":["Scrape","Loop"],"picked":"Defragment","floor":20.0},{"not_picked":["Double Energy","Compile Driver"],"picked":"Self Repair","floor":22.0}],"player_experience":2800328,"relics_obtained":[{"floor":4.0,"key":"Cables"},{"floor":6.0,"key":"DataDisk"},{"floor":11.0,"key":"War Paint"},{"floor":20.0,"key":"Girya"},{"floor":20.0,"key":"Singing Bowl"}],"event_choices":[{"cards_removed":["Barrage"],"damage_healed":0.0,"max_hp_gain":0.0,"max_hp_loss":0.0,"gold_gain":0.0,"event_name":"WeMeetAgain","player_choice":"Gave Card","floor":2.0,"gold_loss":0.0,"damage_taken":0.0,"relics_obtained":["Mercury Hourglass"]},{"damage_healed":0.0,"max_hp_gain":0.0,"max_hp_loss":0.0,"gold_gain":0.0,"event_name":"Liars Game","player_choice":"Ignored","floor":5.0,"gold_loss":0.0,"damage_taken":0.0},{"damage_healed":0.0,"max_hp_gain":0.0,"max_hp_loss":0.0,"gold_gain":0.0,"event_name":"Scrap Ooze","player_choice":"Success","floor":13.0,"gold_loss":0.0,"damage_taken":18.0,"relics_obtained":["Strawberry"]},{"damage_healed":0.0,"max_hp_gain":0.0,"max_hp_loss":0.0,"gold_gain":0.0,"event_name":"Colosseum","player_choice":"Fight","floor":20.0,"gold_loss":0.0,"damage_taken":0.0},{"damage_healed":0.0,"max_hp_gain":0.0,"max_hp_loss":0.0,"gold_gain":0.0,"event_name":"Colosseum","player_choice":"Fought Nobs","floor":20.0,"gold_loss":0.0,"damage_taken":0.0},{"damage_healed":0.0,"max_hp_gain":0.0,"max_hp_loss":0.0,"gold_gain":0.0,"event_name":"Upgrade Shrine","player_choice":"Upgraded","floor":21.0,"gold_loss":0.0,"damage_taken":0.0,"cards_upgraded":["Defragment"]},{"damage_healed":0.0,"max_hp_gain":0.0,"max_hp_loss":0.0,"gold_gain":0.0,"event_name":"The Library","player_choice":"Read","floor":23.0,"gold_loss":0.0,"damage_taken":0.0,"cards_obtained":["Capacitor"]}],"is_beta":true,"boss_relics":[{"not_picked":["Calling Bell","Orrery"],"picked":"Runic Pyramid"}],"items_purged_floors":[3],"is_endless":false,"potions_floor_spawned":[11,14,18,20,20],"killed_by":"Shelled Parasite and Fungi","ascension_level":20}