{"gold_per_floor":[117,117,135,150,150,150,223,223,223,223,18,54,66,103,115,222,234,270,207,238,250,13,13,36,76,121,121,121,121,142,160,160,160],"floor_reached":33,"playtime":1543,"items_purged":["Strike_R"],"score":460,"play_id":"8800401a-a667-4ab3-976d-8e2cdb8ea344","local_time":"20190316115633","is_ascension_mode":true,"campfire_choices":[{"data":"Clothesline","floor":6,"key":"SMITH"},{"data":"Blood for Blood","floor":8,"key":"SMITH"},{"data":"Ghostly Armor","floor":10,"key":"SMITH"},{"floor":15,"key":"REST"},{"data":"RitualDagger","floor":23,"key":"SMITH"},{"floor":27,"key":"REST"},{"floor":29,"key":"REST"},{"data":"Rampage","floor":32,"key":"SMITH"}],"neow_cost":"NONE","seed_source_timestamp":1025257044873606,"circlet_count":0,"master_deck":["AscendersBane","Strike_R","Strike_R","Strike_R","Defend_R","Defend_R","Defend_R","Defend_R","Bash+1","Clothesline+1","Cleave","Ghostly Armor+1","Blood for Blood+1","Disarm","Inflame","Juggernaut","Pommel Strike","RitualDagger+1","Disarm","Rampage+1","Iron Wave","True Grit+1"],"relics":["Burning Blood","NeowsBlessing","Golden Idol","Potion Belt","Question Card","Membership Card","MawBank","Sozu","Lee\u0027s Waffle","Juzu Bracelet","Bird Faced Urn","Red Skull"],"potions_floor_usage":[16,16,18,25],"damage_taken":[{"damage":0,"enemies":"2 Louse","floor":1,"turns":1},{"damage":0,"enemies":"Cultist","floor":3,"turns":1},{"damage":0,"enemies":"Small Slimes","floor":4,"turns":1},{"damage":30,"enemies":"3 Sentries","floor":7,"turns":8},{"damage":12,"enemies":"Lagavulin","floor":12,"turns":5},{"damage":11,"enemies":"2 Fungi Beasts","floor":14,"turns":4},{"damage":39,"enemies":"The Guardian","floor":16,"turns":11},{"damage":32,"enemies":"3 Byrds","floor":18,"turns":5},{"damage":11,"enemies":"Spheric Guardian","floor":20,"turns":5},{"damage":30,"enemies":"Snake Plant","floor":24,"turns":6},{"damage":49,"enemies":"Slavers","floor":25,"turns":8},{"damage":20,"enemies":"Shelled Parasite and Fungi","floor":30,"turns":6},{"damage":6,"enemies":"Snecko","floor":31,"turns":4},{"damage":66,"enemies":"Automaton","floor":33,"turns":8}],"seed_played":"7980757919998535829","potions_obtained":[{"floor":1,"key":"GamblersBrew"},{"floor":4,"key":"Dexterity Potion"},{"floor":14,"key":"Ancient Potion"},{"floor":16,"key":"Explosive Potion"}],"is_trial":false,"path_per_floor":["M","?","M","M","?","R","?","R","T","R","$","E","?","M","R","B",null,"M","?","M","?","$","R","M","E","T","R","?","R","M","M","R","B"],"character_chosen":"IRONCLAD","items_purchased":["Membership Card","Lee\u0027s Waffle","Disarm","Juzu Bracelet"],"campfire_rested":3,"item_purchase_floors":[11,22,22,22],"current_hp_per_floor":[74,74,75,75,68,68,44,44,44,44,44,38,38,33,53,20,56,30,30,25,19,75,75,51,8,8,30,45,67,57,61,61,0],"gold":160,"neow_bonus":"THREE_ENEMY_KILL","is_prod":false,"is_daily":false,"chose_seed":false,"campfire_upgraded":5,"win_rate":0,"timestamp":1552751793,"path_taken":["M","?","?","M","?","R","?","R","T","R","$","E","?","M","R","BOSS","M","?","M","?","$","R","M","E","T","R","?","R","M","M","R","BOSS"],"build_version":"2019-01-23","purchased_purges":1,"victory":false,"max_hp_per_floor":[75,75,75,75,68,68,68,68,68,68,68,68,68,68,68,68,68,68,68,68,68,75,75,75,75,75,75,75,75,75,75,75,75],"card_choices":[{"not_picked":["Headbutt","Ghostly Armor"],"picked":"Clothesline","floor":1},{"not_picked":["Anger","True Grit"],"picked":"Cleave","floor":3},{"not_picked":["Cleave","Pommel Strike"],"picked":"Ghostly Armor","floor":4},{"not_picked":["Berserk","Sentinel"],"picked":"Blood for Blood","floor":7},{"not_picked":["Body Slam","Wild Strike","Rampage"],"picked":"Disarm","floor":12},{"not_picked":["Wild Strike","Rupture","Iron Wave"],"picked":"Inflame","floor":14},{"not_picked":["Offering","Brutality","Fiend Fire"],"picked":"Juggernaut","floor":16},{"not_picked":["Cleave","Heavy Blade","Clothesline"],"picked":"Pommel Strike","floor":18},{"not_picked":["Warcry","Hemokinesis","Twin Strike","Heavy Blade"],"picked":"SKIP","floor":20},{"not_picked":["Pommel Strike","Wild Strike","Reckless Charge","Clash"],"picked":"SKIP","floor":24},{"not_picked":["Seeing Red","Evolve","Ghostly Armor"],"picked":"Rampage","floor":25},{"not_picked":["Bludgeon","Warcry","Wild Strike+1"],"picked":"Iron Wave","floor":30},{"not_picked":["Pommel Strike","Warcry","Second Wind"],"picked":"True Grit+1","floor":31}],"player_experience":303731,"relics_obtained":[{"floor":7,"key":"Potion Belt"},{"floor":9,"key":"Question Card"},{"floor":12,"key":"MawBank"},{"floor":25,"key":"Bird Faced Urn"},{"floor":26,"key":"Red Skull"}],"event_choices":[{"damage_healed":0,"gold_gain":0,"player_choice":"Forge","damage_taken":0,"max_hp_gain":0,"max_hp_loss":0,"event_name":"Accursed Blacksmith","floor":2,"gold_loss":0,"cards_upgraded":["Bash"]},{"damage_healed":0,"gold_gain":0,"player_choice":"Lose Max HP","damage_taken":0,"relics_obtained":["Golden Idol"],"max_hp_gain":0,"max_hp_loss":7,"event_name":"Golden Idol","floor":5,"gold_loss":0},{"damage_healed":0,"gold_gain":0,"player_choice":"Searched \u00271\u0027 times","damage_taken":0,"max_hp_gain":0,"max_hp_loss":0,"event_name":"Dead Adventurer","floor":7,"gold_loss":0},{"damage_healed":0,"gold_gain":0,"player_choice":"Ignored","damage_taken":0,"max_hp_gain":0,"max_hp_loss":0,"event_name":"Shining Light","floor":13,"gold_loss":0},{"cards_removed":["Strike_R"],"damage_healed":0,"gold_gain":0,"player_choice":"Gave Gold","damage_taken":0,"max_hp_gain":0,"max_hp_loss":0,"event_name":"Beggar","floor":19,"gold_loss":75},{"damage_healed":0,"gold_gain":0,"player_choice":"Joined the Cult","damage_taken":6,"max_hp_gain":0,"max_hp_loss":0,"event_name":"Nest","floor":21,"gold_loss":0,"cards_obtained":["RitualDagger"]},{"damage_healed":15,"gold_gain":0,"player_choice":"Heal","damage_taken":0,"max_hp_gain":0,"max_hp_loss":0,"event_name":"The Library","floor":28,"gold_loss":0}],"is_beta":false,"boss_relics":[{"not_picked":["Philosopher\u0027s Stone","Tiny House"],"picked":"Sozu"}],"items_purged_floors":[22],"is_endless":false,"potions_floor_spawned":[1,4,14,16,18,25],"killed_by":"Automaton","ascension_level":15}