{"gold_per_floor":[109,109,34,48,71,71,71,105,105,128,128,146,187,187,187,187],"floor_reached":16,"playtime":552,"items_purged":["Meteor Strike"],"score":127,"play_id":"52191efb-bb5a-43d2-a06d-198304fc7832","local_time":"20181011175919","daily_mods":["Shiny","Red Cards","DeadlyEvents"],"is_ascension_mode":true,"campfire_choices":[{"floor":6,"key":"REST"},{"floor":11,"key":"REST"},{"floor":15,"key":"REST"}],"neow_cost":"","seed_source_timestamp":66086366180606,"circlet_count":0,"master_deck":["Multi-Cast","Hyperbeam","Thunder Strike","Biased Cognition","Machine Learning","Electrodynamics","Buffer","Rainbow","Seek","Echo Form","Reboot","Amplify","Creative AI","Fission","Core Surge","Steam","Shrug It Off","BootSequence"],"relics":["Cracked Core","Golden Idol","Gremlin Horn","Frozen Egg 2","PreservedInsect"],"potions_floor_usage":[16],"damage_taken":[{"damage":12,"enemies":"Jaw Worm","floor":1,"turns":2},{"damage":8,"enemies":"2 Louse","floor":4,"turns":2},{"damage":4,"enemies":"Cultist","floor":5,"turns":4},{"damage":44,"enemies":"Gremlin Nob","floor":8,"turns":6},{"damage":0,"enemies":"Lots of Slimes","floor":10,"turns":1},{"damage":4,"enemies":"Exordium Wildlife","floor":12,"turns":3},{"damage":12,"enemies":"3 Sentries","floor":13,"turns":5},{"damage":52,"enemies":"Hexaghost","floor":16,"turns":9}],"seed_played":"8992260626852608682","potions_obtained":[{"floor":5,"key":"Block Potion"},{"floor":10,"key":"GamblersBrew"},{"floor":13,"key":"EntropicBrew"}],"is_trial":true,"path_per_floor":["M","?","$","M","M","R","?","E","T","M","R","M","E","?","R"],"character_chosen":"DEFECT","items_purchased":[],"campfire_rested":3,"item_purchase_floors":[],"current_hp_per_floor":[63,45,45,37,33,55,60,16,16,16,40,36,24,24,48,0],"gold":187,"neow_bonus":"","is_prod":false,"is_daily":false,"chose_seed":false,"campfire_upgraded":0,"win_rate":0,"timestamp":1539295159,"path_taken":["M","?","$","?","?","R","?","E","T","M","R","M","?","?","R","BOSS"],"build_version":"2018-10-04v2","purchased_purges":1,"victory":false,"max_hp_per_floor":[75,75,75,75,75,75,80,80,80,80,80,80,80,80,80,80],"card_choices":[{"not_picked":["True Grit","Steam","Iron Wave"],"picked":"SKIP","floor":1},{"not_picked":["True Grit","Iron Wave"],"picked":"Steam","floor":1},{"not_picked":["Headbutt","Fusion","Steam Power"],"picked":"SKIP","floor":4},{"not_picked":["Hyperbeam","Headbutt","Evolve"],"picked":"SKIP","floor":5},{"not_picked":["Compile Driver","Double Tap","Reprogram"],"picked":"SKIP","floor":8},{"not_picked":["Pommel Strike","Redo"],"picked":"Shrug It Off","floor":10},{"not_picked":["Battle Trance","Sweeping Beam"],"picked":"BootSequence","floor":12},{"not_picked":["Rainbow","Melter","Wild Strike"],"picked":"SKIP","floor":13}],"player_experience":229445,"relics_obtained":[{"floor":8,"key":"Gremlin Horn"},{"floor":9,"key":"Frozen Egg 2"},{"floor":13,"key":"PreservedInsect"}],"event_choices":[{"event_name":"Golden Idol","player_choice":"Take Damage","floor":2,"damage_taken":0},{"event_name":"Big Fish","player_choice":"Donut","floor":7,"damage_taken":0},{"event_name":"Living Wall","player_choice":"Forget","floor":14,"damage_taken":0}],"is_beta":false,"boss_relics":[],"items_purged_floors":[3],"is_endless":false,"potions_floor_spawned":[5,10,13],"killed_by":"Hexaghost","ascension_level":3}