{"gold_per_floor":[117,134,33,43,43,43,75,88,114,148,148,48,48,63,63,158,158,172,152,170,193,83,83,118,118,118,118],"floor_reached":27,"playtime":1315,"items_purged":["Strike_B","Strike_B"],"score":482,"play_id":"39f99a3c-de8b-4527-bd01-d32bcb9ebfce","local_time":"20190410123208","is_ascension_mode":true,"campfire_choices":[{"data":"Sunder","floor":6.0,"key":"SMITH"},{"floor":11.0,"key":"REST"},{"data":"Multi-Cast","floor":15.0,"key":"SMITH"},{"data":"Seek","floor":23,"key":"SMITH"},{"data":"Conserve Battery","floor":25,"key":"SMITH"}],"neow_cost":"NONE","seed_source_timestamp":405209760058263,"circlet_count":0,"master_deck":["AscendersBane","Strike_B+1","Defend_B","Defend_B+1","Defend_B+1","Defend_B","Zap","Dualcast","Multi-Cast+1","Sunder+1","Doom and Gloom","Turbo","Beam Cell+1","Electrodynamics","Genetic Algorithm","Coolheaded","Conserve Battery+1","Electrodynamics","Seek+1","Glacier+1","Barrage","Core Surge"],"special_seed":0,"relics":["Cracked Core","Omamori","Whetstone","Centennial Puzzle","Golden Idol","Coffee Dripper","War Paint","Shovel"],"potions_floor_usage":[16,16,24,24],"damage_taken":[{"damage":1.0,"enemies":"Small Slimes","floor":1.0,"turns":3.0},{"damage":0.0,"enemies":"Cultist","floor":2.0,"turns":3.0},{"damage":4.0,"enemies":"Jaw Worm","floor":4.0,"turns":4.0},{"damage":32.0,"enemies":"Gremlin Nob","floor":7.0,"turns":4.0},{"damage":4.0,"enemies":"Red Slaver","floor":8.0,"turns":3.0},{"damage":15.0,"enemies":"Lagavulin","floor":10.0,"turns":5.0},{"damage":0.0,"enemies":"3 Louse","floor":14.0,"turns":1.0},{"damage":10,"enemies":"Hexaghost","floor":16,"turns":7},{"damage":17,"enemies":"2 Thieves","floor":18,"turns":2},{"damage":19,"enemies":"Shell Parasite","floor":20,"turns":6},{"damage":0,"enemies":"3 Cultists","floor":21,"turns":3},{"damage":11,"enemies":"Book of Stabbing","floor":24,"turns":5},{"damage":18,"enemies":"Sentry and Sphere","floor":27,"turns":5}],"seed_played":"1657763009497260860","potions_obtained":[{"floor":1.0,"key":"Dexterity Potion"},{"floor":8.0,"key":"Dexterity Potion"},{"floor":10.0,"key":"PowerPotion"},{"floor":16,"key":"Strength Potion"},{"floor":19,"key":"LiquidBronze"},{"floor":21,"key":"PowerPotion"}],"is_trial":false,"path_per_floor":["M","M","$","M","?","R","E","M","T","E","R","$","?","M","R","B",null,"M","?","M","M","?","R","E","R","T","M"],"character_chosen":"DEFECT","items_purchased":["Turbo"],"campfire_rested":1,"item_purchase_floors":[3],"current_hp_per_floor":[63,63,63,59,59,59,27,23,23,8,29,29,29,29,29,19,58,41,41,22,22,22,22,11,11,11,0],"gold":118,"neow_bonus":"ONE_RANDOM_RARE_CARD","is_prod":false,"is_daily":false,"chose_seed":false,"campfire_upgraded":4,"win_rate":0,"timestamp":1554921128,"path_taken":["M","M","$","M","?","R","E","?","T","E","R","$","?","M","R","BOSS","M","?","?","M","?","R","E","R","T","?"],"build_version":"2019-04-04","purchased_purges":2,"victory":false,"max_hp_per_floor":[71,71,71,71,71,71,71,71,71,71,71,71,71,71,71,71,71,71,71,71,71,71,71,71,71,71,71],"card_choices":[{"not_picked":["Consume","Chaos"],"picked":"Sunder","floor":1.0},{"not_picked":["Blizzard","Sweeping Beam"],"picked":"Doom and Gloom","floor":2.0},{"not_picked":["Rebound","Coolheaded"],"picked":"Beam Cell","floor":4.0},{"not_picked":["Reboot","Chill"],"picked":"Genetic Algorithm","floor":7.0},{"not_picked":["Steam","Cold Snap"],"picked":"Coolheaded","floor":8.0},{"not_picked":["Redo","Cold Snap"],"picked":"Conserve Battery","floor":10.0},{"not_picked":["Reprogram","Loop"],"picked":"Electrodynamics","floor":14.0},{"not_picked":["Creative AI","Meteor Strike"],"picked":"Seek","floor":16},{"not_picked":["Barrage","Leap"],"picked":"Glacier","floor":18},{"not_picked":["Go for the Eyes","Leap","Cold Snap"],"picked":"SKIP","floor":20},{"not_picked":["Beam Cell","Rebound"],"picked":"Barrage","floor":21},{"not_picked":["Leap","Coolheaded"],"picked":"Core Surge","floor":24}],"player_experience":2826503,"relics_obtained":[{"floor":7.0,"key":"Omamori"},{"floor":9.0,"key":"Whetstone"},{"floor":10.0,"key":"Centennial Puzzle"},{"floor":24,"key":"War Paint"},{"floor":26,"key":"Shovel"}],"event_choices":[{"damage_healed":0.0,"max_hp_gain":0.0,"max_hp_loss":0.0,"gold_gain":0.0,"event_name":"Match and Keep!","player_choice":"1 cards matched","floor":5.0,"gold_loss":0.0,"damage_taken":0.0,"cards_obtained":["Electrodynamics"]},{"damage_healed":0.0,"max_hp_gain":0.0,"max_hp_loss":0.0,"gold_gain":0.0,"event_name":"Golden Idol","player_choice":"Take Wound","floor":13.0,"gold_loss":0.0,"damage_taken":0.0,"relics_obtained":["Golden Idol"],"cards_obtained":["Injury"]},{"damage_healed":0,"gold_gain":0,"player_choice":"Bought 1 Potion","damage_taken":0,"max_hp_gain":0,"max_hp_loss":0,"event_name":"The Woman in Blue","floor":19,"gold_loss":0},{"cards_removed":["Strike_B"],"damage_healed":0,"gold_gain":0,"player_choice":"Upgrade and Remove","damage_taken":0,"max_hp_gain":0,"max_hp_loss":0,"event_name":"Designer","floor":22,"gold_loss":110,"cards_upgraded":["Defend_B"]}],"is_beta":true,"boss_relics":[{"not_picked":["Empty Cage","Black Star"],"picked":"Coffee Dripper"}],"items_purged_floors":[3,12],"is_endless":false,"potions_floor_spawned":[1,8,10,14,16,21],"killed_by":"Sentry and Sphere","ascension_level":20}