{"gold_per_floor":[112,132,9,9,9,9,44,63,63,83,108,126,126,203,203,280,280,297,313,80,96,146,146,160,172,251,251,265,298,348,360,360,434,434,449,6,26,43,43,43,53,68,68,79,79,79,106,106],"floor_reached":48,"playtime":4066,"items_purged":["Strike_G"],"score":1192,"play_id":"c9ca7aa2-a5d2-4a4b-9561-acade2c61f70","local_time":"20190415162922","is_ascension_mode":true,"campfire_choices":[{"data":"Noxious Fumes","floor":6.0,"key":"SMITH"},{"data":"Neutralize","floor":15.0,"key":"SMITH"},{"data":"Catalyst","floor":23.0,"key":"SMITH"},{"data":"Catalyst","floor":27.0,"key":"SMITH"},{"floor":32.0,"key":"REST"},{"floor":40,"key":"DIG"},{"floor":46,"key":"DIG"}],"neow_cost":"NONE","seed_source_timestamp":0,"circlet_count":0,"master_deck":["AscendersBane","Defend_G","Defend_G","Defend_G","Defend_G","Defend_G","Strike_G","Strike_G","Strike_G","Survivor","Neutralize+1","Cloak And Dagger","Heel Hook","Noxious Fumes+1","Masterful Stab","Corpse Explosion","Leg Sweep","Deadly Poison","Blur","Backflip","Cloak And Dagger","Catalyst+1","Bouncing Flask","Footwork","Deadly Poison","Catalyst+1","Infinite Blades+1","Noxious Fumes+1","Malaise","Tools of the Trade+1","PiercingWail","Concentrate"],"special_seed":0,"relics":["Ring of the Snake","NeowsBlessing","Ninja Scroll","Paper Crane","Shuriken","Bottled Tornado","Snecko Eye","Frozen Egg 2","Shovel","Fusion Hammer","Bottled Lightning","Thread and Needle","Bronze Scales","StoneCalendar","Pen Nib"],"potions_floor_usage":[],"damage_taken":[{"damage":0.0,"enemies":"2 Louse","floor":1.0,"turns":1.0},{"damage":0.0,"enemies":"Cultist","floor":2.0,"turns":1.0},{"damage":0.0,"enemies":"Gremlin Nob","floor":7.0,"turns":1.0},{"damage":0.0,"enemies":"Small Slimes","floor":8.0,"turns":2.0},{"damage":0.0,"enemies":"Exordium Wildlife","floor":10.0,"turns":3.0},{"damage":2.0,"enemies":"Lagavulin","floor":11.0,"turns":5.0},{"damage":0.0,"enemies":"Blue Slaver","floor":12.0,"turns":3.0},{"damage":0.0,"enemies":"The Guardian","floor":16.0,"turns":9.0},{"damage":7.0,"enemies":"Chosen","floor":18.0,"turns":7.0},{"damage":13.0,"enemies":"Shell Parasite","floor":19.0,"turns":5.0},{"damage":6.0,"enemies":"Centurion and Healer","floor":21.0,"turns":5.0},{"damage":7.0,"enemies":"3 Cultists","floor":24.0,"turns":3.0},{"damage":6.0,"enemies":"Cultist and Chosen","floor":25.0,"turns":4.0},{"damage":9.0,"enemies":"Shelled Parasite and Fungi","floor":28.0,"turns":3.0},{"damage":20.0,"enemies":"Gremlin Leader","floor":29.0,"turns":5.0},{"damage":0.0,"enemies":"Snecko","floor":31.0,"turns":3.0},{"damage":1.0,"enemies":"Automaton","floor":33.0,"turns":6.0},{"damage":5.0,"enemies":"3 Shapes","floor":35.0,"turns":4.0},{"damage":2.0,"enemies":"Orb Walker","floor":37.0,"turns":4.0},{"damage":11.0,"enemies":"Transient","floor":38.0,"turns":6.0},{"damage":0,"enemies":"Sphere and 2 Shapes","floor":41,"turns":3},{"damage":0,"enemies":"3 Darklings","floor":42,"turns":2},{"damage":11,"enemies":"Writhing Mass","floor":44,"turns":4},{"damage":23,"enemies":"Reptomancer","floor":47,"turns":7},{"damage":30,"enemies":"Jaw Worm Horde","floor":48,"turns":1}],"seed_played":"9136858100256941361","potions_obtained":[{"floor":1.0,"key":"FearPotion"},{"floor":5.0,"key":"Regen Potion"},{"floor":5.0,"key":"SteroidPotion"},{"floor":7.0,"key":"Explosive Potion"},{"floor":11.0,"key":"Energy Potion"},{"floor":24.0,"key":"SteroidPotion"},{"floor":25.0,"key":"Ancient Potion"},{"floor":29.0,"key":"FearPotion"},{"floor":31.0,"key":"Weak Potion"},{"floor":35.0,"key":"EssenceOfSteel"},{"floor":42,"key":"Dexterity Potion"},{"floor":44,"key":"SpeedPotion"},{"floor":47,"key":"FairyPotion"}],"is_trial":false,"path_per_floor":["M","M","$","?","?","R","E","M","T","M","E","M","?","T","R","B",null,"M","M","$","M","?","R","M","M","T","R","M","E","?","M","R","B",null,"M","$","M","M","?","R","M","M","T","M","?","R","E","M"],"character_chosen":"THE_SILENT","items_purchased":["Noxious Fumes","Masterful Stab","Bouncing Flask","Footwork","Tools of the Trade+1","Bottled Lightning"],"campfire_rested":1,"item_purchase_floors":[3,3,20,20,36,36],"current_hp_per_floor":[59,59,59,59,59,59,59,59,59,59,66,66,71,71,71,71,71,64,51,51,45,45,45,38,32,32,32,23,3,3,3,24,23,59,54,54,52,41,41,41,41,41,41,30,30,30,7,0],"gold":106,"neow_bonus":"THREE_ENEMY_KILL","is_prod":false,"is_daily":false,"chose_seed":false,"campfire_upgraded":4,"win_rate":0,"timestamp":1555342162,"path_taken":["M","M","$","?","?","R","E","M","T","?","E","M","?","?","R","BOSS","M","M","$","M","?","R","M","M","T","R","M","E","?","M","R","BOSS","M","$","M","?","?","R","M","M","T","?","?","R","E","M"],"build_version":"2019-01-23","purchased_purges":1,"victory":false,"max_hp_per_floor":[66,66,66,66,66,66,66,66,66,66,66,66,71,71,71,71,71,71,71,71,71,71,71,71,71,71,71,71,71,71,71,71,71,71,71,71,71,71,71,71,71,71,71,71,71,71,71,71],"card_choices":[{"not_picked":["Riddle With Holes","All Out Attack"],"picked":"Cloak And Dagger","floor":1.0},{"not_picked":["Cloak And Dagger","Backflip"],"picked":"Heel Hook","floor":2.0},{"not_picked":["Malaise","Deflect"],"picked":"Corpse Explosion","floor":7.0},{"not_picked":["Quick Slash","Dodge and Roll"],"picked":"Leg Sweep","floor":8.0},{"not_picked":["Distraction","Dagger Spray"],"picked":"Deadly Poison","floor":10.0},{"not_picked":["Dodge and Roll","Expertise"],"picked":"Blur","floor":11.0},{"not_picked":["Tactician","Crippling Poison"],"picked":"Backflip","floor":12.0},{"not_picked":["Masterful Stab","Backstab+1"],"picked":"Cloak And Dagger","floor":18.0},{"not_picked":["Dash","Bane"],"picked":"Catalyst","floor":19.0},{"not_picked":["Outmaneuver","Unload","Flechettes"],"picked":"SKIP","floor":21.0},{"not_picked":["PiercingWail","Cloak And Dagger"],"picked":"Deadly Poison","floor":24.0},{"not_picked":["Endless Agony","Skewer"],"picked":"Catalyst","floor":25.0},{"not_picked":["Distraction","Flying Knee","Deflect+1"],"picked":"SKIP","floor":28.0},{"not_picked":["Bouncing Flask","Poisoned Stab+1"],"picked":"Infinite Blades+1","floor":29.0},{"not_picked":["Choke+1","Dodge and Roll"],"picked":"Noxious Fumes+1","floor":31.0},{"not_picked":["Grand Finale","Unload"],"picked":"Malaise","floor":33.0},{"not_picked":["Poisoned Stab","Cloak And Dagger","Quick Slash"],"picked":"SKIP","floor":35.0},{"not_picked":["Backflip","Endless Agony","Doppelganger"],"picked":"SKIP","floor":37.0},{"not_picked":["PiercingWail","Outmaneuver+1","Quick Slash"],"picked":"SKIP","floor":38.0},{"not_picked":["Deflect","Finisher"],"picked":"PiercingWail","floor":41},{"not_picked":["Quick Slash+1","Backflip"],"picked":"Concentrate","floor":42},{"not_picked":["PiercingWail","Poisoned Stab","Tactician"],"picked":"SKIP","floor":44},{"not_picked":["Dodge and Roll","Underhanded Strike+1","Venomology"],"picked":"SKIP","floor":47}],"player_experience":1089587,"relics_obtained":[{"floor":7.0,"key":"Ninja Scroll"},{"floor":9.0,"key":"Paper Crane"},{"floor":11.0,"key":"Shuriken"},{"floor":14.0,"key":"Bottled Tornado"},{"floor":26.0,"key":"Frozen Egg 2"},{"floor":29.0,"key":"Shovel"},{"floor":40,"key":"Thread and Needle"},{"floor":43,"key":"Bronze Scales"},{"floor":46,"key":"StoneCalendar"},{"floor":47,"key":"Pen Nib"}],"event_choices":[{"damage_healed":0.0,"max_hp_gain":0.0,"max_hp_loss":0.0,"gold_gain":0.0,"event_name":"Golden Idol","player_choice":"Ignored","floor":4.0,"gold_loss":0.0,"damage_taken":0.0},{"damage_healed":0.0,"max_hp_gain":0.0,"max_hp_loss":0.0,"gold_gain":0.0,"event_name":"Lab","player_choice":"Got Potions","floor":5.0,"gold_loss":0.0,"damage_taken":0.0},{"damage_healed":0.0,"max_hp_gain":5.0,"max_hp_loss":0.0,"gold_gain":0.0,"event_name":"Big Fish","player_choice":"Donut","floor":13.0,"gold_loss":0.0,"damage_taken":0.0},{"damage_healed":0.0,"max_hp_gain":0.0,"max_hp_loss":0.0,"gold_gain":50.0,"event_name":"Nest","player_choice":"Stole From Cult","floor":22.0,"gold_loss":0.0,"damage_taken":0.0},{"damage_healed":0.0,"max_hp_gain":0.0,"max_hp_loss":0.0,"gold_gain":50.0,"event_name":"Golden Shrine","player_choice":"Pray","floor":30.0,"gold_loss":0.0,"damage_taken":0.0},{"damage_healed":0.0,"max_hp_gain":0.0,"max_hp_loss":0.0,"gold_gain":0.0,"event_name":"WeMeetAgain","player_choice":"Ignored","floor":39.0,"gold_loss":0.0,"damage_taken":0.0},{"cards_removed":["Strike_G"],"damage_healed":0,"gold_gain":0,"player_choice":"Removed Attack","damage_taken":0,"max_hp_gain":0,"max_hp_loss":0,"event_name":"Falling","floor":45,"gold_loss":0}],"is_beta":false,"boss_relics":[{"not_picked":["Tiny House","Coffee Dripper"],"picked":"Snecko Eye"},{"not_picked":["WristBlade","Philosopher\u0027s Stone"],"picked":"Fusion Hammer"}],"items_purged_floors":[20],"is_endless":false,"potions_floor_spawned":[1,7,10,11,24,25,29,31,35,42,44,47],"killed_by":"Jaw Worm Horde","ascension_level":20}