{"gold_per_floor":[114,114,114,126,157,207,219,250,312,343,355,367],"floor_reached":12,"playtime":420,"items_purged":[],"score":78,"play_id":"4262117d-676e-473e-a394-e6f18bffaf7e","local_time":"20190416014938","daily_mods":["Chimera","Red Cards","Elite Swarm"],"is_ascension_mode":false,"campfire_choices":[{"floor":7,"key":"REST"}],"neow_cost":"","seed_source_timestamp":0,"circlet_count":0,"master_deck":["Bash","Survivor","Zap","Strike_R","Strike_G","Strike_B","Defend_R","Defend_G","Defend_B","Feel No Pain","Regret","Glacier","Echo Form","Intimidate","Infernal Blade"],"special_seed":18002,"relics":["Cracked Core","Golden Idol","MawBank","StoneCalendar","Bird Faced Urn","Bag of Preparation"],"potions_floor_usage":[6],"damage_taken":[{"damage":7,"enemies":"2 Louse","floor":1,"turns":3},{"damage":5,"enemies":"Small Slimes","floor":5,"turns":4},{"damage":11,"enemies":"3 Sentries","floor":6,"turns":7},{"damage":9,"enemies":"Jaw Worm","floor":8,"turns":5},{"damage":8,"enemies":"Large Slime","floor":10,"turns":7},{"damage":58,"enemies":"Gremlin Nob","floor":12,"turns":5}],"seed_played":"3566118031847447450","potions_obtained":[{"floor":5,"key":"Poison Potion"},{"floor":8,"key":"Ancient Potion"}],"is_trial":false,"path_per_floor":["M","?","?","?","M","E","R","M","T","M","$","E"],"character_chosen":"DEFECT","items_purchased":[],"campfire_rested":1,"item_purchase_floors":[],"current_hp_per_floor":[68,50,50,47,42,31,53,46,46,40,40,0],"gold":367,"neow_bonus":"","is_prod":false,"is_daily":true,"chose_seed":false,"campfire_upgraded":0,"win_rate":0,"timestamp":1555404578,"path_taken":["M","?","?","?","M","E","R","M","T","M","?","E"],"build_version":"2019-01-23","purchased_purges":0,"victory":false,"max_hp_per_floor":[75,75,75,75,75,75,75,75,75,75,75,75],"card_choices":[{"not_picked":["Flex","Twin Strike"],"picked":"Feel No Pain","floor":1},{"not_picked":["Cold Snap","FTL"],"picked":"Glacier","floor":5},{"not_picked":["Limit Break","Creative AI"],"picked":"Echo Form","floor":6},{"not_picked":["Bloodletting","Thunderclap"],"picked":"Intimidate","floor":8},{"not_picked":["Perfected Strike","Static Discharge"],"picked":"Infernal Blade","floor":10}],"player_experience":121953,"relics_obtained":[{"floor":6,"key":"Bird Faced Urn"},{"floor":9,"key":"Bag of Preparation"}],"event_choices":[{"damage_healed":0,"gold_gain":0,"player_choice":"Take Damage","damage_taken":18,"relics_obtained":["Golden Idol"],"max_hp_gain":0,"max_hp_loss":0,"event_name":"Golden Idol","floor":2,"gold_loss":0},{"damage_healed":0,"gold_gain":0,"player_choice":"Box","damage_taken":0,"relics_obtained":["MawBank"],"max_hp_gain":0,"max_hp_loss":0,"event_name":"Big Fish","floor":3,"gold_loss":0,"cards_obtained":["Regret"]},{"damage_healed":0,"gold_gain":0,"player_choice":"Success","damage_taken":3,"relics_obtained":["StoneCalendar"],"max_hp_gain":0,"max_hp_loss":0,"event_name":"Scrap Ooze","floor":4,"gold_loss":0}],"is_beta":false,"boss_relics":[],"items_purged_floors":[],"is_endless":false,"potions_floor_spawned":[5,8],"killed_by":"Gremlin Nob","ascension_level":0}