{"gold_per_floor":[119,138,152,168,168,202,216,216],"floor_reached":8,"playtime":566,"items_purged":[],"score":66,"play_id":"42a44d73-44d9-4477-bd47-548a661e9b9e","local_time":"20190117020218","is_ascension_mode":true,"campfire_choices":[],"neow_cost":"NONE","seed_source_timestamp":895622336362117,"circlet_count":0,"master_deck":["Strike_R","Strike_R","Strike_R","Strike_R","Strike_R","Defend_R","Defend_R","Defend_R","Defend_R","Bash","Shrug It Off","Shrug It Off","Heavy Blade","Bash","Disarm"],"relics":["Burning Blood","The Courier"],"potions_floor_usage":[6,6,6],"damage_taken":[{"damage":23,"enemies":"Jaw Worm","floor":1,"turns":4},{"damage":5,"enemies":"Cultist","floor":2,"turns":4},{"damage":4,"enemies":"2 Louse","floor":3,"turns":3},{"damage":27,"enemies":"Large Slime","floor":4,"turns":7},{"damage":13,"enemies":"Lagavulin","floor":6,"turns":6},{"damage":21,"enemies":"Red Slaver","floor":7,"turns":3},{"damage":38,"enemies":"Exordium Thugs","floor":8,"turns":6}],"seed_played":"-8263097521859996372","potions_obtained":[{"floor":0,"key":"Poison Potion"},{"floor":0,"key":"EssenceOfSteel"},{"floor":0,"key":"Poison Potion"},{"floor":2,"key":"EssenceOfSteel"}],"is_trial":false,"path_per_floor":["M","M","M","M","?","E","M","M"],"character_chosen":"IRONCLAD","items_purchased":[],"campfire_rested":0,"item_purchase_floors":[],"current_hp_per_floor":[63,64,66,45,45,38,23,0],"gold":216,"neow_bonus":"THREE_SMALL_POTIONS","is_prod":false,"is_daily":false,"chose_seed":false,"campfire_upgraded":0,"win_rate":0,"timestamp":1547708538,"path_taken":["M","M","M","M","?","E","?","M"],"build_version":"2019-01-10","purchased_purges":0,"victory":false,"max_hp_per_floor":[80,80,80,80,80,80,80,80],"card_choices":[{"not_picked":["Armaments","Rupture"],"picked":"Shrug It Off","floor":1},{"not_picked":["Flex","Thunderclap","Entrench"],"picked":"SKIP","floor":2},{"not_picked":["Sword Boomerang","Clash"],"picked":"Shrug It Off","floor":3},{"not_picked":["Flex","Thunderclap"],"picked":"Heavy Blade","floor":4},{"not_picked":["Fiend Fire","Headbutt"],"picked":"Disarm","floor":6},{"not_picked":["Uppercut","Entrench","Armaments"],"picked":"SKIP","floor":7}],"player_experience":139398,"relics_obtained":[{"floor":6,"key":"The Courier"}],"event_choices":[{"damage_healed":0,"gold_gain":0,"player_choice":"1 cards matched","damage_taken":0,"max_hp_gain":0,"max_hp_loss":0,"event_name":"Match and Keep!","floor":5,"gold_loss":0,"cards_obtained":["Bash"]}],"is_beta":false,"boss_relics":[],"items_purged_floors":[],"is_endless":false,"potions_floor_spawned":[2,3],"killed_by":"Exordium Thugs","ascension_level":2}