{"gold_per_floor":[112,82,96,96,122,122,135,135,182,217,217,227,227,302,302,378,378,394,394,410,435,33,33,67,25,25,43,43],"floor_reached":28,"playtime":6972,"items_purged":[],"score":468,"play_id":"6192bffd-bc12-4fd2-a805-2eb753d2f609","local_time":"20190410013139","is_ascension_mode":true,"campfire_choices":[{"data":"Sunder","floor":6.0,"key":"SMITH"},{"floor":11,"key":"REST"},{"data":"Defragment","floor":13,"key":"SMITH"},{"data":"Zap","floor":15,"key":"SMITH"},{"floor":23,"key":"REST"}],"neow_cost":"NONE","seed_source_timestamp":1055790711535377,"circlet_count":0,"master_deck":["AscendersBane","Strike_B+1","Defend_B","Defend_B","Defend_B","Defend_B","Zap+1","Dualcast","Sunder+1","Sweeping Beam+1","Undo","Defragment+1","Rainbow","Consume+1","Aggregate+1","Hello World+1","Chaos","Conserve Battery","Sweeping Beam","Capacitor+1","Chill","Leap"],"special_seed":0,"relics":["Cracked Core","Omamori","Blood Vial","Regal Pillow","Whetstone","Blue Candle","Astrolabe","Necronomicon","MawBank","Bag of Preparation","Orichalcum","DataDisk","Frozen Egg 2"],"potions_floor_usage":[10,16,20,24,28],"damage_taken":[{"damage":10.0,"enemies":"Small Slimes","floor":1.0,"turns":3.0},{"damage":1.0,"enemies":"Cultist","floor":3.0,"turns":3.0},{"damage":12.0,"enemies":"Jaw Worm","floor":7.0,"turns":2.0},{"damage":30,"enemies":"Lagavulin","floor":10,"turns":5},{"damage":9,"enemies":"Exordium Wildlife","floor":12,"turns":2},{"damage":31,"enemies":"The Guardian","floor":16,"turns":11},{"damage":26,"enemies":"2 Thieves","floor":18,"turns":4},{"damage":17,"enemies":"3 Byrds","floor":20,"turns":2},{"damage":27,"enemies":"Slavers","floor":24,"turns":2},{"damage":9,"enemies":"3 Cultists","floor":27,"turns":6},{"damage":12,"enemies":"Snake Plant","floor":28,"turns":1}],"seed_played":"-2619038503484165550","potions_obtained":[{"floor":1.0,"key":"GamblersBrew"},{"floor":2.0,"key":"AttackPotion"},{"floor":2.0,"key":"Fruit Juice"},{"floor":3.0,"key":"Regen Potion"},{"floor":10,"key":"FearPotion"},{"floor":16,"key":"LiquidBronze"},{"floor":20,"key":"PowerPotion"},{"floor":24,"key":"SteroidPotion"}],"is_trial":false,"path_per_floor":["M","?","M","?","T","R","M","?","T","E","R","M","R","?","R","B",null,"M","?","M","T","$","R","E","$","T","M","M"],"character_chosen":"DEFECT","items_purchased":["Bag of Preparation","PowerPotion","Orichalcum","Sweeping Beam","Chill"],"campfire_rested":2,"item_purchase_floors":[22,22,22,22,25],"current_hp_per_floor":[54,54,58,40,40,40,30,35,35,7,46,39,39,28,28,8,63,39,18,3,3,3,42,17,17,17,10,0],"gold":43,"neow_bonus":"RANDOM_COMMON_RELIC","is_prod":false,"is_daily":false,"chose_seed":false,"campfire_upgraded":3,"win_rate":0,"timestamp":1554885099,"path_taken":["M","?","?","?","?","R","M","?","T","E","R","M","R","?","R","BOSS","M","?","M","?","$","R","E","$","T","M","?"],"build_version":"2019-01-23","purchased_purges":0,"victory":false,"max_hp_per_floor":[71,71,76,76,76,76,76,81,81,81,81,81,81,81,81,81,81,81,81,81,81,81,81,81,81,81,81,81],"card_choices":[{"not_picked":["Stack","Hologram"],"picked":"Sunder","floor":1.0},{"not_picked":["Capacitor","Recycle","Hello World"],"picked":"SKIP","floor":3.0},{"not_picked":["Conserve Battery","Reinforced Body"],"picked":"Sweeping Beam","floor":7},{"not_picked":["Barrage","Machine Learning"],"picked":"Undo","floor":10},{"not_picked":["Consume","Aggregate"],"picked":"Defragment","floor":12},{"not_picked":["All For One","Seek"],"picked":"Rainbow","floor":16},{"not_picked":["Gash+1","Conserve Battery"],"picked":"Chaos","floor":18},{"not_picked":["Genetic Algorithm","Hologram"],"picked":"Conserve Battery","floor":20},{"not_picked":["Force Field","Cold Snap"],"picked":"Capacitor+1","floor":24},{"not_picked":["Turbo","Streamline"],"picked":"Leap","floor":27}],"player_experience":1155488,"relics_obtained":[{"floor":5.0,"key":"Regal Pillow"},{"floor":9,"key":"Whetstone"},{"floor":10,"key":"Blue Candle"},{"floor":19,"key":"Necronomicon"},{"floor":21,"key":"MawBank"},{"floor":24,"key":"DataDisk"},{"floor":26,"key":"Frozen Egg 2"}],"event_choices":[{"damage_healed":0.0,"max_hp_gain":0.0,"max_hp_loss":0.0,"gold_gain":0.0,"event_name":"The Woman in Blue","player_choice":"Bought 2 Potions","floor":2.0,"gold_loss":0.0,"damage_taken":0.0},{"damage_healed":0.0,"max_hp_gain":0.0,"max_hp_loss":0.0,"gold_gain":0.0,"event_name":"Scrap Ooze","player_choice":"Success","floor":4.0,"gold_loss":0.0,"damage_taken":18.0,"relics_obtained":["Blood Vial"]},{"damage_healed":0,"gold_gain":0,"player_choice":"Donut","damage_taken":0,"max_hp_gain":5,"max_hp_loss":0,"event_name":"Big Fish","floor":8,"gold_loss":0},{"damage_healed":0,"gold_gain":75,"player_choice":"Gather Gold","damage_taken":11,"max_hp_gain":0,"max_hp_loss":0,"event_name":"World of Goop","floor":14,"gold_loss":0},{"damage_healed":0,"gold_gain":0,"player_choice":"Obtained Book","damage_taken":21,"max_hp_gain":0,"max_hp_loss":0,"event_name":"Cursed Tome","floor":19,"gold_loss":0}],"is_beta":false,"boss_relics":[{"not_picked":["Velvet Choker","FrozenCore"],"picked":"Astrolabe"}],"items_purged_floors":[],"is_endless":false,"potions_floor_spawned":[1,3,10,16,20,24],"killed_by":"Snake Plant","ascension_level":20}