{"gold_per_floor":[367,367,240,257,257,292,292,292,318,318,318,332,358,377,377,455,455,473,398,398,429,447,447,477,477,545,557,150,162,182,195,195,195],"floor_reached":33,"playtime":767,"items_purged":["Decay"],"score":468,"play_id":"8e3d8cce-88a8-4e78-a384-c1a6c2226c39","local_time":"20181022122530","is_ascension_mode":true,"campfire_choices":[{"data":"Perfected Strike","floor":7,"key":"SMITH"},{"floor":11,"key":"REST"},{"data":"Offering","floor":15,"key":"SMITH"},{"data":"Infernal Blade","floor":23,"key":"SMITH"},{"floor":25,"key":"REST"},{"data":"Perfected Strike","floor":32,"key":"SMITH"}],"neow_cost":"CURSE","seed_source_timestamp":1016666088139020,"circlet_count":0,"master_deck":["Strike_R","Strike_R","Strike_R","Strike_R+1","Defend_R","Defend_R","Defend_R","Defend_R","Bash+1","AscendersBane","Twin Strike","Pommel Strike+1","Perfected Strike+1","Iron Wave","Offering+1","Inflame","Infernal Blade+1","Pommel Strike","Headbutt","Perfected Strike+1","Twin Strike"],"relics":["Burning Blood","Bronze Scales","Vajra","Torii","Omamori","Ancient Tea Set","Sozu","Shuriken","Red Mask","Centennial Puzzle","Matryoshka","Blood Vial","TheAbacus"],"potions_floor_usage":[6,6,16],"damage_taken":[{"damage":6,"enemies":"2 Louse","floor":1,"turns":4},{"damage":10,"enemies":"Small Slimes","floor":4,"turns":3},{"damage":25,"enemies":"3 Sentries","floor":6,"turns":6},{"damage":7,"enemies":"Jaw Worm","floor":12,"turns":2},{"damage":11,"enemies":"Gremlin Nob","floor":13,"turns":3},{"damage":6,"enemies":"Blue Slaver","floor":14,"turns":1},{"damage":15,"enemies":"Slime Boss","floor":16,"turns":6},{"damage":6,"enemies":"Spheric Guardian","floor":18,"turns":2},{"damage":25,"enemies":"Masked Bandits","floor":21,"turns":3},{"damage":1,"enemies":"Chosen","floor":22,"turns":3},{"damage":21,"enemies":"Gremlin Leader","floor":24,"turns":4},{"damage":25,"enemies":"Shelled Parasite and Fungi","floor":27,"turns":3},{"damage":6,"enemies":"Snake Plant","floor":29,"turns":1},{"damage":1,"enemies":"Snecko","floor":30,"turns":3},{"damage":15,"enemies":"Centurion and Healer","floor":31,"turns":2},{"damage":78,"enemies":"Champ","floor":33,"turns":4}],"seed_played":"-689810751735244445","potions_obtained":[{"floor":1,"key":"Strength Potion"},{"floor":13,"key":"FairyPotion"},{"floor":14,"key":"Energy Potion"}],"is_trial":false,"path_per_floor":["M","?","$","M","?","E","R","T","T","?","R","M","E","M","R","B",null,"M","?","T","?","M","R","E","R","T","M","$","M","M","M","R"],"character_chosen":"IRONCLAD","items_purchased":["PowerPotion","Blood Vial","TheAbacus","Headbutt"],"campfire_rested":2,"item_purchase_floors":[3,28,28,28],"current_hp_per_floor":[68,53,53,49,37,18,18,18,18,18,40,39,34,34,34,25,63,63,63,63,44,49,49,34,56,56,37,37,39,46,39,39,0],"gold":195,"neow_bonus":"TWO_FIFTY_GOLD","is_prod":false,"is_daily":false,"chose_seed":false,"campfire_upgraded":4,"win_rate":0,"timestamp":1540236330,"path_taken":["M","?","$","M","?","E","R","?","T","?","R","M","E","M","R","BOSS","M","?","?","?","M","R","E","R","T","M","$","?","M","M","R","BOSS"],"build_version":"2018-10-18","purchased_purges":1,"victory":false,"max_hp_per_floor":[75,75,75,75,75,75,75,75,75,75,75,75,75,75,75,75,75,75,75,75,75,75,75,75,75,75,75,75,75,75,75,75,75],"card_choices":[{"not_picked":["Flex","Disarm"],"picked":"Twin Strike","floor":1},{"not_picked":["Combust","True Grit"],"picked":"Pommel Strike","floor":4},{"not_picked":["Pommel Strike","Impervious"],"picked":"Perfected Strike","floor":6},{"not_picked":["Clash","Sword Boomerang"],"picked":"Iron Wave","floor":12},{"not_picked":["Berserk","Searing Blow"],"picked":"Offering","floor":13},{"not_picked":["Thunderclap","Warcry","Armaments"],"picked":"SKIP","floor":14},{"not_picked":["Sentinel","Heavy Blade"],"picked":"Inflame","floor":18},{"not_picked":["Shockwave","Clothesline+1"],"picked":"Infernal Blade","floor":22},{"not_picked":["Thunderclap","Searing Blow","Clothesline"],"picked":"SKIP","floor":24},{"not_picked":["Sever Soul","Clothesline+1"],"picked":"Pommel Strike","floor":27},{"not_picked":["Headbutt","Exhume"],"picked":"Perfected Strike","floor":29},{"not_picked":["Cleave","Clash","Thunderclap"],"picked":"SKIP","floor":30},{"not_picked":["Cleave","Entrench"],"picked":"Twin Strike","floor":31}],"player_experience":614425,"relics_obtained":[{"floor":6,"key":"Vajra"},{"floor":8,"key":"Torii"},{"floor":9,"key":"Omamori"},{"floor":13,"key":"Ancient Tea Set"},{"floor":20,"key":"Shuriken"},{"floor":21,"key":"Red Mask"},{"floor":24,"key":"Centennial Puzzle"},{"floor":26,"key":"Matryoshka"}],"event_choices":[{"damage_healed":0,"gold_gain":0,"player_choice":"Entered Light","damage_taken":15,"max_hp_gain":0,"max_hp_loss":0,"event_name":"Shining Light","floor":2,"gold_loss":0,"cards_upgraded":["Strike_R","Bash"]},{"damage_healed":0,"gold_gain":0,"player_choice":"Success","damage_taken":12,"relics_obtained":["Bronze Scales"],"max_hp_gain":0,"max_hp_loss":0,"event_name":"Scrap Ooze","floor":5,"gold_loss":0},{"damage_healed":0,"gold_gain":0,"player_choice":"Grow","damage_taken":0,"max_hp_gain":0,"max_hp_loss":0,"event_name":"Living Wall","floor":10,"gold_loss":0,"cards_upgraded":["Pommel Strike"]},{"cards_removed":["Strike_R"],"damage_healed":0,"gold_gain":0,"player_choice":"Gave Gold","damage_taken":0,"max_hp_gain":0,"max_hp_loss":0,"event_name":"Beggar","floor":19,"gold_loss":75},{"damage_healed":0,"gold_gain":0,"player_choice":"Fought Bandits","damage_taken":0,"max_hp_gain":0,"max_hp_loss":0,"event_name":"Masked Bandits","floor":21,"gold_loss":0}],"is_beta":false,"boss_relics":[{"not_picked":["Pandora\u0027s Box","Velvet Choker"],"picked":"Sozu"}],"items_purged_floors":[3],"is_endless":false,"potions_floor_spawned":[1,13,14,21,29,30,31],"killed_by":"Champ","ascension_level":14}