{"gold_per_floor":[112,127,127,143,13,13,13,13,13,57,82,115,38,61,61,61],"floor_reached":16,"playtime":990,"items_purged":["Injury"],"score":204,"play_id":"a2e976d2-57d7-4eb4-a667-c895a6013f02","local_time":"20190411053030","is_ascension_mode":true,"campfire_choices":[{"data":"Armaments","floor":6.0,"key":"SMITH"},{"data":"Bash","floor":8.0,"key":"SMITH"},{"floor":15.0,"key":"REST"}],"neow_cost":"NONE","seed_source_timestamp":0,"circlet_count":0,"master_deck":["AscendersBane","Strike_R","Strike_R","Strike_R","Strike_R","Defend_R","Defend_R","Defend_R","Defend_R","Bash+1","Fiend Fire","Armaments+1","Headbutt","Cleave","Shrug It Off","Pommel Strike","Spot Weakness","Impervious","Shrug It Off","Pummel"],"special_seed":0,"relics":["Burning Blood","Golden Idol","Gremlin Horn","Ancient Tea Set","Dream Catcher"],"potions_floor_usage":[],"damage_taken":[{"damage":7.0,"enemies":"Jaw Worm","floor":1.0,"turns":2.0},{"damage":6.0,"enemies":"2 Louse","floor":2.0,"turns":3.0},{"damage":8.0,"enemies":"Small Slimes","floor":4.0,"turns":3.0},{"damage":20.0,"enemies":"Gremlin Nob","floor":10.0,"turns":4.0},{"damage":12.0,"enemies":"Looter","floor":11.0,"turns":3.0},{"damage":11.0,"enemies":"Lagavulin","floor":12.0,"turns":7.0},{"damage":12.0,"enemies":"2 Fungi Beasts","floor":14.0,"turns":2.0},{"damage":53,"enemies":"Hexaghost","floor":16,"turns":9}],"seed_played":"-1815424636522820329","potions_obtained":[{"floor":10.0,"key":"Fire Potion"},{"floor":14.0,"key":"Ancient Potion"}],"is_trial":false,"path_per_floor":["M","M","?","M","$","R","?","R","T","E","M","E","$","M","R","B"],"character_chosen":"IRONCLAD","items_purchased":["Shrug It Off","Impervious"],"campfire_rested":1,"item_purchase_floors":[5,13],"current_hp_per_floor":[67,67,67,65,65,65,58,58,58,44,38,33,33,27,49,0],"gold":61,"neow_bonus":"ONE_RANDOM_RARE_CARD","is_prod":false,"is_daily":false,"chose_seed":false,"campfire_upgraded":2,"win_rate":0,"timestamp":1554975030,"path_taken":["M","M","?","M","$","R","?","R","T","E","M","E","$","M","R","BOSS"],"build_version":"2019-01-23","purchased_purges":1,"victory":false,"max_hp_per_floor":[75,75,75,75,75,75,75,75,75,75,75,75,75,75,75,75],"card_choices":[{"not_picked":["Havoc","Body Slam"],"picked":"Armaments","floor":1.0},{"not_picked":["Burning Pact","Corruption"],"picked":"Headbutt","floor":2.0},{"not_picked":["Rupture","Battle Trance"],"picked":"Cleave","floor":4.0},{"not_picked":["Evolve","Sword Boomerang"],"picked":"Pommel Strike","floor":10.0},{"not_picked":["Power Through","Iron Wave","Sword Boomerang"],"picked":"SKIP","floor":11.0},{"not_picked":["Searing Blow","Feel No Pain"],"picked":"Spot Weakness","floor":12.0},{"not_picked":["Cleave","Clash"],"picked":"Shrug It Off","floor":14.0},{"not_picked":["Heavy Blade","Intimidate"],"picked":"Pummel","floor":15.0}],"player_experience":346280,"relics_obtained":[{"floor":9.0,"key":"Gremlin Horn"},{"floor":10.0,"key":"Ancient Tea Set"},{"floor":12.0,"key":"Dream Catcher"}],"event_choices":[{"damage_healed":0.0,"max_hp_gain":0.0,"max_hp_loss":0.0,"gold_gain":0.0,"event_name":"Golden Idol","player_choice":"Take Wound","floor":3.0,"gold_loss":0.0,"damage_taken":0.0,"relics_obtained":["Golden Idol"],"cards_obtained":["Injury"]},{"cards_removed":["Strike_R"],"damage_healed":0.0,"max_hp_gain":0.0,"max_hp_loss":0.0,"gold_gain":0.0,"event_name":"Golden Wing","player_choice":"Card Removal","floor":7.0,"gold_loss":0.0,"damage_taken":7.0}],"is_beta":false,"boss_relics":[],"items_purged_floors":[5],"is_endless":false,"potions_floor_spawned":[10,14],"killed_by":"Hexaghost","ascension_level":17}