{"gold_per_floor":[99,61,61,61,31,31,31,31,31,31,31,31,31,31,31,31,31,0,0,0,0,0,0,0,0,0,0,0,0,0,0,0,0,0,0,0,0,0,0,0,0,0,0,0,0,0,0,0,0,0],"floor_reached":51,"playtime":4188,"items_purged":[],"score":1127,"play_id":"eae88d7f-3548-4e11-b3d9-9071c7745bc3","local_time":"20190416130858","is_ascension_mode":true,"campfire_choices":[{"data":"Infinite Blades","floor":6.0,"key":"SMITH"},{"data":"Survivor","floor":8.0,"key":"SMITH"},{"data":"Footwork","floor":12.0,"key":"SMITH"},{"floor":15.0,"key":"REST"},{"floor":23.0,"key":"REST"},{"floor":27.0,"key":"REST"},{"data":"Leg Sweep","floor":32.0,"key":"SMITH"},{"data":"Envenom","floor":40.0,"key":"SMITH"},{"floor":42.0,"key":"REST"},{"floor":45.0,"key":"REST"},{"floor":49,"key":"REST"}],"neow_cost":"NONE","seed_source_timestamp":0,"circlet_count":0,"master_deck":["AscendersBane","Defend_G","Defend_G","Defend_G","Defend_G","Defend_G","Strike_G","Strike_G","Survivor+1","Neutralize","Blade Dance","Infinite Blades+1","Flying Knee","Sucker Punch","Poisoned Stab","Tools of the Trade","Footwork+1","Corpse Explosion","Glass Knife","Prepared+1","Slice+1","Acrobatics+1","Heel Hook+1","Leg Sweep+1","Dash+1","Caltrops","Quick Slash+1","Backflip+1","Infinite Blades","Burst","Necronomicurse","Underhanded Strike","Underhanded Strike","Underhanded Strike+1","Noxious Fumes","Envenom+1","Injury","Decay","Normality","Cloak And Dagger","Eviscerate","PiercingWail","Cloak And Dagger+1","Tactician","Noxious Fumes+1","Backflip+1"],"special_seed":0,"relics":["Ectoplasm","Bird Faced Urn","Prayer Wheel","The Courier","Astrolabe","Necronomicon","Incense Burner","MutagenicStrength","Calling Bell","Lantern","Question Card","Pocketwatch","StoneCalendar","Red Mask","Sundial","Darkstone Periapt"],"potions_floor_usage":[50,50,50],"damage_taken":[{"damage":1.0,"enemies":"Cultist","floor":1.0,"turns":5.0},{"damage":1.0,"enemies":"2 Louse","floor":3.0,"turns":3.0},{"damage":0.0,"enemies":"Small Slimes","floor":4.0,"turns":3.0},{"damage":1.0,"enemies":"Looter","floor":5.0,"turns":3.0},{"damage":14.0,"enemies":"Large Slime","floor":7.0,"turns":6.0},{"damage":8.0,"enemies":"3 Louse","floor":10.0,"turns":4.0},{"damage":20.0,"enemies":"3 Sentries","floor":11.0,"turns":7.0},{"damage":16.0,"enemies":"Gremlin Nob","floor":14.0,"turns":5.0},{"damage":32.0,"enemies":"The Guardian","floor":16.0,"turns":14.0},{"damage":11.0,"enemies":"2 Thieves","floor":18.0,"turns":4.0},{"damage":4.0,"enemies":"3 Byrds","floor":19.0,"turns":4.0},{"damage":14.0,"enemies":"Snake Plant","floor":20.0,"turns":6.0},{"damage":22.0,"enemies":"Chosen and Byrds","floor":21.0,"turns":6.0},{"damage":23.0,"enemies":"Shelled Parasite and Fungi","floor":22.0,"turns":7.0},{"damage":5.0,"enemies":"Snecko","floor":24.0,"turns":5.0},{"damage":12.0,"enemies":"Sentry and Sphere","floor":29.0,"turns":7.0},{"damage":1.0,"enemies":"Centurion and Healer","floor":30.0,"turns":5.0},{"damage":19.0,"enemies":"Automaton","floor":33.0,"turns":10.0},{"damage":15.0,"enemies":"Orb Walker","floor":35.0,"turns":3.0},{"damage":18.0,"enemies":"2 Orb Walkers","floor":36.0,"turns":4.0},{"damage":6.0,"enemies":"3 Shapes","floor":39.0,"turns":7.0},{"damage":37.0,"enemies":"Nemesis","floor":41.0,"turns":7.0},{"damage":15.0,"enemies":"3 Darklings","floor":44.0,"turns":3.0},{"damage":37.0,"enemies":"Sphere and 2 Shapes","floor":47.0,"turns":7.0},{"damage":2,"enemies":"Jaw Worm Horde","floor":48,"turns":3},{"damage":62,"enemies":"Donu and Deca","floor":50,"turns":7}],"seed_played":"-3782982475613743057","potions_obtained":[{"floor":10.0,"key":"Regen Potion"},{"floor":11.0,"key":"SkillPotion"},{"floor":16.0,"key":"Explosive Potion"},{"floor":18.0,"key":"Poison Potion"},{"floor":19.0,"key":"Regen Potion"},{"floor":35.0,"key":"SkillPotion"},{"floor":36.0,"key":"Poison Potion"},{"floor":44.0,"key":"PowerPotion"},{"floor":47.0,"key":"Explosive Potion"}],"is_trial":false,"path_per_floor":["M","$","M","M","M","R","M","R","T","M","E","R","?","E","R","B",null,"M","M","M","M","M","R","M","?","T","R","?","M","M","?","R","B",null,"M","?","$","?","M","R","E","R","T","M","R","?","M","M","R","B",null],"character_chosen":"THE_SILENT","items_purchased":["Infinite Blades"],"campfire_rested":6,"item_purchase_floors":[2],"current_hp_per_floor":[62,62,61,61,60,60,46,46,46,40,24,24,24,28,49,23,58,53,53,45,27,12,33,46,30,30,51,51,49,58,58,58,51,65,56,44,44,44,50,50,21,42,42,35,56,56,31,31,52,6],"gold":0,"neow_bonus":"BOSS_RELIC","is_prod":false,"is_daily":false,"chose_seed":false,"campfire_upgraded":5,"win_rate":0,"timestamp":1555391338,"path_taken":["M","$","M","M","?","R","M","R","T","M","E","R","?","E","R","BOSS","M","M","M","M","M","R","M","?","T","R","?","M","M","?","R","BOSS","M","?","$","?","M","R","E","R","T","M","R","?","?","M","R","BOSS"],"build_version":"2019-01-23","purchased_purges":0,"victory":true,"max_hp_per_floor":[70,70,70,70,70,70,70,70,70,70,70,70,70,70,70,70,70,70,70,70,70,70,70,70,70,70,70,70,70,70,70,70,70,70,70,70,70,70,70,70,70,70,70,70,70,70,70,70,70,70],"card_choices":[{"not_picked":["Deadly Poison","Prepared"],"picked":"Blade Dance","floor":1.0},{"not_picked":["Prepared","Bane"],"picked":"Flying Knee","floor":3.0},{"not_picked":["Catalyst","Setup"],"picked":"Sucker Punch","floor":4.0},{"not_picked":["Slice","Caltrops"],"picked":"Poisoned Stab","floor":5.0},{"not_picked":["Deflect","Sucker Punch"],"picked":"Tools of the Trade","floor":7.0},{"not_picked":["Deflect","Endless Agony","Blade Dance"],"picked":"SKIP","floor":10.0},{"not_picked":["Cloak And Dagger","Setup"],"picked":"Footwork","floor":11.0},{"not_picked":["Dodge and Roll","Masterful Stab"],"picked":"Corpse Explosion","floor":14.0},{"not_picked":["Wraith Form v2","Night Terror"],"picked":"Glass Knife","floor":16.0},{"not_picked":["Expertise","Setup"],"picked":"Heel Hook+1","floor":18.0},{"not_picked":["Quick Slash+1","Flying Knee","Acrobatics"],"picked":"SKIP","floor":18.0},{"not_picked":["Caltrops","Outmaneuver+1"],"picked":"Leg Sweep","floor":19.0},{"not_picked":["Slice","Finisher","Crippling Poison"],"picked":"SKIP","floor":19.0},{"not_picked":["Expertise","Underhanded Strike+1"],"picked":"Dash","floor":20.0},{"not_picked":["Crippling Poison","Finisher","Expertise"],"picked":"SKIP","floor":20.0},{"not_picked":["Underhanded Strike+1","Deadly Poison+1"],"picked":"Caltrops","floor":21.0},{"not_picked":["Outmaneuver","Dagger Spray"],"picked":"Quick Slash+1","floor":21.0},{"not_picked":["Endless Agony","Dagger Throw+1"],"picked":"Backflip+1","floor":22.0},{"not_picked":["Outmaneuver+1","Dagger Throw","Slice"],"picked":"SKIP","floor":22.0},{"not_picked":["Quick Slash","Dagger Throw"],"picked":"Infinite Blades","floor":24.0},{"not_picked":["All Out Attack","PiercingWail"],"picked":"Burst","floor":24.0},{"not_picked":["Skewer","PiercingWail"],"picked":"Underhanded Strike","floor":29.0},{"not_picked":["Slice","Outmaneuver","Distraction"],"picked":"SKIP","floor":29.0},{"not_picked":["Prepared","Distraction"],"picked":"Underhanded Strike","floor":30.0},{"not_picked":["Cloak And Dagger+1","Adrenaline"],"picked":"Underhanded Strike+1","floor":30.0},{"not_picked":["Burst","Phantasmal Killer"],"picked":"Envenom","floor":33.0},{"not_picked":["Crippling Poison","Slice","Flying Knee+1"],"picked":"Cloak And Dagger","floor":35.0},{"not_picked":["Blade Dance","Catalyst","Backflip","Flechettes+1"],"picked":"SKIP","floor":35.0},{"not_picked":["Caltrops+1","Crippling Poison+1","Tactician"],"picked":"Eviscerate","floor":36.0},{"not_picked":["Heel Hook+1","Acrobatics","Poisoned Stab+1"],"picked":"PiercingWail","floor":39.0},{"not_picked":["Slice","Dodge and Roll+1","Bane","Cloak And Dagger"],"picked":"SKIP","floor":39.0},{"not_picked":["Slice","Bouncing Flask+1","Catalyst+1"],"picked":"Cloak And Dagger+1","floor":41.0},{"not_picked":["Glass Knife","Poisoned Stab","Underhanded Strike+1"],"picked":"Tactician","floor":44.0},{"not_picked":["Cloak And Dagger+1","Deadly Poison+1","Prepared+1","All Out Attack"],"picked":"SKIP","floor":44.0},{"not_picked":["Deflect","Burst","Setup"],"picked":"Noxious Fumes+1","floor":47.0},{"not_picked":["Bane","Blade Dance+1","Noxious Fumes+1","Backstab+1"],"picked":"SKIP","floor":47.0},{"not_picked":["Noxious Fumes","Sucker Punch+1","Slice"],"picked":"Backflip+1","floor":48},{"not_picked":["Dagger Throw+1","Escape Plan","Slice+1","Tactician"],"picked":"SKIP","floor":48}],"player_experience":699896,"relics_obtained":[{"floor":9.0,"key":"Bird Faced Urn"},{"floor":11.0,"key":"Prayer Wheel"},{"floor":14.0,"key":"The Courier"},{"floor":25.0,"key":"Necronomicon"},{"floor":26.0,"key":"Incense Burner"},{"floor":34.0,"key":"Lantern"},{"floor":34.0,"key":"Question Card"},{"floor":34.0,"key":"Pocketwatch"},{"floor":36.0,"key":"StoneCalendar"},{"floor":41.0,"key":"Sundial"},{"floor":43.0,"key":"Darkstone Periapt"}],"event_choices":[{"damage_healed":0.0,"max_hp_gain":0.0,"max_hp_loss":0.0,"gold_gain":0.0,"event_name":"Liars Game","player_choice":"Ignored","floor":13.0,"gold_loss":0.0,"damage_taken":0.0},{"damage_healed":0.0,"max_hp_gain":0.0,"max_hp_loss":0.0,"gold_gain":0.0,"event_name":"Cursed Tome","player_choice":"Obtained Book","floor":25.0,"gold_loss":0.0,"damage_taken":16.0},{"damage_healed":0.0,"max_hp_gain":0.0,"max_hp_loss":0.0,"gold_gain":0.0,"event_name":"Drug Dealer","player_choice":"Inject Mutagens","floor":28.0,"gold_loss":0.0,"damage_taken":0.0,"relics_obtained":["MutagenicStrength"]},{"damage_healed":0.0,"max_hp_gain":0.0,"max_hp_loss":0.0,"gold_gain":0.0,"event_name":"The Library","player_choice":"Read","floor":31.0,"gold_loss":0.0,"damage_taken":0.0,"cards_obtained":["Noxious Fumes"]},{"damage_healed":0.0,"max_hp_gain":0.0,"max_hp_loss":0.0,"gold_gain":0.0,"event_name":"Mysterious Sphere","player_choice":"Fight","floor":36.0,"gold_loss":0.0,"damage_taken":0.0},{"damage_healed":0.0,"max_hp_gain":0.0,"max_hp_loss":0.0,"gold_gain":0.0,"event_name":"Tomb of Lord Red Mask","player_choice":"Paid","floor":38.0,"gold_loss":0.0,"damage_taken":0.0,"relics_obtained":["Red Mask"]},{"damage_healed":0.0,"max_hp_gain":0.0,"max_hp_loss":0.0,"gold_gain":0.0,"event_name":"Upgrade Shrine","player_choice":"Upgraded","floor":46.0,"gold_loss":0.0,"damage_taken":0.0,"cards_upgraded":["Dash"]}],"is_beta":false,"boss_relics":[{"not_picked":["Fusion Hammer","HoveringKite"],"picked":"Astrolabe"},{"not_picked":["Runic Dome","Sozu"],"picked":"Calling Bell"}],"items_purged_floors":[],"is_endless":false,"potions_floor_spawned":[10,11,16,18,19,22,24,35,36,44,47],"ascension_level":10}