{"gold_per_floor":[109,227,74,24,35,63,63,38,63,80,80,94,107,107,107,107],"floor_reached":16,"playtime":442,"items_purged":["Mind Blast"],"score":102,"play_id":"2e580ef6-287c-4e18-8e1c-ba0c5ad16f93","local_time":"20190228122237","is_ascension_mode":false,"campfire_choices":[{"data":"Static Discharge","floor":7,"key":"SMITH"},{"data":"Double Energy","floor":15,"key":"SMITH"}],"neow_cost":"NONE","seed_source_timestamp":4223154625600,"circlet_count":0,"master_deck":["Strike_B","Strike_B","Strike_B","Defend_B","Defend_B","Defend_B","Defend_B","Zap","Dualcast","Conserve Battery","Static Discharge+1","Skim","Force Field","Turbo","Redo","Double Energy+1"],"relics":["Cracked Core","infinitespire:Lychee Nut"],"potions_floor_usage":[6,16,16],"damage_taken":[{"damage":2,"enemies":"Jaw Worm","floor":1,"turns":4},{"damage":7,"enemies":"Small Slimes","floor":2,"turns":3},{"damage":0,"enemies":"Cultist","floor":5,"turns":3},{"damage":33,"enemies":"Gremlin Nob","floor":6,"turns":5},{"damage":7,"enemies":"2 Fungi Beasts","floor":10,"turns":3},{"damage":6,"enemies":"Exordium Wildlife","floor":12,"turns":3},{"damage":10,"enemies":"Looter","floor":13,"turns":3},{"damage":42,"enemies":"Slime Boss","floor":16,"turns":6}],"seed_played":"2144609963397781250","potions_obtained":[{"floor":2,"key":"EssenceOfSteel"},{"floor":11,"key":"FairyPotion"},{"floor":11,"key":"AttackPotion"},{"floor":11,"key":"Explosive Potion"}],"is_trial":false,"path_per_floor":["M","M","$","?","M","E","R","$","T","M","?","M","M","?","R","B"],"character_chosen":"DEFECT","items_purchased":["Static Discharge","Turbo"],"campfire_rested":0,"item_purchase_floors":[3,8],"current_hp_per_floor":[73,66,66,66,66,33,33,33,33,31,31,30,26,26,26,0],"gold":107,"neow_bonus":"RANDOM_COLORLESS","is_prod":false,"is_daily":false,"chose_seed":false,"campfire_upgraded":2,"win_rate":0,"timestamp":1551385357,"path_taken":["M","M","$","?","M","E","R","?","T","M","?","M","?","?","R","BOSS"],"build_version":"2019-01-23","purchased_purges":1,"victory":false,"max_hp_per_floor":[75,75,75,75,75,56,56,56,56,56,56,56,56,56,56,56],"card_choices":[{"not_picked":["Beam Cell","Rip and Tear","Sweeping Beam"],"picked":"SKIP","floor":1},{"not_picked":["Hologram","Stack"],"picked":"Conserve Battery","floor":2},{"not_picked":["Gash","Hologram"],"picked":"Skim","floor":5},{"not_picked":["Leap","Undo"],"picked":"Force Field","floor":6},{"not_picked":["Consume","Sunder","FTL"],"picked":"SKIP","floor":10},{"not_picked":["Rebound","Gash"],"picked":"Redo","floor":12},{"not_picked":["Cold Snap","Recycle"],"picked":"Double Energy","floor":13}],"player_experience":92890,"relics_obtained":[{"floor":6,"key":"infinitespire:Lychee Nut"}],"event_choices":[{"cards_removed":["Strike_B"],"damage_healed":0,"gold_gain":0,"player_choice":"Card Removal","damage_taken":0,"max_hp_gain":0,"max_hp_loss":0,"event_name":"The Cleric","floor":4,"gold_loss":50},{"damage_healed":0,"gold_gain":0,"player_choice":"Got Potions","damage_taken":0,"max_hp_gain":0,"max_hp_loss":0,"event_name":"Lab","floor":11,"gold_loss":0}],"is_beta":false,"boss_relics":[],"items_purged_floors":[3],"is_endless":false,"potions_floor_spawned":[2,13],"killed_by":"Slime Boss","ascension_level":0}