{"gold_per_floor":[113,38,3,3,3,3,31,31,54,54,72,132,34,44,44,117,117,129,41,51,101,118,118,149,149,149,176,204,16,27,27],"floor_reached":31,"playtime":827,"items_purged":["Strike_G","Strike_G"],"score":497,"play_id":"4171b643-db6f-4e33-a428-5da4c44f569a","local_time":"20181206225049","is_ascension_mode":true,"campfire_choices":[{"data":"Flying Knee","floor":6.0,"key":"SMITH"},{"data":"Footwork","floor":8,"key":"SMITH"},{"data":"Neutralize","floor":10,"key":"SMITH"},{"data":"Poisoned Stab","floor":15,"key":"SMITH"},{"data":"Footwork","floor":23,"key":"SMITH"},{"floor":25,"key":"REST"}],"neow_cost":"NONE","seed_source_timestamp":112700256671775,"circlet_count":0,"master_deck":["AscendersBane","Defend_G","Defend_G","Defend_G","Defend_G","Strike_G","Strike_G","Strike_G","Survivor","Neutralize+1","Flying Knee+1","Footwork+1","Crippling Poison","Well Laid Plans","Poisoned Stab+1","Flying Knee","Catalyst","Glass Knife","Dagger Spray","Footwork+1","Deadly Poison","Acrobatics","Dodge and Roll+1","Pain","Parasite","Cloak And Dagger+1","Noxious Fumes","PiercingWail+1","Dodge and Roll+1"],"special_seed":0,"relics":["Ring of the Snake","NeowsBlessing","Bag of Preparation","Blood Vial","Tiny Chest","Cursed Key","Art of War","Toxic Egg 2","Potion Belt","Red Mask"],"potions_floor_usage":[16,18,24,24,28],"damage_taken":[{"damage":0.0,"enemies":"Cultist","floor":1.0,"turns":1.0},{"damage":0,"enemies":"3 Sentries","floor":7,"turns":2},{"damage":0,"enemies":"Small Slimes","floor":11,"turns":1},{"damage":10,"enemies":"Lagavulin","floor":12,"turns":11},{"damage":5,"enemies":"2 Louse","floor":14,"turns":3},{"damage":13,"enemies":"The Guardian","floor":16,"turns":8},{"damage":5,"enemies":"Chosen","floor":18,"turns":4},{"damage":18,"enemies":"Spheric Guardian","floor":20,"turns":6},{"damage":12,"enemies":"Snake Plant","floor":22,"turns":5},{"damage":13,"enemies":"Book of Stabbing","floor":24,"turns":4},{"damage":31,"enemies":"Masked Bandits","floor":28,"turns":6},{"damage":8,"enemies":"Shelled Parasite and Fungi","floor":30,"turns":6},{"damage":7,"enemies":"Snecko","floor":31,"turns":4}],"seed_played":"-97833961175720454","potions_obtained":[{"floor":7,"key":"FearPotion"},{"floor":11,"key":"Fire Potion"},{"floor":14,"key":"Poison Potion"},{"floor":22,"key":"Energy Potion"},{"floor":24,"key":"AttackPotion"}],"is_trial":false,"path_per_floor":["M","$","?","$","?","R","E","R","T","R","M","E","$","M","R","B",null,"M","$","M","?","M","R","E","R","T","T","?","$","M","M"],"character_chosen":"THE_SILENT","items_purchased":["Poisoned Stab","Flying Knee","Footwork","FearPotion","Noxious Fumes","PiercingWail+1"],"campfire_rested":1,"item_purchase_floors":[13,13,19,19,29,29],"current_hp_per_floor":[59,59,66,66,66,66,66,66,66,66,66,56,56,53,53,42,60,57,57,41,41,31,31,20,39,39,39,10,10,4,0],"gold":27,"neow_bonus":"THREE_ENEMY_KILL","is_prod":false,"is_daily":false,"chose_seed":false,"campfire_upgraded":5,"win_rate":0,"timestamp":1544165449,"path_taken":["M","?","?","$","?","R","E","R","T","R","?","E","$","M","R","BOSS","M","?","?","?","?","R","E","R","T","?","?","$","M","M"],"build_version":"2018-12-06","purchased_purges":2,"victory":false,"max_hp_per_floor":[66,66,66,66,66,66,66,66,66,66,66,66,66,66,66,66,66,66,66,66,66,66,66,66,66,66,66,66,66,66,66],"card_choices":[{"not_picked":["Escape Plan","Dodge and Roll"],"picked":"Flying Knee","floor":1.0},{"not_picked":["Night Terror","Dagger Throw"],"picked":"Footwork","floor":7},{"not_picked":["Deflect","Predator"],"picked":"Crippling Poison","floor":11},{"not_picked":["Skewer","Poisoned Stab"],"picked":"Well Laid Plans","floor":12},{"not_picked":["Expertise","Dodge and Roll"],"picked":"Catalyst","floor":14},{"not_picked":["Storm of Steel","After Image"],"picked":"Glass Knife","floor":16},{"not_picked":["Dodge and Roll","Endless Agony"],"picked":"Dagger Spray","floor":18},{"not_picked":["Calculated Gamble+1","Concentrate+1"],"picked":"Deadly Poison","floor":20},{"not_picked":["Skewer","Slice"],"picked":"Acrobatics","floor":22},{"not_picked":["Bouncing Flask","Sucker Punch"],"picked":"Dodge and Roll+1","floor":24},{"not_picked":["Skewer","Prepared+1"],"picked":"Cloak And Dagger+1","floor":28},{"not_picked":["Poisoned Stab","Bane"],"picked":"Dodge and Roll+1","floor":30}],"player_experience":997464,"relics_obtained":[{"floor":7,"key":"Bag of Preparation"},{"floor":9,"key":"Blood Vial"},{"floor":12,"key":"Tiny Chest"},{"floor":24,"key":"Art of War"},{"floor":26,"key":"Toxic Egg 2"},{"floor":27,"key":"Potion Belt"},{"floor":28,"key":"Red Mask"}],"event_choices":[{"damage_healed":16.0,"max_hp_gain":0.0,"max_hp_loss":0.0,"gold_gain":0.0,"event_name":"The Cleric","player_choice":"Healed","floor":3.0,"gold_loss":35.0,"damage_taken":0.0},{"cards_removed":["Defend_G"],"damage_healed":0.0,"max_hp_gain":0.0,"max_hp_loss":0.0,"gold_gain":0.0,"event_name":"Purifier","player_choice":"Purged","floor":5.0,"gold_loss":0.0,"damage_taken":0.0},{"damage_healed":0,"gold_gain":100,"player_choice":"Bet on Murderer","damage_taken":0,"max_hp_gain":0,"max_hp_loss":0,"event_name":"The Joust","floor":21,"gold_loss":50},{"damage_healed":0,"gold_gain":0,"player_choice":"Fought Bandits","damage_taken":0,"max_hp_gain":0,"max_hp_loss":0,"event_name":"Masked Bandits","floor":28,"gold_loss":0}],"is_beta":false,"boss_relics":[{"not_picked":["Ectoplasm","Philosopher\u0027s Stone"],"picked":"Cursed Key"}],"items_purged_floors":[2,29],"is_endless":false,"potions_floor_spawned":[7,11,14,22,24],"killed_by":"Snecko","ascension_level":15}