{"gold_per_floor":[116,134,150,160,160,160,190,36,36,36,36,0,0,63,63,166,166,182,182,201,53,66,66,100,111,186,111,11,11,11,30,30,126,126,141,1140,1140,1140,1154,1154,1170,1170,1170,273,302,315,345,445,445,445],"floor_reached":51,"playtime":3363,"items_purged":["Strike_R","Strike_R","Bite"],"score":1063,"play_id":"0e7eb843-d550-4f5e-b576-20aa76ff88b9","local_time":"20190306001718","is_ascension_mode":true,"campfire_choices":[{"data":"Armaments","floor":6,"key":"SMITH"},{"floor":10,"key":"REST"},{"floor":15,"key":"REST"},{"data":"Shockwave","floor":23,"key":"SMITH"},{"data":"Clothesline","floor":29,"key":"SMITH"},{"data":"Impervious","floor":32,"key":"SMITH"},{"data":"Spot Weakness","floor":40,"key":"SMITH"},{"floor":42,"key":"REST"},{"floor":49,"key":"REST"}],"neow_cost":"NONE","seed_source_timestamp":121077640723550,"circlet_count":0,"master_deck":["Defend_R","Defend_R","Defend_R","Defend_R","Bash+1","Pommel Strike","Shockwave+1","Armaments+1","Clothesline+1","Heavy Blade","Fiend Fire","Rampage","Corruption","Whirlwind+1","Disarm","Bite","Bite","Bite","Bite","Impervious+1","Bludgeon","Clothesline+1","Spot Weakness+1","Searing Blow","Dual Wield+1"],"relics":["Snecko Eye","Meat on the Bone","Lantern","Regal Pillow","Blue Candle","Tiny Chest","Mark of Pain","Vajra","Omamori","Mercury Hourglass","Busted Crown","Mummified Hand","Torii","Frozen Egg 2","MealTicket","Ancient Tea Set","Red Skull"],"potions_floor_usage":[22,33,33,33,50,50],"damage_taken":[{"damage":4,"enemies":"2 Louse","floor":1,"turns":2},{"damage":9,"enemies":"Jaw Worm","floor":2,"turns":4},{"damage":7,"enemies":"Small Slimes","floor":3,"turns":3},{"damage":0,"enemies":"Looter","floor":4,"turns":2},{"damage":17,"enemies":"Lagavulin","floor":7,"turns":5},{"damage":37,"enemies":"3 Sentries","floor":14,"turns":7},{"damage":17,"enemies":"Slime Boss","floor":16,"turns":7},{"damage":8,"enemies":"Chosen","floor":18,"turns":2},{"damage":0,"enemies":"Spheric Guardian","floor":20,"turns":3},{"damage":0,"enemies":"3 Cultists","floor":22,"turns":4},{"damage":24,"enemies":"Book of Stabbing","floor":24,"turns":4},{"damage":12,"enemies":"Shelled Parasite and Fungi","floor":25,"turns":4},{"damage":14,"enemies":"Snake Plant","floor":31,"turns":3},{"damage":22,"enemies":"Champ","floor":33,"turns":10},{"damage":11,"enemies":"Orb Walker","floor":35,"turns":3},{"damage":0,"enemies":"3 Shapes","floor":39,"turns":2},{"damage":24,"enemies":"Sphere and 2 Shapes","floor":41,"turns":1},{"damage":21,"enemies":"Nemesis","floor":45,"turns":5},{"damage":8,"enemies":"Spire Growth","floor":46,"turns":3},{"damage":0,"enemies":"Reptomancer","floor":47,"turns":3},{"damage":62,"enemies":"Awakened One","floor":50,"turns":8}],"seed_played":"-1329946131015942898","potions_obtained":[{"floor":2,"key":"Strength Potion"},{"floor":7,"key":"AttackPotion"},{"floor":18,"key":"Strength Potion"},{"floor":24,"key":"BloodPotion"},{"floor":39,"key":"Swift Potion"},{"floor":45,"key":"SpeedPotion"},{"floor":47,"key":"LiquidBronze"}],"is_trial":false,"path_per_floor":["M","M","M","M","?","R","E","$","T","R","?","?","$","E","R","B",null,"M","?","M","$","M","R","E","M","T","$","$","R","?","M","R","B",null,"M","?","?","?","M","R","M","R","T","$","E","M","E","?","R","B",null],"character_chosen":"IRONCLAD","items_purchased":["Regal Pillow","Vajra","Torii","Searing Blow","Frozen Egg 2","MealTicket"],"campfire_rested":4,"item_purchase_floors":[8,21,44,44,44,44],"current_hp_per_floor":[68,59,52,52,49,49,44,44,44,80,73,73,73,48,80,63,76,68,68,68,68,68,68,44,44,44,44,44,44,44,38,38,36,51,44,44,44,44,46,46,36,56,56,56,37,35,35,35,56,19],"gold":445,"neow_bonus":"BOSS_RELIC","is_prod":false,"is_daily":false,"chose_seed":false,"campfire_upgraded":5,"win_rate":0,"timestamp":1551849438,"path_taken":["M","M","M","M","?","R","E","$","T","R","?","?","?","E","R","BOSS","M","?","?","$","M","R","E","M","T","?","$","R","?","M","R","BOSS","M","?","?","?","M","R","M","R","T","$","E","?","E","?","R","BOSS"],"build_version":"2019-01-23","purchased_purges":3,"victory":true,"max_hp_per_floor":[80,80,80,80,80,80,80,80,80,80,80,80,80,80,80,80,80,80,80,80,80,80,80,80,80,80,80,80,80,56,56,56,56,56,56,56,56,56,56,56,56,56,56,56,56,56,56,56,56,56],"card_choices":[{"not_picked":["Sword Boomerang","Havoc"],"picked":"Pommel Strike","floor":1},{"not_picked":["Havoc","Warcry"],"picked":"Shockwave","floor":2},{"not_picked":["Shrug It Off","Havoc"],"picked":"Armaments","floor":3},{"not_picked":["Rage","Carnage"],"picked":"Clothesline","floor":4},{"not_picked":["Shrug It Off","Iron Wave","Hemokinesis"],"picked":"SKIP","floor":7},{"not_picked":["Dropkick","Metallicize"],"picked":"Heavy Blade","floor":14},{"not_picked":["Double Tap","Berserk"],"picked":"Fiend Fire","floor":16},{"not_picked":["Twin Strike+1","Entrench"],"picked":"Rampage","floor":18},{"not_picked":["Ghostly Armor","Armaments"],"picked":"Corruption","floor":20},{"not_picked":["Pommel Strike","Body Slam"],"picked":"Whirlwind+1","floor":22},{"not_picked":["Flex+1","Body Slam","Battle Trance"],"picked":"SKIP","floor":24},{"not_picked":["Headbutt","Ghostly Armor"],"picked":"Disarm","floor":25},{"not_picked":["Carnage","Clothesline"],"picked":"Impervious","floor":31},{"not_picked":["Feed","Juggernaut"],"picked":"Bludgeon","floor":33},{"not_picked":[],"picked":"Clothesline+1","floor":35},{"not_picked":[],"picked":"Spot Weakness","floor":39},{"not_picked":["Body Slam"],"picked":"SKIP","floor":41},{"not_picked":[],"picked":"Dual Wield+1","floor":45},{"not_picked":["Havoc"],"picked":"SKIP","floor":46},{"not_picked":["Hemokinesis+1"],"picked":"SKIP","floor":47}],"player_experience":225308,"relics_obtained":[{"floor":7,"key":"Lantern"},{"floor":9,"key":"Blue Candle"},{"floor":14,"key":"Tiny Chest"},{"floor":24,"key":"Omamori"},{"floor":26,"key":"Mercury Hourglass"},{"floor":43,"key":"Mummified Hand"},{"floor":45,"key":"Ancient Tea Set"},{"floor":47,"key":"Red Skull"}],"event_choices":[{"damage_healed":0,"gold_gain":0,"player_choice":"Success","damage_taken":3,"relics_obtained":["Meat on the Bone"],"max_hp_gain":0,"max_hp_loss":0,"event_name":"Scrap Ooze","floor":5,"gold_loss":0},{"cards_removed":["Strike_R"],"damage_healed":0,"gold_gain":0,"player_choice":"Card Removal","damage_taken":7,"max_hp_gain":0,"max_hp_loss":0,"event_name":"Golden Wing","floor":11,"gold_loss":0},{"damage_healed":0,"gold_gain":0,"player_choice":"Left Gold","damage_taken":0,"max_hp_gain":0,"max_hp_loss":0,"event_name":"World of Goop","floor":12,"gold_loss":36},{"damage_healed":0,"gold_gain":0,"player_choice":"Upgraded","damage_taken":0,"max_hp_gain":0,"max_hp_loss":0,"event_name":"Upgrade Shrine","floor":19,"gold_loss":0,"cards_upgraded":["Bash"]},{"damage_healed":0,"gold_gain":0,"player_choice":"Became a vampire","damage_taken":0,"max_hp_gain":0,"max_hp_loss":24,"event_name":"Vampires","floor":30,"gold_loss":0,"cards_obtained":["Bite","Bite","Bite","Bite","Bite"]},{"damage_healed":0,"gold_gain":999,"player_choice":"Gold","damage_taken":0,"max_hp_gain":0,"max_hp_loss":0,"event_name":"MindBloom","floor":36,"gold_loss":0,"cards_obtained":["Normality","Normality"]},{"damage_healed":0,"gold_gain":0,"player_choice":"Memory 1","damage_taken":0,"max_hp_gain":0,"max_hp_loss":0,"event_name":"SensoryStone","floor":37,"gold_loss":0},{"damage_healed":0,"gold_gain":0,"player_choice":"Ignored","damage_taken":0,"max_hp_gain":0,"max_hp_loss":0,"event_name":"Tomb of Lord Red Mask","floor":38,"gold_loss":0},{"damage_healed":0,"gold_gain":100,"player_choice":"Pray","damage_taken":0,"max_hp_gain":0,"max_hp_loss":0,"event_name":"Golden Shrine","floor":48,"gold_loss":0}],"is_beta":false,"boss_relics":[{"not_picked":["Black Star","Empty Cage"],"picked":"Mark of Pain"},{"not_picked":["Runic Dome","Eternal Feather"],"picked":"Busted Crown"}],"items_purged_floors":[27,28,44],"is_endless":false,"potions_floor_spawned":[2,7,18,24,25,39,45,47],"ascension_level":8}