{"gold_per_floor":[109,123,140,151,151,180,196,196,196,196,216,193,220,97,97,196,196,212,212,193,193,193,193,193,226,226,236,236,236],"floor_reached":29,"playtime":731,"items_purged":["Defend_B"],"score":376,"play_id":"9a5f5239-6b6b-493b-8e53-be39591981e9","local_time":"20181015081000","is_ascension_mode":true,"campfire_choices":[{"floor":8,"key":"REST"},{"data":"Genetic Algorithm","floor":10,"key":"SMITH"},{"data":"White Noise","floor":15,"key":"SMITH"},{"data":"Buffer","floor":24,"key":"SMITH"}],"neow_cost":"NONE","seed_source_timestamp":396573162535479,"circlet_count":0,"master_deck":["Zap","Dualcast","Electrodynamics","Genetic Algorithm+1","Hologram","Go for the Eyes","Defragment","White Noise+1","White Noise","Scrape","Leap","Buffer+1","Echo Form","Blizzard","Conserve Battery","Go for the Eyes","Scrape","Self Repair","Cold Snap","Compile Driver","Rebound","Cold Snap+1","Ball Lightning+1","Redo"],"relics":["Cracked Core","Smiling Mask","Cables","Omamori","Pandora\u0027s Box","Kunai","The Courier"],"potions_floor_usage":[6,23,25,29],"damage_taken":[{"damage":1,"enemies":"Cultist","floor":1,"turns":3},{"damage":10,"enemies":"Jaw Worm","floor":2,"turns":4},{"damage":9,"enemies":"Small Slimes","floor":3,"turns":3},{"damage":0,"enemies":"2 Fungi Beasts","floor":4,"turns":2},{"damage":18,"enemies":"3 Sentries","floor":6,"turns":3},{"damage":7,"enemies":"Blue Slaver","floor":7,"turns":3},{"damage":10,"enemies":"Exordium Thugs","floor":11,"turns":3},{"damage":0,"enemies":"Slime Boss","floor":16,"turns":8},{"damage":12,"enemies":"Spheric Guardian","floor":18,"turns":4},{"damage":15,"enemies":"2 Thieves","floor":20,"turns":4},{"damage":0,"enemies":"Slavers","floor":23,"turns":1},{"damage":54,"enemies":"Gremlin Leader","floor":25,"turns":7},{"damage":0,"enemies":"Cultist and Chosen","floor":27,"turns":4},{"damage":2,"enemies":"Book of Stabbing","floor":29,"turns":2}],"seed_played":"7794553478406719102","potions_obtained":[{"floor":1,"key":"Explosive Potion"},{"floor":3,"key":"SmokeBomb"},{"floor":4,"key":"Dexterity Potion"},{"floor":7,"key":"SteroidPotion"},{"floor":20,"key":"Poison Potion"},{"floor":27,"key":"Energy Potion"}],"is_trial":false,"path_per_floor":["M","M","M","M","?","E","M","R","T","R","M","$","T","$","R","B",null,"M","?","M","?","?","E","R","E","T","M","?"],"character_chosen":"DEFECT","items_purchased":["Leap","Buffer"],"campfire_rested":1,"item_purchase_floors":[12,14],"current_hp_per_floor":[74,64,55,55,55,37,30,52,52,52,42,42,42,42,42,42,75,63,63,55,55,55,55,55,1,1,1,1,0],"gold":236,"neow_bonus":"ONE_RANDOM_RARE_CARD","is_prod":false,"is_daily":false,"chose_seed":false,"campfire_upgraded":3,"win_rate":0,"timestamp":1539616200,"path_taken":["M","M","?","?","?","E","M","R","T","R","M","?","?","$","R","BOSS","M","?","M","?","?","E","R","E","T","M","?","E"],"build_version":"2018-10-11","purchased_purges":1,"victory":false,"max_hp_per_floor":[75,75,75,75,75,75,75,75,75,75,75,75,75,75,75,75,75,75,75,75,75,75,75,75,75,75,75,75,75],"card_choices":[{"not_picked":["Go for the Eyes","Stack"],"picked":"Genetic Algorithm","floor":1},{"not_picked":["Skim","Storm"],"picked":"Hologram","floor":2},{"not_picked":["Steam","Force Field"],"picked":"Go for the Eyes","floor":3},{"not_picked":["Cold Snap","Compile Driver"],"picked":"Defragment","floor":4},{"not_picked":["Redo","Hologram"],"picked":"White Noise","floor":6},{"not_picked":["Rip and Tear","Hologram"],"picked":"White Noise","floor":7},{"not_picked":["Leap","Consume"],"picked":"Scrape","floor":11},{"not_picked":["Reboot","Rainbow"],"picked":"Echo Form","floor":16},{"not_picked":["Steam","Stack"],"picked":"Rebound","floor":18},{"not_picked":["Compile Driver","Blizzard"],"picked":"Cold Snap+1","floor":20},{"not_picked":["Machine Learning","Turbo"],"picked":"Ball Lightning+1","floor":25},{"not_picked":["Streamline+1","Sweeping Beam"],"picked":"Redo","floor":27}],"player_experience":508792,"relics_obtained":[{"floor":6,"key":"Smiling Mask"},{"floor":9,"key":"Cables"},{"floor":13,"key":"Omamori"},{"floor":25,"key":"Kunai"},{"floor":26,"key":"The Courier"}],"event_choices":[{"event_name":"Golden Wing","player_choice":"Ignored","floor":5,"damage_taken":0},{"event_name":"Beggar","player_choice":"Ignored","floor":19,"damage_taken":0},{"event_name":"Vampires","player_choice":"Ignored","floor":21,"damage_taken":0},{"event_name":"Back to Basics","player_choice":"Simplicity","floor":22,"damage_taken":0},{"event_name":"Forgotten Altar","player_choice":"Smashed Altar","floor":28,"damage_taken":0}],"is_beta":false,"boss_relics":[{"not_picked":["Runic Dome","Runic Pyramid"],"picked":"Pandora\u0027s Box"}],"items_purged_floors":[14],"is_endless":false,"potions_floor_spawned":[1,3,4,7,16,20,27],"killed_by":"Book of Stabbing","ascension_level":4}