{"gold_per_floor":[112,112,64,29,42,77,77,102,102,102,126,169,190,63,63,194,194,217,238,263,263,263,263,263],"floor_reached":24,"playtime":724,"items_purged":[],"score":358,"play_id":"0f190552-d697-4222-83c1-d4a7a481e1d9","local_time":"20190309002818","is_ascension_mode":true,"campfire_choices":[{"data":"Bash","floor":7,"key":"SMITH"},{"data":"Perfected Strike","floor":10,"key":"SMITH"},{"data":"Rampage","floor":15,"key":"SMITH"},{"floor":23,"key":"REST"}],"neow_cost":"NONE","seed_source_timestamp":383583449632502,"circlet_count":0,"master_deck":["AscendersBane","Strike_R","Strike_R","Strike_R","Strike_R","Strike_R","Defend_R","Defend_R","Defend_R","Defend_R","Bash+1","Perfected Strike+1","Wild Strike","Clothesline","Inflame","Wild Strike","Rampage+1","Headbutt","Cleave","Shrug It Off","Inflame","Immolate","Pommel Strike","Clothesline","Whirlwind"],"relics":["Burning Blood","NeowsBlessing","Golden Idol","Meat on the Bone","Letter Opener","Nunchaku","Mark of Pain","MutagenicStrength"],"potions_floor_usage":[12,16,16,19,20,24],"damage_taken":[{"damage":0,"enemies":"Jaw Worm","floor":1,"turns":1},{"damage":0,"enemies":"2 Louse","floor":5,"turns":1},{"damage":0,"enemies":"Gremlin Nob","floor":6,"turns":1},{"damage":1,"enemies":"Cultist","floor":8,"turns":3},{"damage":9,"enemies":"Red Slaver","floor":11,"turns":2},{"damage":30,"enemies":"Lagavulin","floor":12,"turns":5},{"damage":0,"enemies":"2 Fungi Beasts","floor":13,"turns":2},{"damage":37,"enemies":"Hexaghost","floor":16,"turns":7},{"damage":30,"enemies":"2 Thieves","floor":18,"turns":3},{"damage":22,"enemies":"Shell Parasite","floor":19,"turns":5},{"damage":21,"enemies":"Snake Plant","floor":20,"turns":3},{"damage":54,"enemies":"Book of Stabbing","floor":24,"turns":5}],"seed_played":"7826283890769296183","potions_obtained":[{"floor":8,"key":"SkillPotion"},{"floor":12,"key":"Poison Potion"},{"floor":13,"key":"Regen Potion"},{"floor":16,"key":"Weak Potion"},{"floor":19,"key":"SkillPotion"},{"floor":20,"key":"Weak Potion"}],"is_trial":false,"path_per_floor":["M","?","$","?","M","E","R","M","T","R","M","E","M","$","R","B",null,"M","M","M","?","?","R","E"],"character_chosen":"IRONCLAD","items_purchased":["Wild Strike","Shrug It Off","Inflame"],"campfire_rested":1,"item_purchase_floors":[3,14,14],"current_hp_per_floor":[78,74,74,74,74,74,74,74,74,74,71,47,53,53,53,49,68,44,40,37,37,30,52,0],"gold":263,"neow_bonus":"THREE_ENEMY_KILL","is_prod":false,"is_daily":false,"chose_seed":false,"campfire_upgraded":3,"win_rate":0,"timestamp":1552109298,"path_taken":["M","?","$","?","M","E","R","M","T","R","M","E","M","$","R","BOSS","M","M","M","?","?","R","E"],"build_version":"2019-01-23","purchased_purges":0,"victory":false,"max_hp_per_floor":[80,74,74,74,74,74,74,74,74,74,74,74,74,74,74,74,74,74,74,74,74,74,74,74],"card_choices":[{"not_picked":["Flex","Armaments"],"picked":"Perfected Strike","floor":1},{"not_picked":["Sword Boomerang","Twin Strike"],"picked":"Clothesline","floor":5},{"not_picked":["Battle Trance","Pummel"],"picked":"Inflame","floor":6},{"not_picked":["Infernal Blade","Fire Breathing"],"picked":"Wild Strike","floor":8},{"not_picked":["Heavy Blade","Clothesline"],"picked":"Rampage","floor":11},{"not_picked":["Sever Soul","Bludgeon"],"picked":"Headbutt","floor":12},{"not_picked":["Sword Boomerang","Heavy Blade"],"picked":"Cleave","floor":13},{"not_picked":["Double Tap","Brutality"],"picked":"Immolate","floor":16},{"not_picked":["Searing Blow","Rage"],"picked":"Pommel Strike","floor":18},{"not_picked":["Warcry","Cleave"],"picked":"Clothesline","floor":19},{"not_picked":["Infernal Blade","Flex"],"picked":"Whirlwind","floor":20}],"player_experience":252248,"relics_obtained":[{"floor":6,"key":"Meat on the Bone"},{"floor":9,"key":"Letter Opener"},{"floor":12,"key":"Nunchaku"}],"event_choices":[{"damage_healed":0,"gold_gain":0,"player_choice":"Lose Max HP","damage_taken":0,"relics_obtained":["Golden Idol"],"max_hp_gain":0,"max_hp_loss":6,"event_name":"Golden Idol","floor":2,"gold_loss":0},{"damage_healed":0,"gold_gain":0,"player_choice":"Left Gold","damage_taken":0,"max_hp_gain":0,"max_hp_loss":0,"event_name":"World of Goop","floor":4,"gold_loss":35},{"damage_healed":0,"gold_gain":0,"player_choice":"Inject Mutagens","damage_taken":0,"relics_obtained":["MutagenicStrength"],"max_hp_gain":0,"max_hp_loss":0,"event_name":"Drug Dealer","floor":21,"gold_loss":0},{"damage_healed":0,"gold_gain":0,"player_choice":"Damaged","damage_taken":7,"max_hp_gain":0,"max_hp_loss":0,"event_name":"Wheel of Change","floor":22,"gold_loss":0}],"is_beta":false,"boss_relics":[{"not_picked":["Philosopher\u0027s Stone","Runic Pyramid"],"picked":"Mark of Pain"}],"items_purged_floors":[],"is_endless":false,"potions_floor_spawned":[8,12,13,16,19,20],"killed_by":"Book of Stabbing","ascension_level":11}