{"gold_per_floor":[119,119,17,35,210,241,241,258,258,258,291,305,273,273],"floor_reached":14,"playtime":294,"items_purged":[],"score":160,"play_id":"a873f45c-0e5d-41f2-89d8-9c82053baeb2","local_time":"20181015152212","is_ascension_mode":true,"campfire_choices":[{"data":"Swift Strike","floor":7,"key":"SMITH"},{"data":"Streamline","floor":10,"key":"SMITH"}],"neow_cost":"NONE","seed_source_timestamp":0,"circlet_count":0,"master_deck":["Strike_B","Strike_B","Strike_B","Strike_B","Defend_B+1","Defend_B+1","Defend_B","Defend_B","Zap","Dualcast","Go for the Eyes","Swift Strike+1","Streamline","Doubt","Streamline+1","Go for the Eyes","Melter","Chaos"],"special_seed":0,"relics":["Cracked Core","NeowsBlessing","War Paint","Ornamental Fan","Frozen Egg 2","Torii"],"potions_floor_usage":[14],"damage_taken":[{"damage":0.0,"enemies":"2 Louse","floor":1.0,"turns":1.0},{"damage":0,"enemies":"Small Slimes","floor":4,"turns":1},{"damage":0,"enemies":"3 Sentries","floor":6,"turns":1},{"damage":1,"enemies":"Cultist","floor":8,"turns":3},{"damage":23,"enemies":"Lagavulin","floor":11,"turns":6},{"damage":8,"enemies":"Lots of Slimes","floor":12,"turns":3},{"damage":18,"enemies":"3 Sentries","floor":14,"turns":3}],"seed_played":"-9219626548257018114","potions_obtained":[{"floor":11,"key":"GamblersBrew"}],"is_trial":false,"path_per_floor":["M","?","$","M","?","E","R","M","T","R","E","M","?"],"character_chosen":"DEFECT","items_purchased":["Swift Strike"],"campfire_rested":0,"item_purchase_floors":[3],"current_hp_per_floor":[68,50,50,50,50,50,50,49,49,49,26,18,18,0],"gold":273,"neow_bonus":"THREE_ENEMY_KILL","is_prod":false,"is_daily":false,"chose_seed":false,"campfire_upgraded":2,"win_rate":0,"timestamp":1539642132,"path_taken":["M","?","$","?","?","E","R","M","T","R","E","M","?","E"],"build_version":"2018-10-11","purchased_purges":0,"victory":false,"max_hp_per_floor":[75,75,75,75,75,75,75,75,75,75,75,75,75,75],"card_choices":[{"not_picked":["Steam","Stack"],"picked":"Go for the Eyes","floor":1.0},{"not_picked":["Redo","Steam"],"picked":"Streamline","floor":4},{"not_picked":["Turbo","Leap"],"picked":"Streamline","floor":6},{"not_picked":["Aggregate","Chill"],"picked":"Go for the Eyes","floor":8},{"not_picked":["Stack","Gash"],"picked":"Melter","floor":11},{"not_picked":["Barrage","Sweeping Beam"],"picked":"Chaos","floor":12}],"player_experience":519952,"relics_obtained":[{"floor":6,"key":"Ornamental Fan"},{"floor":9,"key":"Frozen Egg 2"},{"floor":11,"key":"Torii"}],"event_choices":[{"event_name":"Scrap Ooze","player_choice":"success","floor":2,"damage_taken":18},{"event_name":"Liars Game","player_choice":"agreed","floor":5,"damage_taken":0},{"event_name":"World of Goop","player_choice":"Left","floor":13,"damage_taken":0}],"is_beta":false,"boss_relics":[],"items_purged_floors":[],"is_endless":false,"potions_floor_spawned":[11],"killed_by":"3 Sentries","ascension_level":6}