{"gold_per_floor":[116,17,17,79,99,99,114,128,128,153,165,178,178,178,178,252,252,272,272,272,15,33,33,33],"floor_reached":24,"playtime":693,"items_purged":[],"score":323,"play_id":"09ff661c-f2e6-41fb-b466-626ec9e1dd6b","local_time":"20181029190749","is_ascension_mode":true,"campfire_choices":[{"floor":6.0,"key":"REST"},{"floor":13.0,"key":"REST"},{"floor":15.0,"key":"REST"},{"floor":23.0,"key":"REST"}],"neow_cost":"PERCENT_DAMAGE","seed_source_timestamp":0,"circlet_count":0,"master_deck":["Defend_G","Defend_G","Defend_G","Defend_G","Defend_G","Strike_G","Strike_G","Strike_G","Strike_G","Strike_G","Survivor","Neutralize","AscendersBane","Die Die Die","PiercingWail","Noxious Fumes","Acrobatics","Dagger Throw","Deadly Poison","Well Laid Plans","Catalyst","Crippling Poison","Blur","Glass Knife","Sucker Punch","Heel Hook"],"special_seed":0,"relics":["Ring of the Snake","Du-Vu Doll","Tough Bandages","Question Card","Black Star","Nilry\u0027s Codex","MutagenicStrength","Shuriken"],"potions_floor_usage":[24],"damage_taken":[{"damage":23.0,"enemies":"Jaw Worm","floor":1.0,"turns":6.0},{"damage":0.0,"enemies":"Cultist","floor":5.0,"turns":4.0},{"damage":0.0,"enemies":"Small Slimes","floor":7.0,"turns":2.0},{"damage":1.0,"enemies":"Blue Slaver","floor":8.0,"turns":4.0},{"damage":27.0,"enemies":"Gremlin Nob","floor":10.0,"turns":5.0},{"damage":1.0,"enemies":"2 Fungi Beasts","floor":11.0,"turns":4.0},{"damage":0.0,"enemies":"3 Louse","floor":12.0,"turns":1.0},{"damage":53.0,"enemies":"Slime Boss","floor":16.0,"turns":11.0},{"damage":25.0,"enemies":"Spheric Guardian","floor":18.0,"turns":5.0},{"damage":4.0,"enemies":"Chosen","floor":22.0,"turns":6.0},{"damage":31,"enemies":"Snecko","floor":24,"turns":4}],"seed_played":"7713109302059310516","potions_obtained":[{"floor":1.0,"key":"PowerPotion"},{"floor":7.0,"key":"Poison Potion"},{"floor":16.0,"key":"Explosive Potion"},{"floor":22.0,"key":"Energy Potion"}],"is_trial":false,"path_per_floor":["M","$","?","?","M","R","M","M","T","E","M","M","R","?","R","B",null,"M","?","?","$","M","R"],"character_chosen":"THE_SILENT","items_purchased":["Noxious Fumes","Acrobatics","Shuriken"],"campfire_rested":4,"item_purchase_floors":[2,2,21],"current_hp_per_floor":[22,22,22,22,22,43,43,42,42,15,14,14,35,35,56,3,53,28,12,12,12,8,29,0],"gold":33,"neow_bonus":"THREE_RARE_CARDS","is_prod":false,"is_daily":false,"chose_seed":false,"campfire_upgraded":0,"win_rate":0,"timestamp":1540865269,"path_taken":["M","$","?","?","M","R","?","M","T","E","M","M","R","?","R","BOSS","M","?","?","?","?","R","M"],"build_version":"2018-10-25v2","purchased_purges":0,"victory":false,"max_hp_per_floor":[70,70,70,70,70,70,70,70,70,70,70,70,70,70,70,70,70,70,70,70,70,70,70,70],"card_choices":[{"not_picked":["Doppelganger","Phantasmal Killer"],"picked":"Die Die Die","floor":0.0},{"not_picked":["Eviscerate","Flechettes"],"picked":"PiercingWail","floor":1.0},{"not_picked":["Reflex","Backflip"],"picked":"Dagger Throw","floor":5.0},{"not_picked":["Backflip","Escape Plan"],"picked":"Deadly Poison","floor":7.0},{"not_picked":["Catalyst","Dodge and Roll"],"picked":"Well Laid Plans","floor":8.0},{"not_picked":["Calculated Gamble","Blade Dance"],"picked":"Catalyst","floor":10.0},{"not_picked":["Blade Dance","Prepared","Sucker Punch"],"picked":"Crippling Poison","floor":11.0},{"not_picked":["Tactician","Prepared","Skewer"],"picked":"Blur","floor":12.0},{"not_picked":["Storm of Steel","Wraith Form v2","Malaise"],"picked":"Glass Knife","floor":16.0},{"not_picked":["Flying Knee","Dagger Spray","Dodge and Roll"],"picked":"Sucker Punch","floor":18.0},{"not_picked":["Blade Dance","Sucker Punch","Dagger Throw"],"picked":"Heel Hook","floor":22.0}],"player_experience":738946,"relics_obtained":[{"floor":3.0,"key":"Du-Vu Doll"},{"floor":9.0,"key":"Tough Bandages"},{"floor":10.0,"key":"Question Card"},{"floor":19.0,"key":"Nilry\u0027s Codex"}],"event_choices":[{"damage_healed":0.0,"max_hp_gain":0.0,"max_hp_loss":0.0,"gold_gain":0.0,"event_name":"Wheel of Change","player_choice":"Relic","floor":3.0,"gold_loss":0.0,"damage_taken":0.0},{"damage_healed":0.0,"max_hp_gain":0.0,"max_hp_loss":0.0,"gold_gain":62.0,"event_name":"Golden Wing","player_choice":"Gained Gold","floor":4.0,"gold_loss":0.0,"damage_taken":0.0},{"damage_healed":0.0,"max_hp_gain":0.0,"max_hp_loss":0.0,"gold_gain":0.0,"event_name":"The Lab","player_choice":"Got Potions","floor":14.0,"gold_loss":0.0,"damage_taken":0.0},{"damage_healed":0.0,"max_hp_gain":0.0,"max_hp_loss":0.0,"gold_gain":0.0,"event_name":"Cursed Tome","player_choice":"Obtained Book","floor":19.0,"gold_loss":0.0,"damage_taken":16.0},{"damage_healed":0.0,"max_hp_gain":0.0,"max_hp_loss":0.0,"gold_gain":0.0,"event_name":"Drug Dealer","player_choice":"Inject Mutagens","floor":20.0,"gold_loss":0.0,"damage_taken":0.0,"relics_obtained":["MutagenicStrength"]}],"is_beta":false,"boss_relics":[{"not_picked":["Tiny House","Empty Cage"],"picked":"Black Star"}],"items_purged_floors":[],"is_endless":false,"potions_floor_spawned":[1,7,12,16,22],"killed_by":"Snecko","ascension_level":13}