{"gold_per_floor":[116,126,144,144,161,187,462,462],"floor_reached":8,"playtime":514,"items_purged":[],"score":99,"play_id":"4b50683f-4f3d-4e96-88f7-e994060666ee","local_time":"20190409113415","is_ascension_mode":true,"campfire_choices":[],"neow_cost":"NONE","seed_source_timestamp":448675556503353,"circlet_count":0,"master_deck":["AscendersBane","Strike_B","Strike_B","Strike_B","Defend_B","Defend_B","Defend_B","Defend_B","Zap","Dualcast","BootSequence","Genetic Algorithm","Steam","Defragment","White Noise","Regret"],"relics":["Runic Dome","Incense Burner"],"potions_floor_usage":[2,2,6],"damage_taken":[{"damage":0,"enemies":"Jaw Worm","floor":1,"turns":3},{"damage":0,"enemies":"Cultist","floor":2,"turns":4},{"damage":5,"enemies":"2 Louse","floor":3,"turns":4},{"damage":4,"enemies":"Red Slaver","floor":5,"turns":5},{"damage":16,"enemies":"Lagavulin","floor":6,"turns":10},{"damage":43,"enemies":"Gremlin Nob","floor":8,"turns":4}],"seed_played":"1058932286975211717","potions_obtained":[{"floor":1,"key":"EntropicBrew"}],"is_trial":false,"path_per_floor":["M","M","M","?","M","E","?","E"],"character_chosen":"DEFECT","items_purchased":[],"campfire_rested":0,"item_purchase_floors":[],"current_hp_per_floor":[64,64,59,59,55,39,39,0],"gold":462,"neow_bonus":"BOSS_RELIC","is_prod":false,"is_daily":false,"chose_seed":false,"campfire_upgraded":0,"win_rate":0,"timestamp":1554806055,"path_taken":["M","M","M","?","?","E","?","E"],"build_version":"2019-01-23","purchased_purges":0,"victory":false,"max_hp_per_floor":[71,71,71,71,71,71,71,71],"card_choices":[{"not_picked":["Streamline","Redo"],"picked":"BootSequence","floor":1},{"not_picked":["Conserve Battery","Go for the Eyes"],"picked":"Genetic Algorithm","floor":2},{"not_picked":["Gash","Stack"],"picked":"Steam","floor":3},{"not_picked":["Redo","Hologram"],"picked":"Defragment","floor":5},{"not_picked":["Redo","Storm"],"picked":"White Noise","floor":6}],"player_experience":962794,"relics_obtained":[{"floor":6,"key":"Incense Burner"}],"event_choices":[{"cards_removed":["Strike_B"],"damage_healed":0,"gold_gain":0,"player_choice":"Offered Basic","damage_taken":0,"max_hp_gain":0,"max_hp_loss":0,"event_name":"Bonfire Elementals","floor":4,"gold_loss":0},{"damage_healed":0,"gold_gain":275,"player_choice":"Desecrate","damage_taken":0,"max_hp_gain":0,"max_hp_loss":0,"event_name":"Golden Shrine","floor":7,"gold_loss":0,"cards_obtained":["Regret"]}],"is_beta":false,"boss_relics":[],"items_purged_floors":[],"is_endless":false,"potions_floor_spawned":[1],"killed_by":"Gremlin Nob","ascension_level":14}