{"gold_per_floor":[110,126,146,158,158,185,202,229,256,274,274,292,292,217,217,294,294,312,327,327,327],"floor_reached":21,"playtime":4063,"items_purged":["Strike_B"],"score":318,"play_id":"900488a0-c5ba-4faa-9352-99b1d76b211a","local_time":"20190405143207","is_ascension_mode":true,"campfire_choices":[{"data":"Zap","floor":11.0,"key":"SMITH"},{"data":"Sunder","floor":13.0,"key":"SMITH"},{"data":"Go for the Eyes","floor":15.0,"key":"SMITH"}],"neow_cost":"NONE","seed_source_timestamp":0,"circlet_count":0,"master_deck":["AscendersBane","Strike_B","Strike_B","Strike_B","Defend_B","Defend_B","Defend_B","Defend_B","Zap+1","Dualcast","Go for the Eyes+1","Capacitor","Self Repair","Barrage","Conserve Battery","Sunder+1","Chill","Genetic Algorithm","Rebound","Blizzard","Steam","Undo","Turbo","All For One","Compile Driver","RitualDagger"],"special_seed":0,"relics":["Orrery","Meat on the Bone","Boot","Dream Catcher","Strawberry","Fusion Hammer"],"potions_floor_usage":[16,16],"damage_taken":[{"damage":1.0,"enemies":"Jaw Worm","floor":1.0,"turns":5.0},{"damage":13.0,"enemies":"Cultist","floor":2.0,"turns":5.0},{"damage":0.0,"enemies":"2 Louse","floor":3.0,"turns":3.0},{"damage":4.0,"enemies":"Blue Slaver","floor":4.0,"turns":5.0},{"damage":22.0,"enemies":"Gremlin Nob","floor":6.0,"turns":4.0},{"damage":0.0,"enemies":"3 Louse","floor":7.0,"turns":4.0},{"damage":32.0,"enemies":"Lagavulin","floor":8.0,"turns":9.0},{"damage":12.0,"enemies":"Large Slime","floor":10.0,"turns":8.0},{"damage":5.0,"enemies":"Exordium Wildlife","floor":12.0,"turns":5.0},{"damage":47,"enemies":"Slime Boss","floor":16,"turns":13},{"damage":37,"enemies":"Spheric Guardian","floor":18,"turns":8},{"damage":21,"enemies":"3 Byrds","floor":19,"turns":6},{"damage":46,"enemies":"3 Cultists","floor":21,"turns":5}],"seed_played":"-4003660230720872299","potions_obtained":[{"floor":2.0,"key":"Fire Potion"},{"floor":6.0,"key":"SpeedPotion"},{"floor":10.0,"key":"FearPotion"},{"floor":12.0,"key":"Weak Potion"}],"is_trial":false,"path_per_floor":["M","M","M","M","?","E","M","E","T","M","R","M","R","$","R","B",null,"M","M","?","M"],"character_chosen":"DEFECT","items_purchased":[],"campfire_rested":0,"item_purchase_floors":[],"current_hp_per_floor":[74,68,75,75,75,60,67,54,61,56,56,58,58,58,58,30,69,51,49,43,0],"gold":327,"neow_bonus":"BOSS_RELIC","is_prod":false,"is_daily":false,"chose_seed":false,"campfire_upgraded":3,"win_rate":0,"timestamp":1554471127,"path_taken":["M","M","M","M","?","E","M","E","T","?","R","M","R","$","R","BOSS","M","M","?","M"],"build_version":"2019-01-23","purchased_purges":1,"victory":false,"max_hp_per_floor":[75,75,75,75,75,75,75,75,82,82,82,82,82,82,82,82,82,82,82,82,82],"card_choices":[{"not_picked":["Coolheaded","Beam Cell"],"picked":"Go for the Eyes","floor":0.0},{"not_picked":["Coolheaded","White Noise"],"picked":"Capacitor","floor":0.0},{"not_picked":["Rebound","Turbo"],"picked":"Self Repair","floor":0.0},{"not_picked":["Loop","Force Field"],"picked":"Barrage","floor":0.0},{"not_picked":["Redo","Steam"],"picked":"Conserve Battery","floor":0.0},{"not_picked":["Rip and Tear","Scrape"],"picked":"Sunder","floor":1.0},{"not_picked":["Tempest","Redo"],"picked":"Chill","floor":2.0},{"not_picked":["Leap","Blizzard"],"picked":"Genetic Algorithm","floor":3.0},{"not_picked":["Conserve Battery","Fusion"],"picked":"Rebound","floor":4.0},{"not_picked":["Coolheaded","Fusion"],"picked":"Blizzard","floor":6.0},{"not_picked":["Go for the Eyes","Leap"],"picked":"Steam","floor":7.0},{"not_picked":["Rebound","Chaos"],"picked":"Undo","floor":8.0},{"not_picked":["Chaos","Doom and Gloom"],"picked":"Turbo","floor":10.0},{"not_picked":["Scrape","Force Field","Redo"],"picked":"SKIP","floor":12.0},{"not_picked":["Thunder Strike","Machine Learning"],"picked":"All For One","floor":16},{"not_picked":["White Noise","Go for the Eyes","Skim"],"picked":"SKIP","floor":18},{"not_picked":["Recycle","Heatsinks+1"],"picked":"Compile Driver","floor":19}],"player_experience":915515,"relics_obtained":[{"floor":5.0,"key":"Meat on the Bone"},{"floor":6.0,"key":"Boot"},{"floor":8.0,"key":"Dream Catcher"},{"floor":9.0,"key":"Strawberry"}],"event_choices":[{"damage_healed":0.0,"max_hp_gain":0.0,"max_hp_loss":0.0,"gold_gain":0.0,"event_name":"Wheel of Change","player_choice":"Relic","floor":5.0,"gold_loss":0.0,"damage_taken":0.0},{"damage_healed":0,"gold_gain":0,"player_choice":"Joined the Cult","damage_taken":6,"max_hp_gain":0,"max_hp_loss":0,"event_name":"Nest","floor":20,"gold_loss":0,"cards_obtained":["RitualDagger"]}],"is_beta":false,"boss_relics":[{"not_picked":["Runic Pyramid","Empty Cage"],"picked":"Fusion Hammer"}],"items_purged_floors":[14],"is_endless":false,"potions_floor_spawned":[2,6,10,12],"killed_by":"3 Cultists","ascension_level":13}