{"gold_per_floor":[116,136,155,155,155,155,3,3,76,76,90,90,145,169,169,169],"floor_reached":16,"playtime":625,"items_purged":[],"score":140,"play_id":"f64bf4fc-4e06-4794-8ca9-fab640c5e74d","local_time":"20190306192304","is_ascension_mode":true,"campfire_choices":[{"data":"Dark Embrace","floor":6,"key":"SMITH"},{"floor":12,"key":"REST"},{"floor":15,"key":"REST"}],"neow_cost":"NONE","seed_source_timestamp":192572724137779,"circlet_count":0,"master_deck":["AscendersBane","Strike_R","Strike_R","Strike_R","Strike_R+1","Strike_R+1","Defend_R","Defend_R","Defend_R","Defend_R+1","Bash","Barricade","True Grit","Dark Embrace+1","Spot Weakness+1","Corruption","Flame Barrier","Body Slam","Disarm"],"relics":["Burning Blood","Golden Idol","Happy Flower","Gremlin Horn","War Paint"],"potions_floor_usage":[11],"damage_taken":[{"damage":18,"enemies":"Jaw Worm","floor":1,"turns":4},{"damage":25,"enemies":"Small Slimes","floor":2,"turns":5},{"damage":6,"enemies":"2 Louse","floor":3,"turns":5},{"damage":18,"enemies":"Large Slime","floor":11,"turns":7},{"damage":9,"enemies":"Blue Slaver","floor":14,"turns":5},{"damage":50,"enemies":"Slime Boss","floor":16,"turns":10}],"seed_played":"5318641600830589377","potions_obtained":[{"floor":1,"key":"SteroidPotion"},{"floor":11,"key":"SteroidPotion"}],"is_trial":false,"path_per_floor":["M","M","M","?","?","R","$","?","T","?","M","R","T","M","R","B"],"character_chosen":"IRONCLAD","items_purchased":["Corruption","Flame Barrier"],"campfire_rested":2,"item_purchase_floors":[7,7],"current_hp_per_floor":[60,41,41,41,34,34,34,19,19,19,7,29,29,26,48,0],"gold":169,"neow_bonus":"ONE_RANDOM_RARE_CARD","is_prod":false,"is_daily":false,"chose_seed":false,"campfire_upgraded":1,"win_rate":0,"timestamp":1551918184,"path_taken":["M","M","M","?","?","R","$","?","T","?","?","R","?","M","R","BOSS"],"build_version":"2019-01-23","purchased_purges":0,"victory":false,"max_hp_per_floor":[80,80,80,74,74,74,74,74,74,74,74,74,74,74,74,74],"card_choices":[{"not_picked":["Wild Strike","Warcry"],"picked":"True Grit","floor":1},{"not_picked":["Burning Pact","Sword Boomerang"],"picked":"Dark Embrace","floor":2},{"not_picked":["Wild Strike","Perfected Strike"],"picked":"Spot Weakness","floor":3},{"not_picked":["Brutality","Rage"],"picked":"Body Slam","floor":11},{"not_picked":["Whirlwind","Thunderclap"],"picked":"Disarm","floor":14}],"player_experience":242190,"relics_obtained":[{"floor":9,"key":"Gremlin Horn"},{"floor":13,"key":"War Paint"}],"event_choices":[{"damage_healed":0,"gold_gain":0,"player_choice":"Lose Max HP","damage_taken":0,"relics_obtained":["Golden Idol"],"max_hp_gain":0,"max_hp_loss":6,"event_name":"Golden Idol","floor":4,"gold_loss":0},{"damage_healed":0,"gold_gain":0,"player_choice":"Success","damage_taken":7,"relics_obtained":["Happy Flower"],"max_hp_gain":0,"max_hp_loss":0,"event_name":"Scrap Ooze","floor":5,"gold_loss":0},{"damage_healed":0,"gold_gain":0,"player_choice":"Entered Light","damage_taken":15,"max_hp_gain":0,"max_hp_loss":0,"event_name":"Shining Light","floor":8,"gold_loss":0,"cards_upgraded":["Strike_R","Strike_R"]},{"damage_healed":0,"gold_gain":0,"player_choice":"Searched \u00270\u0027 times","damage_taken":0,"max_hp_gain":0,"max_hp_loss":0,"event_name":"Dead Adventurer","floor":10,"gold_loss":0}],"is_beta":false,"boss_relics":[],"items_purged_floors":[],"is_endless":false,"potions_floor_spawned":[1,11],"killed_by":"Slime Boss","ascension_level":11}