{"gold_per_floor":[114,64,75,75,0,26,26,37,37,1,13,44,44,63,63,140,140,156,156,156,122,135,135,169,169,169,169],"floor_reached":27,"playtime":834,"items_purged":["Defend_R"],"score":435,"play_id":"f8128e39-d814-4894-a950-b2ba6cec5931","local_time":"20181022142225","is_ascension_mode":true,"campfire_choices":[{"data":"Whirlwind","floor":7,"key":"SMITH"},{"floor":15,"key":"REST"},{"data":"Limit Break","floor":23,"key":"SMITH"}],"neow_cost":"NONE","seed_source_timestamp":1023614326987197,"circlet_count":0,"master_deck":["Strike_R","Strike_R","Strike_R","Defend_R","Defend_R","Defend_R","Bash+1","AscendersBane","Pommel Strike","Shrug It Off+1","Whirlwind+1","Cleave","Impervious","Inflame","Shrug It Off","Wild Strike","Limit Break+1","Spot Weakness","Reaper","Ghostly","Ghostly","Ghostly","Ghostly","Ghostly","Flex"],"relics":["Black Blood","The Courier","Singing Bowl","Dream Catcher","Sundial","Molten Egg 2"],"potions_floor_usage":[24,27,27],"damage_taken":[{"damage":7,"enemies":"Jaw Worm","floor":1,"turns":3},{"damage":0,"enemies":"2 Louse","floor":3,"turns":3},{"damage":44,"enemies":"Lagavulin","floor":6,"turns":8},{"damage":4,"enemies":"Small Slimes","floor":8,"turns":4},{"damage":8,"enemies":"Exordium Thugs","floor":11,"turns":4},{"damage":10,"enemies":"3 Sentries","floor":12,"turns":5},{"damage":9,"enemies":"Large Slime","floor":14,"turns":5},{"damage":39,"enemies":"The Guardian","floor":16,"turns":11},{"damage":46,"enemies":"Shell Parasite","floor":18,"turns":7},{"damage":14,"enemies":"2 Thieves","floor":21,"turns":5},{"damage":7,"enemies":"3 Cultists","floor":22,"turns":7},{"damage":34,"enemies":"Slavers","floor":24,"turns":7},{"damage":68,"enemies":"Gremlin Leader","floor":27,"turns":7}],"seed_played":"4536089245076728255","potions_obtained":[{"floor":3,"key":"EssenceOfSteel"},{"floor":8,"key":"EssenceOfSteel"},{"floor":24,"key":"Regen Potion"}],"is_trial":false,"path_per_floor":["M","?","M","?","$","E","R","M","T","?","M","E","?","M","R","B",null,"M","?","?","M","M","R","E","?","T"],"character_chosen":"IRONCLAD","items_purchased":[],"campfire_rested":1,"item_purchase_floors":[],"current_hp_per_floor":[67,67,73,73,73,35,35,37,37,37,35,31,31,28,50,17,61,25,25,25,21,26,26,17,31,31,0],"gold":169,"neow_bonus":"UPGRADE_CARD","is_prod":false,"is_daily":false,"chose_seed":false,"campfire_upgraded":2,"win_rate":0,"timestamp":1540243345,"path_taken":["M","?","M","?","$","E","R","?","T","?","M","E","?","?","R","BOSS","M","?","?","M","?","R","E","?","T","E"],"build_version":"2018-10-18","purchased_purges":1,"victory":false,"max_hp_per_floor":[75,75,75,75,75,75,75,75,75,75,75,75,75,75,75,75,75,75,75,37,37,39,39,41,41,41,41],"card_choices":[{"not_picked":["Body Slam","Armaments"],"picked":"Pommel Strike","floor":1},{"not_picked":["Pommel Strike","Headbutt"],"picked":"Shrug It Off","floor":3},{"not_picked":["Evolve","Heavy Blade"],"picked":"Whirlwind","floor":6},{"not_picked":["Heavy Blade","Body Slam"],"picked":"Cleave","floor":8},{"not_picked":["Twin Strike","Wild Strike"],"picked":"Impervious","floor":11},{"not_picked":["Wild Strike","Corruption"],"picked":"Inflame","floor":12},{"not_picked":["Thunderclap","Evolve"],"picked":"Shrug It Off","floor":14},{"not_picked":["Shrug It Off","Body Slam"],"picked":"Wild Strike","floor":15},{"not_picked":["Juggernaut","Barricade"],"picked":"Limit Break","floor":16},{"not_picked":["Bloodletting","Entrench"],"picked":"Spot Weakness","floor":18},{"not_picked":["Pummel","Warcry+1"],"picked":"Flex","floor":21},{"not_picked":["Thunderclap+1","True Grit","Ghostly Armor"],"picked":"Singing Bowl","floor":22},{"not_picked":["Pommel Strike","Wild Strike","Whirlwind"],"picked":"Singing Bowl","floor":24}],"player_experience":616219,"relics_obtained":[{"floor":6,"key":"The Courier"},{"floor":9,"key":"Singing Bowl"},{"floor":12,"key":"Dream Catcher"},{"floor":24,"key":"Sundial"},{"floor":26,"key":"Molten Egg 2"}],"event_choices":[{"cards_removed":["Strike_R"],"damage_healed":0,"gold_gain":0,"player_choice":"Card Removal","damage_taken":0,"max_hp_gain":0,"max_hp_loss":0,"event_name":"The Cleric","floor":2,"gold_loss":50},{"damage_healed":0,"gold_gain":0,"player_choice":"Grow","damage_taken":0,"max_hp_gain":0,"max_hp_loss":0,"event_name":"Living Wall","floor":4,"gold_loss":0,"cards_upgraded":["Shrug It Off"]},{"damage_healed":0,"gold_gain":0,"player_choice":"Left Gold","damage_taken":0,"max_hp_gain":0,"max_hp_loss":0,"event_name":"World of Goop","floor":10,"gold_loss":36},{"damage_healed":0,"gold_gain":0,"player_choice":"Got Potions","damage_taken":0,"max_hp_gain":0,"max_hp_loss":0,"event_name":"The Lab","floor":13,"gold_loss":0},{"damage_healed":0,"gold_gain":0,"cards_transformed":["Strike_R"],"player_choice":"Transformed","damage_taken":0,"max_hp_gain":0,"max_hp_loss":0,"event_name":"Transmorgrifier","floor":19,"gold_loss":0,"cards_obtained":["Reaper"]},{"damage_healed":0,"gold_gain":0,"player_choice":"Became a Ghost","damage_taken":0,"max_hp_gain":0,"max_hp_loss":38,"event_name":"Ghosts","floor":20,"gold_loss":0,"cards_obtained":["Ghostly","Ghostly","Ghostly","Ghostly","Ghostly"]},{"damage_healed":14,"gold_gain":0,"player_choice":"Heal","damage_taken":0,"max_hp_gain":0,"max_hp_loss":0,"event_name":"The Library","floor":25,"gold_loss":0}],"is_beta":false,"boss_relics":[{"not_picked":["Runic Cube","Orrery"],"picked":"Black Blood"}],"items_purged_floors":[5],"is_endless":false,"potions_floor_spawned":[3,8,11,14,16,21,24],"killed_by":"Gremlin Leader","ascension_level":14}