{"gold_per_floor":[118,134,145,145,145,145,55,81,81,106,106,36,1,13,13,85,85,98,144,18,18],"floor_reached":21,"playtime":410,"items_purged":["Defend_R"],"score":315,"play_id":"18b18bb4-7508-44d2-b6f3-f60fae18ed41","local_time":"20181021083035","is_ascension_mode":true,"campfire_choices":[{"data":"Havoc","floor":6,"key":"SMITH"},{"floor":11,"key":"REST"},{"data":"Infernal Blade","floor":15,"key":"SMITH"}],"neow_cost":"NONE","seed_source_timestamp":916529688286612,"circlet_count":0,"master_deck":["Strike_R","Strike_R","Strike_R","Strike_R","Strike_R","Defend_R","Defend_R","Defend_R","Bash","AscendersBane","Clash","Cleave","Havoc+1","Twin Strike","Flex","Sword Boomerang","Infernal Blade+1","Offering","Whirlwind","Cleave","Double Tap","Clash","Sword Boomerang"],"relics":["Burning Blood","NeowsBlessing","Bottled Flame","Shuriken","Pen Nib","Eternal Feather","Oddly Smooth Stone"],"potions_floor_usage":[21],"damage_taken":[{"damage":0,"enemies":"Cultist","floor":1,"turns":1},{"damage":0,"enemies":"Jaw Worm","floor":2,"turns":1},{"damage":0,"enemies":"Small Slimes","floor":3,"turns":1},{"damage":30,"enemies":"3 Sentries","floor":8,"turns":7},{"damage":30,"enemies":"Lagavulin","floor":10,"turns":4},{"damage":13,"enemies":"Red Slaver","floor":14,"turns":4},{"damage":45,"enemies":"Hexaghost","floor":16,"turns":6},{"damage":24,"enemies":"Shell Parasite","floor":18,"turns":3},{"damage":13,"enemies":"Colosseum Slavers","floor":21,"turns":2},{"damage":38,"enemies":"Colosseum Nobs","floor":21,"turns":3}],"seed_played":"7641803017513238814","potions_obtained":[{"floor":14,"key":"LiquidBronze"},{"floor":18,"key":"Energy Potion"}],"is_trial":false,"path_per_floor":["M","M","M","?","?","R","$","E","T","E","R","$","?","M","R","B",null,"M","T","$"],"character_chosen":"IRONCLAD","items_purchased":["Flex","Sword Boomerang","Whirlwind","Sword Boomerang"],"campfire_rested":1,"item_purchase_floors":[7,7,12,20],"current_hp_per_floor":[74,75,75,68,68,68,68,44,44,20,42,42,60,53,53,14,60,42,42,42,0],"gold":18,"neow_bonus":"THREE_ENEMY_KILL","is_prod":false,"is_daily":false,"chose_seed":false,"campfire_upgraded":2,"win_rate":0,"timestamp":1540135835,"path_taken":["M","M","?","?","?","R","$","E","T","E","R","$","?","?","R","BOSS","M","?","$","?"],"build_version":"2018-10-18","purchased_purges":1,"victory":false,"max_hp_per_floor":[75,75,75,75,75,75,75,75,75,75,75,75,75,75,75,75,75,75,75,75,75],"card_choices":[{"not_picked":["Heavy Blade","Shrug It Off"],"picked":"Clash","floor":1},{"not_picked":["True Grit","Iron Wave"],"picked":"Cleave","floor":2},{"not_picked":["Second Wind","Clothesline"],"picked":"Havoc","floor":3},{"not_picked":["Pommel Strike","Warcry"],"picked":"Infernal Blade","floor":8},{"not_picked":["Iron Wave","Barricade"],"picked":"Offering","floor":10},{"not_picked":["Combust","Iron Wave"],"picked":"Cleave","floor":14},{"not_picked":["Barricade","Juggernaut"],"picked":"Double Tap","floor":16},{"not_picked":["Anger","Burning Pact"],"picked":"Clash","floor":18}],"player_experience":597019,"relics_obtained":[{"floor":8,"key":"Bottled Flame"},{"floor":9,"key":"Shuriken"},{"floor":10,"key":"Pen Nib"},{"floor":19,"key":"Oddly Smooth Stone"}],"event_choices":[{"damage_healed":0,"gold_gain":0,"player_choice":"Damaged","damage_taken":7,"max_hp_gain":0,"max_hp_loss":0,"event_name":"Wheel of Change","floor":4,"gold_loss":0},{"damage_healed":0,"gold_gain":0,"player_choice":"1 cards matched","damage_taken":0,"max_hp_gain":0,"max_hp_loss":0,"event_name":"Match and Keep!","floor":5,"gold_loss":0,"cards_obtained":["Twin Strike"]},{"damage_healed":18,"gold_gain":0,"player_choice":"Healed","damage_taken":0,"max_hp_gain":0,"max_hp_loss":0,"event_name":"The Cleric","floor":13,"gold_loss":35},{"damage_healed":0,"gold_gain":0,"player_choice":"Fight","damage_taken":0,"max_hp_gain":0,"max_hp_loss":0,"event_name":"Colosseum","floor":21,"gold_loss":0},{"damage_healed":0,"gold_gain":0,"player_choice":"Fought Nobs","damage_taken":0,"max_hp_gain":0,"max_hp_loss":0,"event_name":"Colosseum","floor":21,"gold_loss":0}],"is_beta":false,"boss_relics":[{"not_picked":["Black Blood","Runic Cube"],"picked":"Eternal Feather"}],"items_purged_floors":[20],"is_endless":false,"potions_floor_spawned":[14,18,21],"killed_by":"Colosseum Nobs","ascension_level":14}