{"gold_per_floor":[119,135,20,20,20,45,45,62,62,62,81,97,109,184,184,288,288,307,307,307,207,218,245,245,245],"floor_reached":25,"playtime":2962,"items_purged":["Defend_G","Strike_G"],"score":221,"play_id":"1a1075c5-5e11-4fbf-9800-0603758f0412","local_time":"20190404213625","is_ascension_mode":false,"campfire_choices":[{"data":"Noxious Fumes","floor":7,"key":"SMITH"},{"data":"Distraction","floor":10,"key":"SMITH"},{"floor":15,"key":"REST"},{"floor":24,"key":"REST"}],"neow_cost":"NONE","seed_source_timestamp":1248705534973914,"circlet_count":0,"master_deck":["Defend_G","Defend_G","Defend_G","Defend_G","Strike_G","Strike_G","Strike_G","Strike_G","Survivor+1","Neutralize","Noxious Fumes+1","Tactician","Expertise","Deflect","Distraction+1","Deadly Poison","Backstab","Poisoned Stab","Burst","Terror+1","RitualDagger","Bouncing Flask","Envenom"],"relics":["Ring of the Snake","Bottled Tornado","Fusion Hammer","Nloth\u0027s Gift","Bag of Preparation"],"potions_floor_usage":[6,6,16,16,16],"damage_taken":[{"damage":1,"enemies":"Cultist","floor":1,"turns":5},{"damage":0,"enemies":"Small Slimes","floor":2,"turns":5},{"damage":11,"enemies":"3 Sentries","floor":6,"turns":11},{"damage":2,"enemies":"Jaw Worm","floor":8,"turns":4},{"damage":2,"enemies":"2 Fungi Beasts","floor":11,"turns":4},{"damage":7,"enemies":"Gremlin Gang","floor":12,"turns":3},{"damage":2,"enemies":"Large Slime","floor":13,"turns":5},{"damage":31,"enemies":"Slime Boss","floor":16,"turns":9},{"damage":1,"enemies":"Chosen","floor":18,"turns":5},{"damage":14,"enemies":"Spheric Guardian","floor":22,"turns":4},{"damage":42,"enemies":"Book of Stabbing","floor":23,"turns":6},{"damage":35,"enemies":"Slavers","floor":25,"turns":2}],"seed_played":"-175794775315749964","potions_obtained":[{"floor":1,"key":"SkillPotion"},{"floor":4,"key":"Energy Potion"},{"floor":4,"key":"Block Potion"},{"floor":8,"key":"GamblersBrew"},{"floor":11,"key":"Strength Potion"}],"is_trial":false,"path_per_floor":["M","M","$","?","$","E","R","M","T","R","M","M","M","?","R","B",null,"M","?","?","$","M","E","R","E"],"character_chosen":"THE_SILENT","items_purchased":["Expertise"],"campfire_rested":2,"item_purchase_floors":[3],"current_hp_per_floor":[69,69,69,69,69,58,58,56,56,56,54,47,45,34,55,24,70,69,63,63,63,49,7,28,0],"gold":245,"neow_bonus":"UPGRADE_CARD","is_prod":false,"is_daily":false,"chose_seed":false,"campfire_upgraded":2,"win_rate":0,"timestamp":1554410185,"path_taken":["M","M","$","?","?","E","R","M","T","R","M","M","M","?","R","BOSS","M","?","?","$","M","E","R","E"],"build_version":"2019-01-23","purchased_purges":2,"victory":false,"max_hp_per_floor":[70,70,70,70,70,70,70,70,70,70,70,70,70,70,70,70,70,70,70,70,70,70,70,70,70],"card_choices":[{"not_picked":["Expertise","Heel Hook"],"picked":"Noxious Fumes","floor":1},{"not_picked":["Backflip","Slice"],"picked":"Tactician","floor":2},{"not_picked":["Eviscerate","Expertise"],"picked":"Deflect","floor":6},{"not_picked":["Flying Knee","Deadly Poison"],"picked":"Distraction","floor":8},{"not_picked":["All Out Attack","PiercingWail"],"picked":"Deadly Poison","floor":11},{"not_picked":["Footwork","Terror"],"picked":"Backstab","floor":12},{"not_picked":["Flying Knee","Sucker Punch"],"picked":"Poisoned Stab","floor":13},{"not_picked":["Malaise","Doppelganger"],"picked":"Burst","floor":16},{"not_picked":["Infinite Blades","Footwork"],"picked":"Terror+1","floor":18},{"not_picked":["Underhanded Strike","Well Laid Plans"],"picked":"Bouncing Flask","floor":22},{"not_picked":["Quick Slash","Dagger Throw"],"picked":"Envenom","floor":23}],"player_experience":43372,"relics_obtained":[{"floor":6,"key":"Bottled Tornado"},{"floor":9,"key":"Orichalcum"},{"floor":23,"key":"Bag of Preparation"}],"event_choices":[{"damage_healed":0,"gold_gain":0,"player_choice":"Got Potions","damage_taken":0,"max_hp_gain":0,"max_hp_loss":0,"event_name":"Lab","floor":4,"gold_loss":0},{"damage_healed":0,"gold_gain":75,"player_choice":"Gather Gold","damage_taken":11,"max_hp_gain":0,"max_hp_loss":0,"event_name":"World of Goop","floor":14,"gold_loss":0},{"damage_healed":0,"gold_gain":0,"player_choice":"Joined the Cult","damage_taken":6,"max_hp_gain":0,"max_hp_loss":0,"event_name":"Nest","floor":19,"gold_loss":0,"cards_obtained":["RitualDagger"]},{"damage_healed":0,"gold_gain":0,"player_choice":"Traded Relic","damage_taken":0,"relics_obtained":["Nloth\u0027s Gift"],"max_hp_gain":0,"max_hp_loss":0,"event_name":"N\u0027loth","floor":20,"relics_lost":["Orichalcum"],"gold_loss":0}],"is_beta":false,"boss_relics":[{"not_picked":["White Beast Statue","Philosopher\u0027s Stone"],"picked":"Fusion Hammer"}],"items_purged_floors":[3,21],"is_endless":false,"potions_floor_spawned":[1,8,11],"killed_by":"Slavers","ascension_level":0}