{"gold_per_floor":[359,372,372,44,62,62,62,87,140,105,430,447,447,472,472,551,551,551,551,56,56,56,56,56,56,56,1,1,1,1,1,1,1,1,1,1,1,1,1,1,1,1,1,1,1,1,1,1,1,1],"floor_reached":51,"playtime":6280,"items_purged":[],"score":1341,"play_id":"5e5b0529-0c03-42aa-b405-4caea501cd36","local_time":"20190411173341","is_ascension_mode":true,"campfire_choices":[{"data":"Neutralize","floor":6.0,"key":"SMITH"},{"data":"Dash","floor":15.0,"key":"SMITH"},{"floor":24.0,"key":"REST"},{"data":"Footwork","floor":30.0,"key":"SMITH"},{"floor":32.0,"key":"REST"},{"data":"Corpse Explosion","floor":40,"key":"SMITH"},{"data":"Well Laid Plans","floor":44,"key":"SMITH"},{"floor":49,"key":"REST"}],"neow_cost":"TEN_PERCENT_HP_LOSS","seed_source_timestamp":0,"circlet_count":0,"master_deck":["AscendersBane","Survivor+1","Neutralize+1","Dash+1","Terror","Well Laid Plans+1","Dodge and Roll","All Out Attack","Adrenaline+1","Footwork+1","Poisoned Stab","Blur","PiercingWail+1","Wraith Form v2+1","Caltrops+1","After Image+1","Concentrate","Quick Slash+1","Accuracy+1","Sucker Punch+1","Skewer+1","Corpse Explosion+1","Backflip+1","Sucker Punch+1","Crippling Poison+1","Quick Slash+1","Malaise","Backflip","Caltrops+1"],"special_seed":0,"relics":["Ring of the Snake","FaceOfCleric","Oddly Smooth Stone","Blood Vial","Ancient Tea Set","War Paint","Old Coin","Bottled Flame","Ectoplasm","Gambling Chip","Anchor","Nilry\u0027s Codex","Molten Egg 2","Orichalcum","Frozen Egg 2","Pandora\u0027s Box","Letter Opener","Girya","Mercury Hourglass"],"potions_floor_usage":[46,46,50],"damage_taken":[{"damage":4.0,"enemies":"Small Slimes","floor":1.0,"turns":4.0},{"damage":3.0,"enemies":"Cultist","floor":2.0,"turns":4.0},{"damage":2.0,"enemies":"Jaw Worm","floor":5.0,"turns":4.0},{"damage":16.0,"enemies":"3 Sentries","floor":8.0,"turns":10.0},{"damage":18.0,"enemies":"Lagavulin","floor":11.0,"turns":11.0},{"damage":2.0,"enemies":"Large Slime","floor":12.0,"turns":7.0},{"damage":20.0,"enemies":"3 Sentries","floor":14.0,"turns":15.0},{"damage":13.0,"enemies":"Hexaghost","floor":16.0,"turns":15.0},{"damage":3.0,"enemies":"3 Byrds","floor":18.0,"turns":7.0},{"damage":0.0,"enemies":"Chosen","floor":19.0,"turns":7.0},{"damage":0.0,"enemies":"Centurion and Healer","floor":21.0,"turns":9.0},{"damage":25.0,"enemies":"Gremlin Leader","floor":23.0,"turns":10.0},{"damage":35.0,"enemies":"Slavers","floor":25.0,"turns":6.0},{"damage":0.0,"enemies":"Snecko","floor":31.0,"turns":8.0},{"damage":35.0,"enemies":"Collector","floor":33.0,"turns":24.0},{"damage":0.0,"enemies":"3 Shapes","floor":35.0,"turns":5.0},{"damage":0.0,"enemies":"3 Darklings","floor":37.0,"turns":7.0},{"damage":0.0,"enemies":"Writhing Mass","floor":38.0,"turns":10.0},{"damage":3,"enemies":"Transient","floor":42,"turns":6},{"damage":12,"enemies":"Jaw Worm Horde","floor":45,"turns":4},{"damage":6,"enemies":"2 Orb Walkers","floor":46,"turns":3},{"damage":46,"enemies":"Giant Head","floor":48,"turns":8},{"damage":29,"enemies":"Donu and Deca","floor":50,"turns":9}],"seed_played":"-8222338209013131001","potions_obtained":[{"floor":5.0,"key":"Explosive Potion"},{"floor":8.0,"key":"FairyPotion"},{"floor":14.0,"key":"SteroidPotion"},{"floor":16.0,"key":"Regen Potion"},{"floor":21.0,"key":"LiquidBronze"},{"floor":23.0,"key":"GamblersBrew"},{"floor":31.0,"key":"AttackPotion"},{"floor":33.0,"key":"Weak Potion"},{"floor":35.0,"key":"Weak Potion"},{"floor":45,"key":"Dexterity Potion"},{"floor":48,"key":"LiquidBronze"}],"is_trial":false,"path_per_floor":["M","M","?","$","M","R","$","E","T","?","E","M","?","E","R","B",null,"M","M","$","M","?","E","R","E","T","$","?","?","R","M","R","B",null,"M","$","M","M","?","R","$","M","T","R","M","?","?","E","R","B",null],"character_chosen":"THE_SILENT","items_purchased":["Oddly Smooth Stone","Blood Vial","Gambling Chip","Anchor","Poison Potion"],"campfire_rested":3,"item_purchase_floors":[4,4,20,20,27],"current_hp_per_floor":[55,52,52,52,53,53,53,40,40,55,40,41,41,24,24,14,53,67,68,68,69,48,26,47,15,15,15,29,29,29,32,53,21,60,63,63,66,69,69,69,69,69,69,69,60,57,57,14,38,12],"gold":1,"neow_bonus":"TWO_FIFTY_GOLD","is_prod":false,"is_daily":false,"chose_seed":false,"campfire_upgraded":5,"win_rate":0,"timestamp":1555000421,"path_taken":["M","M","?","$","?","R","$","E","T","?","E","M","?","E","R","BOSS","M","M","?","M","?","E","R","E","T","$","?","?","R","M","R","BOSS","M","?","M","?","?","R","$","M","T","R","M","?","?","E","R","BOSS"],"build_version":"2019-01-23","purchased_purges":0,"victory":true,"max_hp_per_floor":[60,60,60,60,61,61,61,62,62,62,63,64,64,65,65,66,66,67,68,68,69,69,70,70,71,71,71,71,71,71,72,72,73,73,74,74,75,76,76,76,76,77,77,77,78,79,79,80,80,81],"card_choices":[{"not_picked":["Bane","Outmaneuver"],"picked":"Dash","floor":1.0},{"not_picked":["Eviscerate","Underhanded Strike"],"picked":"Terror","floor":2.0},{"not_picked":["Outmaneuver","Distraction","Slice"],"picked":"SKIP","floor":5.0},{"not_picked":["Quick Slash","Deadly Poison"],"picked":"Well Laid Plans","floor":8.0},{"not_picked":["Deadly Poison","Heel Hook"],"picked":"Dodge and Roll","floor":11.0},{"not_picked":["Deadly Poison","Deflect","Endless Agony"],"picked":"SKIP","floor":12.0},{"not_picked":["Predator","Unload"],"picked":"All Out Attack","floor":14.0},{"not_picked":["Glass Knife","Storm of Steel"],"picked":"Adrenaline","floor":16.0},{"not_picked":["Poisoned Stab+1","Dagger Throw"],"picked":"Footwork","floor":18.0},{"not_picked":["Well Laid Plans+1","Deflect","Escape Plan"],"picked":"SKIP","floor":19.0},{"not_picked":["Deadly Poison","Dagger Spray"],"picked":"Poisoned Stab","floor":21.0},{"not_picked":["Reflex","Backstab+1","Terror"],"picked":"SKIP","floor":23.0},{"not_picked":["Slice+1","Infinite Blades"],"picked":"Blur","floor":25.0},{"not_picked":["Dagger Throw+1","Dodge and Roll"],"picked":"PiercingWail+1","floor":31.0},{"not_picked":["Tools of the Trade+1","Grand Finale+1"],"picked":"Wraith Form v2+1","floor":33.0},{"not_picked":["Accuracy+1","Predator+1"],"picked":"Backflip+1","floor":35.0},{"not_picked":["Acrobatics+1","Cloak And Dagger","Escape Plan+1"],"picked":"SKIP","floor":37.0},{"not_picked":["Well Laid Plans+1","Dagger Throw+1"],"picked":"Sucker Punch+1","floor":38},{"not_picked":["Slice+1","Skewer+1"],"picked":"Crippling Poison+1","floor":42},{"not_picked":["Dash+1","Skewer+1"],"picked":"Quick Slash+1","floor":45},{"not_picked":["Deadly Poison","Distraction+1"],"picked":"Malaise","floor":46},{"not_picked":["Crippling Poison","Accuracy+1"],"picked":"Caltrops+1","floor":48}],"player_experience":1017926,"relics_obtained":[{"floor":8.0,"key":"Ancient Tea Set"},{"floor":9.0,"key":"War Paint"},{"floor":11.0,"key":"Old Coin"},{"floor":14.0,"key":"Bottled Flame"},{"floor":22.0,"key":"Nilry\u0027s Codex"},{"floor":23.0,"key":"Molten Egg 2"},{"floor":25.0,"key":"Orichalcum"},{"floor":26.0,"key":"Frozen Egg 2"},{"floor":43,"key":"Letter Opener"},{"floor":46,"key":"Girya"},{"floor":48,"key":"Mercury Hourglass"}],"event_choices":[{"damage_healed":0.0,"max_hp_gain":0.0,"max_hp_loss":0.0,"gold_gain":0.0,"event_name":"FaceTrader","player_choice":"Trade","floor":3.0,"gold_loss":0.0,"damage_taken":0.0,"relics_obtained":["FaceOfCleric"]},{"damage_healed":15.0,"max_hp_gain":0.0,"max_hp_loss":0.0,"gold_gain":0.0,"event_name":"The Cleric","player_choice":"Healed","floor":10.0,"gold_loss":35.0,"damage_taken":0.0},{"cards_removed":["Strike_G"],"damage_healed":0.0,"max_hp_gain":0.0,"max_hp_loss":0.0,"gold_gain":0.0,"event_name":"Purifier","player_choice":"Purged","floor":13.0,"gold_loss":0.0,"damage_taken":0.0},{"damage_healed":0.0,"max_hp_gain":0.0,"max_hp_loss":0.0,"gold_gain":0.0,"event_name":"Cursed Tome","player_choice":"Obtained Book","floor":22.0,"gold_loss":0.0,"damage_taken":21.0},{"damage_healed":14.0,"max_hp_gain":0.0,"max_hp_loss":0.0,"gold_gain":0.0,"event_name":"The Library","player_choice":"Heal","floor":28.0,"gold_loss":0.0,"damage_taken":0.0},{"damage_healed":0.0,"max_hp_gain":0.0,"max_hp_loss":0.0,"gold_gain":0.0,"event_name":"Upgrade Shrine","player_choice":"Upgraded","floor":29.0,"gold_loss":0.0,"damage_taken":0.0,"cards_upgraded":["Adrenaline"]},{"cards_removed":["Underhanded Strike"],"damage_healed":0,"gold_gain":0,"player_choice":"Removed Attack","damage_taken":0,"max_hp_gain":0,"max_hp_loss":0,"event_name":"Falling","floor":39,"gold_loss":0},{"damage_healed":0,"gold_gain":0,"player_choice":"Fight","damage_taken":0,"max_hp_gain":0,"max_hp_loss":0,"event_name":"Mysterious Sphere","floor":46,"gold_loss":0},{"damage_healed":0,"gold_gain":0,"player_choice":"1 cards matched","damage_taken":0,"max_hp_gain":0,"max_hp_loss":0,"event_name":"Match and Keep!","floor":47,"gold_loss":0,"cards_obtained":["Backflip"]}],"is_beta":false,"boss_relics":[{"not_picked":["Runic Pyramid","Empty Cage"],"picked":"Ectoplasm"},{"not_picked":["Eternal Feather","Fusion Hammer"],"picked":"Pandora\u0027s Box"}],"items_purged_floors":[],"is_endless":false,"potions_floor_spawned":[5,8,14,16,21,23,31,33,35,45,48],"ascension_level":18}