{"gold_per_floor":[362,362,287,26,42,42,58,58,84,30,41,73,84,139,139,217,217,237,247,260,260,460,490,520,555,626,150,167,167,179,95,95,168,168,184,67,78,48,60,87,87,87,87,119,119],"floor_reached":45,"playtime":1172,"items_purged":["Regret","Perfected Strike+1"],"score":1068,"play_id":"60f813c5-5f65-424f-b6a5-2f540b0e5a1c","local_time":"20181023210319","is_ascension_mode":true,"campfire_choices":[{"data":"Bash","floor":6,"key":"SMITH"},{"floor":15,"key":"REST"},{"data":"Flex","floor":29,"key":"SMITH"},{"floor":32,"key":"REST"},{"floor":41,"key":"REST"}],"neow_cost":"TEN_PERCENT_HP_LOSS","seed_source_timestamp":1133727035863445,"circlet_count":0,"master_deck":["Bash+1","AscendersBane","Warcry+1","Headbutt+1","Cleave+1","Whirlwind+1","Clash+1","Iron Wave+1","Fiend Fire+1","Iron Wave+1","Warcry+1","Body Slam+1","Sentinel","Sword Boomerang+1","Sword Boomerang+1","Anger+1","Dropkick+1","Heavy Blade+1","Flex+1","Rampage+1","Uppercut+1","Bludgeon+1","Dropkick+1","Cleave+1","Pommel Strike+1","Flash of Steel+1","Demon Form","Sever Soul+1","Dropkick+1","Infernal Blade","Clash+1","Flex+1"],"relics":["Black Blood","Strawberry","Molten Egg 2","Potion Belt","Bag of Marbles","Tiny Chest","Pandora\u0027s Box","Vajra","Sundial","Red Mask","Regal Pillow","Bottled Lightning","MawBank","War Paint","Kunai","Bottled Tornado","Du-Vu Doll"],"potions_floor_usage":[23,24,24,33,33,35,37,39,39,40,44],"damage_taken":[{"damage":5,"enemies":"Small Slimes","floor":1,"turns":3},{"damage":7,"enemies":"2 Louse","floor":5,"turns":3},{"damage":6,"enemies":"Cultist","floor":7,"turns":3},{"damage":11,"enemies":"Blue Slaver","floor":11,"turns":3},{"damage":8,"enemies":"Gremlin Nob","floor":12,"turns":3},{"damage":0,"enemies":"3 Louse","floor":13,"turns":1},{"damage":35,"enemies":"Lagavulin","floor":14,"turns":4},{"damage":0,"enemies":"Slime Boss","floor":16,"turns":6},{"damage":4,"enemies":"Spheric Guardian","floor":18,"turns":3},{"damage":19,"enemies":"Shell Parasite","floor":19,"turns":3},{"damage":11,"enemies":"Snecko","floor":20,"turns":4},{"damage":14,"enemies":"Slavers","floor":23,"turns":3},{"damage":5,"enemies":"Masked Bandits","floor":24,"turns":3},{"damage":19,"enemies":"Gremlin Leader","floor":25,"turns":5},{"damage":6,"enemies":"3 Cultists","floor":28,"turns":3},{"damage":0,"enemies":"Snake Plant","floor":30,"turns":1},{"damage":75,"enemies":"Champ","floor":33,"turns":8},{"damage":15,"enemies":"3 Darklings","floor":35,"turns":3},{"damage":16,"enemies":"3 Shapes","floor":37,"turns":3},{"damage":34,"enemies":"Transient","floor":39,"turns":5},{"damage":8,"enemies":"Nemesis","floor":40,"turns":3},{"damage":52,"enemies":"Giant Head","floor":44,"turns":6},{"damage":35,"enemies":"Spire Growth","floor":45,"turns":3}],"seed_played":"-8515196081201923921","potions_obtained":[{"floor":7,"key":"Ancient Potion"},{"floor":12,"key":"Dexterity Potion"},{"floor":14,"key":"Explosive Potion"},{"floor":16,"key":"Dexterity Potion"},{"floor":19,"key":"PowerPotion"},{"floor":20,"key":"PowerPotion"},{"floor":23,"key":"Fruit Juice"},{"floor":25,"key":"Weak Potion"},{"floor":30,"key":"Fire Potion"},{"floor":35,"key":"SteroidPotion"},{"floor":38,"key":"Block Potion"},{"floor":38,"key":"PowerPotion"},{"floor":40,"key":"Strength Potion"}],"is_trial":false,"path_per_floor":["M","?","$","$","M","R","M","?","T","$","M","E","M","E","R","B",null,"M","M","M","T","?","E","?","E","T","$","M","R","M","$","R","B",null,"M","$","M","?","M","E","R","?","T","E"],"character_chosen":"IRONCLAD","items_purchased":["Molten Egg 2","Cleave+1","Dropkick+1","MawBank","War Paint","Flash of Steel+1","Dropkick+1","SkillPotion"],"campfire_rested":3,"item_purchase_floors":[4,10,27,27,27,31,36,36],"current_hp_per_floor":[68,75,75,75,74,74,74,74,74,74,69,67,73,44,66,72,74,75,62,57,57,57,49,55,42,42,42,42,42,48,48,80,11,63,58,58,52,52,28,30,69,69,69,27,0],"gold":119,"neow_bonus":"TWO_FIFTY_GOLD","is_prod":false,"is_daily":false,"chose_seed":false,"campfire_upgraded":2,"win_rate":0,"timestamp":1540353799,"path_taken":["M","?","?","$","M","R","M","?","T","?","M","E","M","E","R","BOSS","M","M","M","?","?","E","?","E","T","$","M","R","?","$","R","BOSS","M","$","M","?","?","E","R","?","T","E","M"],"build_version":"2018-10-18","purchased_purges":2,"victory":false,"max_hp_per_floor":[68,75,75,75,75,75,75,75,75,75,75,75,75,75,75,75,75,75,75,75,75,75,75,80,80,80,80,80,80,80,80,80,80,80,80,80,80,80,80,80,80,80,80,80,80],"card_choices":[{"not_picked":["Body Slam","Corruption"],"picked":"Warcry","floor":1},{"not_picked":["True Grit","Blood for Blood+1"],"picked":"Headbutt+1","floor":5},{"not_picked":["Intimidate","Barricade"],"picked":"Twin Strike+1","floor":7},{"not_picked":["Flame Barrier","Headbutt+1"],"picked":"Whirlwind+1","floor":11},{"not_picked":["Havoc","Armaments"],"picked":"Clash+1","floor":12},{"not_picked":["Heavy Blade+1","Havoc","Flame Barrier"],"picked":"SKIP","floor":13},{"not_picked":["Reckless Charge+1","Seeing Red"],"picked":"Iron Wave+1","floor":14},{"not_picked":["Double Tap","Juggernaut"],"picked":"Fiend Fire+1","floor":16},{"not_picked":["Second Wind","Corruption"],"picked":"Flex","floor":18},{"not_picked":["Heavy Blade+1","Second Wind"],"picked":"Perfected Strike+1","floor":19},{"not_picked":["Ghostly Armor","Entrench"],"picked":"Rampage+1","floor":20},{"not_picked":["Havoc","Headbutt+1","Sword Boomerang+1"],"picked":"SKIP","floor":23},{"not_picked":["Clothesline+1","Intimidate"],"picked":"Uppercut+1","floor":24},{"not_picked":["Thunderclap+1","Sentinel"],"picked":"Bludgeon+1","floor":25},{"not_picked":["Sword Boomerang+1","Heavy Blade+1"],"picked":"Cleave+1","floor":28},{"not_picked":["Anger+1","Second Wind"],"picked":"Pommel Strike+1","floor":30},{"not_picked":["Barricade","Double Tap"],"picked":"Demon Form","floor":33},{"not_picked":["Cleave+1","Clothesline+1"],"picked":"Sever Soul+1","floor":35},{"not_picked":["Flame Barrier","Feel No Pain"],"picked":"Infernal Blade","floor":37},{"not_picked":["Sever Soul+1","Twin Strike+1","Cleave+1"],"picked":"SKIP","floor":39},{"not_picked":["Limit Break","Clothesline+1"],"picked":"Clash+1","floor":40},{"not_picked":["Iron Wave+1","Thunderclap+1"],"picked":"Flex+1","floor":44}],"player_experience":633057,"relics_obtained":[{"floor":9,"key":"Potion Belt"},{"floor":12,"key":"Bag of Marbles"},{"floor":14,"key":"Tiny Chest"},{"floor":21,"key":"Vajra"},{"floor":23,"key":"Sundial"},{"floor":24,"key":"Red Mask"},{"floor":25,"key":"Regal Pillow"},{"floor":26,"key":"Bottled Lightning"},{"floor":40,"key":"Kunai"},{"floor":43,"key":"Bottled Tornado"},{"floor":44,"key":"Du-Vu Doll"}],"event_choices":[{"damage_healed":0,"gold_gain":0,"player_choice":"Box","damage_taken":0,"relics_obtained":["Strawberry"],"max_hp_gain":0,"max_hp_loss":0,"event_name":"Big Fish","floor":2,"gold_loss":0,"cards_obtained":["Regret"]},{"damage_healed":0,"gold_gain":0,"player_choice":"Grow","damage_taken":0,"max_hp_gain":0,"max_hp_loss":0,"event_name":"Living Wall","floor":8,"gold_loss":0,"cards_upgraded":["Strike_R"]},{"damage_healed":0,"gold_gain":200,"player_choice":"Gold","damage_taken":0,"max_hp_gain":0,"max_hp_loss":0,"event_name":"Wheel of Change","floor":22,"gold_loss":0},{"damage_healed":0,"gold_gain":0,"player_choice":"Fought Bandits","damage_taken":0,"max_hp_gain":0,"max_hp_loss":0,"event_name":"Masked Bandits","floor":24,"gold_loss":0},{"damage_healed":0,"gold_gain":0,"player_choice":"Bought 2 Potions","damage_taken":0,"max_hp_gain":0,"max_hp_loss":0,"event_name":"The Woman in Blue","floor":38,"gold_loss":0},{"cards_removed":["Twin Strike"],"damage_healed":0,"gold_gain":0,"player_choice":"Removed Attack","damage_taken":0,"max_hp_gain":0,"max_hp_loss":0,"event_name":"Falling","floor":42,"gold_loss":0}],"is_beta":false,"boss_relics":[{"not_picked":["Orrery","Philosopher\u0027s Stone"],"picked":"Pandora\u0027s Box"},{"not_picked":["Empty Cage","Calling Bell"],"picked":"Black Blood"}],"items_purged_floors":[3,27],"is_endless":false,"potions_floor_spawned":[7,12,14,16,19,20,23,25,30,35,40],"killed_by":"Spire Growth","ascension_level":15}