{"gold_per_floor":[111,39,58,78,78,78,113,126,126,152,152,185,185,197,197,273,273,287,307,307,247,69,69,69,96,96,131,131,14,56,68,80,170,182,211,57,57,57,57,83,99,99,99,124,136,146,146,160,160,160],"floor_reached":50,"playtime":1425,"items_purged":[],"score":1051,"play_id":"ecde5adb-55bc-4c98-912b-ba0f54c0ae80","local_time":"20181019221817","is_ascension_mode":true,"campfire_choices":[{"data":"Inflame","floor":6,"key":"SMITH"},{"data":"Infernal Blade","floor":13,"key":"SMITH"},{"data":"Offering","floor":15,"key":"SMITH"},{"data":"Inflame","floor":23,"key":"SMITH"},{"floor":28,"key":"REST"},{"data":"Spot Weakness","floor":32,"key":"SMITH"},{"floor":42,"key":"REST"},{"floor":47,"key":"REST"},{"floor":49,"key":"REST"}],"neow_cost":"NONE","seed_source_timestamp":792376923149649,"circlet_count":0,"master_deck":["Strike_R","Strike_R","Strike_R","Strike_R","Strike_R","Bash","AscendersBane","Reaper","Twin Strike","Inflame+1","Iron Wave","Pommel Strike","Infernal Blade+1","Offering+1","Clash","Clash","Ghostly Armor","Feed","Inflame","Blood for Blood","RitualDagger","Inflame","Spot Weakness+1","Inflame+1","Battle Trance","Searing Blow","Disarm","Inflame+1","Fiend Fire","Searing Blow+2","Rage+1","Exhume+1","Heavy Blade","Dual Wield+1","Parasite"],"relics":["Burning Blood","Dodecahedron","Letter Opener","Regal Pillow","Unceasing Top","Blue Candle","Sozu","The Courier","Pantograph","Shuriken","Bottled Flame","MawBank","Singing Bowl","Astrolabe","TheAbacus","Question Card","Gambling Chip","Blood Vial"],"potions_floor_usage":[10,12,18,33],"damage_taken":[{"damage":9,"enemies":"2 Louse","floor":1,"turns":4},{"damage":1,"enemies":"Cultist","floor":3,"turns":4},{"damage":0,"enemies":"Small Slimes","floor":4,"turns":3},{"damage":19,"enemies":"Gremlin Nob","floor":7,"turns":4},{"damage":6,"enemies":"Looter","floor":8,"turns":2},{"damage":14,"enemies":"Lagavulin","floor":10,"turns":5},{"damage":6,"enemies":"Gremlin Nob","floor":12,"turns":2},{"damage":11,"enemies":"Exordium Wildlife","floor":14,"turns":3},{"damage":62,"enemies":"The Guardian","floor":16,"turns":10},{"damage":6,"enemies":"3 Byrds","floor":18,"turns":3},{"damage":11,"enemies":"Spheric Guardian","floor":19,"turns":3},{"damage":32,"enemies":"Gremlin Leader","floor":25,"turns":4},{"damage":38,"enemies":"Book of Stabbing","floor":27,"turns":3},{"damage":26,"enemies":"Gremlin Leader","floor":30,"turns":5},{"damage":33,"enemies":"Collector","floor":33,"turns":4},{"damage":37,"enemies":"3 Shapes","floor":35,"turns":4},{"damage":66,"enemies":"Reptomancer","floor":40,"turns":6},{"damage":12,"enemies":"3 Darklings","floor":41,"turns":2},{"damage":14,"enemies":"Giant Head","floor":44,"turns":4},{"damage":38,"enemies":"Maw","floor":45,"turns":5},{"damage":20,"enemies":"Transient","floor":46,"turns":5},{"damage":47,"enemies":"Writhing Mass","floor":48,"turns":5},{"damage":125,"enemies":"Donu and Deca","floor":50,"turns":6}],"seed_played":"-5616191790014811515","potions_obtained":[{"floor":5,"key":"Block Potion"},{"floor":5,"key":"GamblersBrew"},{"floor":5,"key":"Fire Potion"},{"floor":12,"key":"Fire Potion"},{"floor":14,"key":"LiquidBronze"}],"is_trial":false,"path_per_floor":["M","$","M","M","?","R","?","M","T","E","?","E","R","M","R","B",null,"M","M","?","?","$","R","?","E","T","E","R","$","E","?","R","B",null,"M","$","$","?","?","E","M","R","T","E","M","M","R","M","R"],"character_chosen":"IRONCLAD","items_purchased":["Inflame","Inflame","Spot Weakness","Inflame","MawBank","TheAbacus"],"campfire_rested":4,"item_purchase_floors":[2,22,22,22,29,36],"current_hp_per_floor":[73,73,75,75,75,75,69,69,69,61,54,54,54,58,58,12,59,65,66,60,60,60,60,60,59,59,37,75,75,64,64,64,51,71,58,58,58,58,58,19,25,64,64,59,34,35,77,48,90,0],"gold":160,"neow_bonus":"ONE_RANDOM_RARE_CARD","is_prod":false,"is_daily":false,"chose_seed":false,"campfire_upgraded":5,"win_rate":0,"timestamp":1540012697,"path_taken":["M","$","M","M","?","R","?","?","T","E","?","E","R","?","R","BOSS","M","M","?","?","$","R","?","E","T","E","R","$","E","?","R","BOSS","M","?","$","?","?","E","M","R","T","E","?","M","R","M","R","BOSS"],"build_version":"2018-10-18","purchased_purges":0,"victory":false,"max_hp_per_floor":[75,75,75,75,75,75,75,75,75,75,75,75,75,75,75,75,75,75,75,75,75,75,75,75,75,75,78,78,78,78,78,78,78,78,83,83,83,79,79,81,83,83,83,86,91,91,91,93,93,93],"card_choices":[{"not_picked":["Shrug It Off","Havoc"],"picked":"Twin Strike","floor":1},{"not_picked":["Combust","Warcry"],"picked":"Iron Wave","floor":3},{"not_picked":["Armaments","Dropkick"],"picked":"Pommel Strike","floor":4},{"not_picked":["Rupture","Metallicize"],"picked":"Infernal Blade","floor":7},{"not_picked":["Heavy Blade","Sword Boomerang"],"picked":"Offering","floor":8},{"not_picked":["Anger","Blood for Blood"],"picked":"Clash","floor":10},{"not_picked":["Intimidate","Iron Wave"],"picked":"Clash","floor":12},{"not_picked":["Shrug It Off","Uppercut"],"picked":"Ghostly Armor","floor":14},{"not_picked":["Limit Break","Juggernaut"],"picked":"Feed","floor":16},{"not_picked":["Headbutt","Sentinel+1"],"picked":"Inflame","floor":18},{"not_picked":["Pommel Strike","Dropkick"],"picked":"Blood for Blood","floor":19},{"not_picked":["Body Slam","Anger"],"picked":"Searing Blow","floor":25},{"not_picked":["Iron Wave","Sentinel"],"picked":"Disarm","floor":27},{"not_picked":["Sword Boomerang","Seeing Red"],"picked":"Inflame+1","floor":30},{"not_picked":["Brutality","Impervious"],"picked":"Fiend Fire","floor":33},{"not_picked":["Sword Boomerang","Body Slam","Clothesline+1"],"picked":"Singing Bowl","floor":35},{"not_picked":["Anger","Havoc","Pummel"],"picked":"Singing Bowl","floor":40},{"not_picked":["Rampage","Rage","Perfected Strike","Searing Blow"],"picked":"Singing Bowl","floor":41},{"not_picked":["Iron Wave","Headbutt+1","Offering"],"picked":"Heavy Blade","floor":44},{"not_picked":["Corruption","Flex","Second Wind","Iron Wave"],"picked":"Singing Bowl","floor":45},{"not_picked":["Entrench","Pommel Strike","Armaments"],"picked":"Dual Wield+1","floor":46},{"not_picked":["Second Wind","Havoc","Seeing Red+1","Body Slam+1"],"picked":"Singing Bowl","floor":48}],"player_experience":565663,"relics_obtained":[{"floor":7,"key":"Dodecahedron"},{"floor":9,"key":"Letter Opener"},{"floor":10,"key":"Regal Pillow"},{"floor":12,"key":"Blue Candle"},{"floor":25,"key":"Pantograph"},{"floor":26,"key":"Shuriken"},{"floor":27,"key":"Bottled Flame"},{"floor":30,"key":"Singing Bowl"},{"floor":40,"key":"Question Card"},{"floor":43,"key":"Gambling Chip"},{"floor":44,"key":"Blood Vial"}],"event_choices":[{"damage_healed":0,"gold_gain":0,"player_choice":"Got Potions","damage_taken":0,"max_hp_gain":0,"max_hp_loss":0,"event_name":"The Lab","floor":5,"gold_loss":0},{"damage_healed":0,"gold_gain":30,"player_choice":"Searched \u00273\u0027 times","damage_taken":0,"max_hp_gain":0,"max_hp_loss":0,"event_name":"Dead Adventurer","floor":7,"gold_loss":0},{"damage_healed":0,"gold_gain":0,"player_choice":"Success","damage_taken":7,"relics_obtained":["Unceasing Top"],"max_hp_gain":0,"max_hp_loss":0,"event_name":"Scrap Ooze","floor":11,"gold_loss":0},{"damage_healed":0,"gold_gain":0,"player_choice":"Joined the Cult","damage_taken":6,"max_hp_gain":0,"max_hp_loss":0,"event_name":"Nest","floor":20,"gold_loss":0,"cards_obtained":["RitualDagger"]},{"damage_healed":0,"gold_gain":0,"player_choice":"Paid Gold","damage_taken":0,"relics_obtained":["The Courier"],"max_hp_gain":0,"max_hp_loss":0,"event_name":"WeMeetAgain","floor":21,"gold_loss":60},{"damage_healed":0,"gold_gain":0,"cards_transformed":["Defend_R"],"player_choice":"Transformed","damage_taken":0,"max_hp_gain":0,"max_hp_loss":0,"event_name":"Transmorgrifier","floor":24,"gold_loss":0,"cards_obtained":["Battle Trance"]},{"damage_healed":0,"gold_gain":0,"player_choice":"Ignored","damage_taken":0,"max_hp_gain":0,"max_hp_loss":0,"event_name":"Beggar","floor":31,"gold_loss":0},{"damage_healed":0,"gold_gain":0,"player_choice":"Max HP","damage_taken":0,"max_hp_gain":0,"max_hp_loss":4,"event_name":"Winding Halls","floor":38,"gold_loss":0},{"damage_healed":0,"gold_gain":0,"player_choice":"Forge","damage_taken":0,"max_hp_gain":0,"max_hp_loss":0,"event_name":"Accursed Blacksmith","floor":39,"gold_loss":0,"cards_upgraded":["Searing Blow"]}],"is_beta":false,"boss_relics":[{"not_picked":["Empty Cage","White Beast Statue"],"picked":"Sozu"},{"not_picked":["Velvet Choker","Snecko Eye"],"picked":"Astrolabe"}],"items_purged_floors":[],"is_endless":false,"potions_floor_spawned":[7,8,12,14,25,27,35,40,44],"killed_by":"Donu and Deca","ascension_level":14}