{"gold_per_floor":[110,122,122,134,134,165,175,175,175,175,203,203,41,76,76,154,154,168,218,230,22,22],"floor_reached":22,"playtime":491,"items_purged":["Strike_G"],"score":364,"play_id":"99dbad7d-36f6-4eba-b0b8-aa1e73c0d489","local_time":"20190103210218","is_ascension_mode":true,"campfire_choices":[{"data":"Storm of Steel","floor":8.0,"key":"SMITH"},{"data":"Blade Dance","floor":10.0,"key":"SMITH"},{"floor":15.0,"key":"REST"}],"neow_cost":"NONE","seed_source_timestamp":1186638907786147,"circlet_count":0,"master_deck":["AscendersBane","Defend_G","Defend_G","Defend_G","Defend_G","Defend_G","Strike_G","Strike_G","Strike_G","Strike_G","Survivor","Neutralize","Poisoned Stab","Deadly Poison+1","Terror+1","Storm of Steel+1","Blade Dance+1","Noxious Fumes","Noxious Fumes","Deadly Poison","Malaise","Catalyst","Backflip"],"special_seed":0,"relics":["Ring of the Snake","NeowsBlessing","Shuriken","Mercury Hourglass","Meat on the Bone","Sundial","Juzu Bracelet","White Beast Statue","Tiny Chest"],"potions_floor_usage":[22],"damage_taken":[{"damage":0.0,"enemies":"Cultist","floor":1.0,"turns":1.0},{"damage":0.0,"enemies":"Jaw Worm","floor":2.0,"turns":1.0},{"damage":0.0,"enemies":"2 Louse","floor":4.0,"turns":1.0},{"damage":21.0,"enemies":"Gremlin Nob","floor":6.0,"turns":4.0},{"damage":7.0,"enemies":"Exordium Thugs","floor":7.0,"turns":3.0},{"damage":22.0,"enemies":"3 Sentries","floor":11.0,"turns":6.0},{"damage":7.0,"enemies":"Lagavulin","floor":14.0,"turns":4.0},{"damage":9.0,"enemies":"Hexaghost","floor":16.0,"turns":7.0},{"damage":6.0,"enemies":"Spheric Guardian","floor":18.0,"turns":3.0},{"damage":12,"enemies":"Chosen","floor":20,"turns":3},{"damage":42,"enemies":"Shelled Parasite and Fungi","floor":22,"turns":4}],"seed_played":"7192108529114962715","potions_obtained":[{"floor":2.0,"key":"Weak Potion"},{"floor":6.0,"key":"Energy Potion"},{"floor":16.0,"key":"FearPotion"},{"floor":18,"key":"Poison Potion"},{"floor":20,"key":"AttackPotion"}],"is_trial":false,"path_per_floor":["M","M","?","M","?","E","M","R","T","R","E","T","$","E","R","B",null,"M","?","M","$","M"],"character_chosen":"THE_SILENT","items_purchased":["Noxious Fumes","GhostInAJar","Tiny Chest"],"campfire_rested":1,"item_purchase_floors":[13,13,21],"current_hp_per_floor":[59,59,59,59,59,38,31,31,31,31,9,9,9,14,33,36,59,53,53,41,41,0],"gold":22,"neow_bonus":"THREE_ENEMY_KILL","is_prod":false,"is_daily":false,"chose_seed":false,"campfire_upgraded":2,"win_rate":0,"timestamp":1546578138,"path_taken":["M","M","?","M","?","E","?","R","T","R","E","?","?","E","R","BOSS","M","?","M","$","M"],"build_version":"2019-01-03v3","purchased_purges":1,"victory":false,"max_hp_per_floor":[66,66,66,66,66,66,66,66,66,66,66,66,66,66,66,66,66,66,66,66,66,66],"card_choices":[{"not_picked":["Prepared","Accuracy"],"picked":"Poisoned Stab","floor":1.0},{"not_picked":["PiercingWail","Dagger Spray"],"picked":"Deadly Poison","floor":2.0},{"not_picked":["Outmaneuver","Flying Knee"],"picked":"Terror","floor":4.0},{"not_picked":["Dash","Skewer"],"picked":"Storm of Steel","floor":6.0},{"not_picked":["Sucker Punch","Backflip"],"picked":"Blade Dance","floor":7.0},{"not_picked":["Bane","Prepared"],"picked":"Noxious Fumes","floor":11.0},{"not_picked":["Dodge and Roll","Deflect"],"picked":"Deadly Poison","floor":14.0},{"not_picked":["Night Terror","After Image"],"picked":"Malaise","floor":16.0},{"not_picked":["Dagger Throw","Bouncing Flask"],"picked":"Catalyst","floor":18},{"not_picked":["Bane","Cloak And Dagger"],"picked":"Backflip","floor":20}],"player_experience":1050663,"relics_obtained":[{"floor":6.0,"key":"Shuriken"},{"floor":9.0,"key":"Mercury Hourglass"},{"floor":11.0,"key":"Meat on the Bone"},{"floor":12.0,"key":"Sundial"},{"floor":14.0,"key":"Juzu Bracelet"}],"event_choices":[{"damage_healed":0.0,"max_hp_gain":0.0,"max_hp_loss":0.0,"gold_gain":0.0,"event_name":"Living Wall","player_choice":"Grow","floor":3.0,"gold_loss":0.0,"damage_taken":0.0,"cards_upgraded":["Deadly Poison"]},{"damage_healed":0.0,"max_hp_gain":0.0,"max_hp_loss":0.0,"gold_gain":0.0,"event_name":"Upgrade Shrine","player_choice":"Upgraded","floor":5.0,"gold_loss":0.0,"damage_taken":0.0,"cards_upgraded":["Terror"]},{"damage_healed":0,"gold_gain":50,"player_choice":"Stole From Cult","damage_taken":0,"max_hp_gain":0,"max_hp_loss":0,"event_name":"Nest","floor":19,"gold_loss":0}],"is_beta":false,"boss_relics":[{"not_picked":["Eternal Feather","HoveringKite"],"picked":"White Beast Statue"}],"items_purged_floors":[21],"is_endless":false,"potions_floor_spawned":[2,6,16,18,20],"killed_by":"Shelled Parasite and Fungi","ascension_level":16}