{"path_per_floor":["M","?","M","?","?","R","E","M","T","E","M","E","M","E","R","B",null,"M","?","?","M"],"character_chosen":"THE_SILENT","items_purchased":[],"gold_per_floor":[119,119,137,137,102,102,129,144,144,179,197,226,242,270,270,373,373,384,384,384,371],"floor_reached":22,"campfire_rested":1,"playtime":886,"current_hp_per_floor":[63,63,63,49,66,66,49,49,49,40,38,11,9,7,28,4,54,39,39,62,47],"items_purged":[],"gold":371,"score":278,"play_id":"2cfca0be-52ca-4ca3-9a2c-3cbcd939cdf9","is_prod":false,"is_daily":false,"is_ascension_mode":true,"campfire_upgraded":1,"path_taken":["M","?","M","?","?","R","E","M","T","E","M","E","?","E","R","BOSS","M","?","?","?","M"],"build_version":"2018-02-22-PROD2","purchased_purges":0,"victory":false,"master_deck":["Defend_G","Defend_G","Defend_G","Defend_G","Defend_G","Strike_G","Strike_G+1","Strike_G+1","Strike_G+1","Survivor","Neutralize+1","Terror+1","Eviscerate","Noxious Fumes+1","Dodge and Roll+1","Well Laid Plans","Finisher","Heel Hook","Unload","Endless Agony","Deflect+1","A Thousand Cuts","Injury","Pain","Pain","Dagger Spray","Escape Plan+1"],"max_hp_per_floor":[70,70,70,70,70,70,70,70,70,70,70,70,70,70,70,70,70,70,70,70,70],"relics":["Ring of the Snake","Toxic Egg 2","Unceasing Top","Whetstone","Pen Nib","Prayer Wheel","Calling Bell","Vajra","Blue Candle","Darkstone Periapt"],"card_choices":[{"not_picked":["Eviscerate","Poisoned Stab"],"picked":"Terror"},{"not_picked":["Flying Knee","Quick Slash"],"picked":"Noxious Fumes"},{"not_picked":["Well Laid Plans","Finisher"],"picked":"Dodge and Roll"},{"not_picked":["Acrobatics","Deadly Poison"],"picked":"Well Laid Plans"},{"not_picked":["Underhanded Strike","Dagger Spray"],"picked":"Finisher"},{"not_picked":["PiercingWail","Flying Knee"],"picked":"Heel Hook"},{"not_picked":["Flying Knee","Concentrate"],"picked":"Unload"},{"not_picked":["Slice","Sucker Punch"],"picked":"Endless Agony"},{"not_picked":["Dagger Spray","Blur"],"picked":"Deflect"},{"not_picked":["Doppelganger","Unload"],"picked":"A Thousand Cuts"},{"not_picked":["Dagger Throw","PiercingWail"],"picked":"Dagger Spray"},{"not_picked":["Acrobatics","Quick Slash"],"picked":"Escape Plan"}],"player_experience":204081,"potions_floor_usage":[3,7,14,16,22],"damage_taken":[{"damage":0,"enemies":"Jaw Worm","floor":1,"turns":4},{"damage":0,"enemies":"2 Louse","floor":3,"turns":5},{"damage":17,"enemies":"Lagavulin","floor":7,"turns":6},{"damage":0,"enemies":"Cultist","floor":8,"turns":3},{"damage":9,"enemies":"3 Sentries","floor":10,"turns":7},{"damage":2,"enemies":"2 Fungi Beasts","floor":11,"turns":3},{"damage":27,"enemies":"Gremlin Nob","floor":12,"turns":4},{"damage":2,"enemies":"Blue Slaver","floor":13,"turns":3},{"damage":2,"enemies":"3 Sentries","floor":14,"turns":7},{"damage":24,"enemies":"Slime Boss","floor":16,"turns":8},{"damage":15,"enemies":"Shell Parasite","floor":18,"turns":5},{"damage":15,"enemies":"2 Thieves","floor":21,"turns":4},{"damage":62,"enemies":"Cultist and Chosen","floor":22,"turns":7}],"event_choices":[{"event_name":"Living Wall","player_choice":"Change","floor":2,"damage_taken":0},{"event_name":"Shining Light","player_choice":"Entered Light","floor":4,"damage_taken":0},{"event_name":"The Cleric","player_choice":"Healed","floor":5,"damage_taken":0},{"event_name":"Vampires","player_choice":"Ignored","floor":19,"damage_taken":0},{"event_name":"The Library","player_choice":"Heal","floor":20,"damage_taken":0}],"boss_relics":[{"not_picked":["Runic Dome","Snecko Eye"],"picked":"Calling Bell"}],"potions_floor_spawned":[1,3,11,12,16],"seed_played":"8809497106627266714","killed_by":"Cultist and Chosen","ascension_level":6,"is_trial":false}