{"gold_per_floor":[116,92,111,111,111,111,149,161,222,249,284,327,353,400,412,424],"floor_reached":16,"playtime":417,"items_purged":[],"score":195,"play_id":"902e9e9e-e6a4-49d2-a090-f90197c349b8","local_time":"20181019112309","is_ascension_mode":true,"campfire_choices":[{"data":"Dagger Spray","floor":6,"key":"SMITH"},{"floor":8,"key":"REST"},{"data":"Venomology","floor":15,"key":"SMITH"}],"neow_cost":"NONE","seed_source_timestamp":754078768291674,"circlet_count":0,"master_deck":["Defend_G","Defend_G","Defend_G","Defend_G","Defend_G","Strike_G","Strike_G","Strike_G","Strike_G","Survivor","Neutralize","AscendersBane","Venomology+1","Dagger Spray+1","Dagger Spray","Prepared","Dagger Spray","Footwork","Backstab","Deflect","Slice"],"relics":["Ring of the Snake","Golden Idol","MawBank","Centennial Puzzle","Blood Vial","Paper Crane","Ancient Tea Set"],"potions_floor_usage":[3,7,7,10,12,12,13,14,16],"damage_taken":[{"damage":0,"enemies":"Small Slimes","floor":1,"turns":5},{"damage":8,"enemies":"Jaw Worm","floor":3,"turns":5},{"damage":25,"enemies":"3 Sentries","floor":7,"turns":6},{"damage":0,"enemies":"Cultist","floor":10,"turns":3},{"damage":18,"enemies":"Gremlin Nob","floor":12,"turns":4},{"damage":6,"enemies":"Exordium Wildlife","floor":13,"turns":3},{"damage":10,"enemies":"3 Sentries","floor":14,"turns":4},{"damage":53,"enemies":"The Guardian","floor":16,"turns":8}],"seed_played":"4459367389420057253","potions_obtained":[{"floor":3,"key":"Regen Potion"},{"floor":10,"key":"SkillPotion"}],"is_trial":false,"path_per_floor":["M","$","M","?","?","R","E","R","T","M","T","E","M","E","R"],"character_chosen":"THE_SILENT","items_purchased":["Dagger Spray"],"campfire_rested":1,"item_purchase_floors":[2],"current_hp_per_floor":[63,63,55,48,48,48,38,57,57,57,57,41,37,41,41,0],"gold":424,"neow_bonus":"ONE_RANDOM_RARE_CARD","is_prod":false,"is_daily":false,"chose_seed":false,"campfire_upgraded":2,"win_rate":0,"timestamp":1539973389,"path_taken":["M","$","M","?","?","R","E","R","T","M","?","E","M","E","R","BOSS"],"build_version":"2018-10-18","purchased_purges":0,"victory":false,"max_hp_per_floor":[70,70,70,70,65,65,65,65,65,65,65,65,65,65,65,65],"card_choices":[{"not_picked":["Acrobatics","Catalyst"],"picked":"Dagger Spray","floor":1},{"not_picked":["Outmaneuver","Caltrops"],"picked":"Prepared","floor":3},{"not_picked":["Blade Dance","Quick Slash"],"picked":"Dagger Spray","floor":7},{"not_picked":["Blade Dance","Acrobatics"],"picked":"Footwork","floor":10},{"not_picked":["Bane","Distraction"],"picked":"Backstab","floor":12},{"not_picked":["Tools of the Trade","Dodge and Roll"],"picked":"Deflect","floor":13},{"not_picked":["Cloak And Dagger","Dagger Spray"],"picked":"Slice","floor":14}],"player_experience":558478,"relics_obtained":[{"floor":7,"key":"MawBank"},{"floor":9,"key":"Centennial Puzzle"},{"floor":11,"key":"Blood Vial"},{"floor":12,"key":"Paper Crane"},{"floor":14,"key":"Ancient Tea Set"}],"event_choices":[{"cards_removed":["Strike_G"],"damage_healed":0,"gold_gain":0,"player_choice":"Card Removal","damage_taken":7,"max_hp_gain":0,"max_hp_loss":0,"event_name":"Golden Wing","floor":4,"gold_loss":0},{"damage_healed":0,"gold_gain":0,"player_choice":"Lose Max HP","damage_taken":0,"relics_obtained":["Golden Idol"],"max_hp_gain":0,"max_hp_loss":5,"event_name":"Golden Idol","floor":5,"gold_loss":0}],"is_beta":false,"boss_relics":[],"items_purged_floors":[],"is_endless":false,"potions_floor_spawned":[3,10],"killed_by":"The Guardian","ascension_level":13}