{"gold_per_floor":[113,70,141,291,291,291,305,1,1,1,15,47,22,42,42,42],"floor_reached":16,"playtime":668,"items_purged":[],"score":186,"play_id":"3a4d2212-8c0b-4c3b-8574-8f3044034494","local_time":"20190413165217","is_ascension_mode":true,"campfire_choices":[{"data":"Genetic Algorithm","floor":6,"key":"SMITH"},{"floor":15,"key":"REST"}],"neow_cost":"NONE","seed_source_timestamp":114451656421365,"circlet_count":0,"master_deck":["AscendersBane","Strike_B","Strike_B","Strike_B","Strike_B","Defend_B","Defend_B","Defend_B","Defend_B","Zap","Dualcast","Meteor Strike","Cold Snap","Genetic Algorithm+1","Doubt","Compile Driver","FTL","Seek","Stack","Capacitor"],"relics":["Cracked Core","Omamori","Tiny Chest","Lantern","Cables","Dodecahedron"],"potions_floor_usage":[11,12,14],"damage_taken":[{"damage":3,"enemies":"2 Louse","floor":1,"turns":2},{"damage":5,"enemies":"Small Slimes","floor":7,"turns":4},{"damage":1,"enemies":"Cultist","floor":11,"turns":3},{"damage":11,"enemies":"Gremlin Nob","floor":12,"turns":3},{"damage":15,"enemies":"Exordium Thugs","floor":14,"turns":5},{"damage":43,"enemies":"Hexaghost","floor":16,"turns":11}],"seed_played":"-6495979735194242637","potions_obtained":[{"floor":1,"key":"Energy Potion"},{"floor":11,"key":"FocusPotion"},{"floor":12,"key":"Poison Potion"}],"is_trial":false,"path_per_floor":["M","$","?","?","?","R","M","$","T","?","M","E","$","M","R","B"],"character_chosen":"DEFECT","items_purchased":["Genetic Algorithm","Tiny Chest","Lantern","Stack"],"campfire_rested":1,"item_purchase_floors":[2,8,8,13],"current_hp_per_floor":[61,61,61,61,50,50,45,45,45,45,44,33,33,18,39,0],"gold":42,"neow_bonus":"ONE_RANDOM_RARE_CARD","is_prod":false,"is_daily":false,"chose_seed":false,"campfire_upgraded":1,"win_rate":0,"timestamp":1555170737,"path_taken":["M","$","?","?","?","R","M","?","T","?","?","E","?","M","R","BOSS"],"build_version":"2019-01-23","purchased_purges":0,"victory":false,"max_hp_per_floor":[71,71,71,71,71,71,71,71,71,71,71,71,71,71,71,71],"card_choices":[{"not_picked":["Sunder","Heatsinks"],"picked":"Cold Snap","floor":1},{"not_picked":["Melter","Rebound"],"picked":"Compile Driver","floor":7},{"not_picked":["Sweeping Beam","Stack"],"picked":"FTL","floor":11},{"not_picked":["Stack","Tempest"],"picked":"Seek","floor":12},{"not_picked":["Hologram","Tempest"],"picked":"Capacitor","floor":14}],"player_experience":1067725,"relics_obtained":[{"floor":9,"key":"Cables"},{"floor":12,"key":"Dodecahedron"}],"event_choices":[{"damage_healed":0,"gold_gain":71,"player_choice":"Gained Gold","damage_taken":0,"max_hp_gain":0,"max_hp_loss":0,"event_name":"Golden Wing","floor":3,"gold_loss":0},{"damage_healed":0,"gold_gain":150,"player_choice":"AGREE","damage_taken":0,"max_hp_gain":0,"max_hp_loss":0,"event_name":"Liars Game","floor":4,"gold_loss":0,"cards_obtained":["Doubt"]},{"damage_healed":0,"gold_gain":0,"player_choice":"Success","damage_taken":11,"relics_obtained":["Omamori"],"max_hp_gain":0,"max_hp_loss":0,"event_name":"Scrap Ooze","floor":5,"gold_loss":0},{"damage_healed":0,"gold_gain":0,"player_choice":"Leave","damage_taken":0,"max_hp_gain":0,"max_hp_loss":0,"event_name":"The Cleric","floor":10,"gold_loss":0}],"is_beta":false,"boss_relics":[],"items_purged_floors":[],"is_endless":false,"potions_floor_spawned":[1,11,12],"killed_by":"Hexaghost","ascension_level":18}