{"gold_per_floor":[210,21,21,37,37,71,71,71,95,130,143,173,189,9,9,83,83,95,95,95,115,130,130],"floor_reached":23,"playtime":1943,"items_purged":["Defend_R"],"score":366,"play_id":"39962ea5-1fd6-4d7d-bbbe-df94fae5c52f","local_time":"20181024193332","is_ascension_mode":true,"campfire_choices":[{"floor":8,"key":"REST"},{"floor":15,"key":"REST"}],"neow_cost":"NONE","seed_source_timestamp":1213974852910461,"circlet_count":0,"master_deck":["Strike_R","Strike_R","Strike_R","Strike_R","Strike_R","Defend_R","Defend_R","Bash","AscendersBane","Sword Boomerang","Offering+1","Warcry","Carnage","Disarm","Thunderclap","Fiend Fire","Sentinel","True Grit","Bludgeon","Havoc","Uppercut","Hemokinesis"],"relics":["Burning Blood","Juzu Bracelet","Art of War","Orichalcum","Charon\u0027s Ashes","Sozu","GremlinMask","MutagenicStrength"],"potions_floor_usage":[6,10,12,16,16],"damage_taken":[{"damage":15,"enemies":"Small Slimes","floor":1,"turns":4},{"damage":8,"enemies":"Jaw Worm","floor":4,"turns":3},{"damage":24,"enemies":"Gremlin Nob","floor":6,"turns":3},{"damage":21,"enemies":"3 Sentries","floor":10,"turns":6},{"damage":6,"enemies":"Cultist","floor":11,"turns":2},{"damage":18,"enemies":"Gremlin Nob","floor":12,"turns":3},{"damage":6,"enemies":"2 Fungi Beasts","floor":13,"turns":2},{"damage":23,"enemies":"Hexaghost","floor":16,"turns":9},{"damage":20,"enemies":"2 Thieves","floor":18,"turns":3},{"damage":6,"enemies":"Spheric Guardian","floor":21,"turns":1},{"damage":6,"enemies":"Snecko","floor":22,"turns":3},{"damage":53,"enemies":"Gremlin Leader","floor":23,"turns":2}],"seed_played":"7341168791002070205","potions_obtained":[{"floor":1,"key":"Explosive Potion"},{"floor":11,"key":"Swift Potion"},{"floor":13,"key":"AttackPotion"},{"floor":16,"key":"EssenceOfSteel"}],"is_trial":false,"path_per_floor":["M","$","?","M","?","E","?","R","T","E","M","E","M","$","R","B",null,"M","?","?","M","M"],"character_chosen":"IRONCLAD","items_purchased":["Offering","Poison Potion","True Grit","AttackPotion"],"campfire_rested":2,"item_purchase_floors":[2,2,14,14],"current_hp_per_floor":[59,59,59,57,50,32,32,54,54,39,39,27,27,27,49,32,64,50,50,50,50,50,0],"gold":130,"neow_bonus":"HUNDRED_GOLD","is_prod":false,"is_daily":false,"chose_seed":false,"campfire_upgraded":0,"win_rate":0,"timestamp":1540434812,"path_taken":["M","$","?","M","?","E","?","R","T","E","M","E","M","?","R","BOSS","M","?","?","M","M","E"],"build_version":"2018-10-18","purchased_purges":1,"victory":false,"max_hp_per_floor":[75,75,75,75,75,75,75,75,75,75,75,75,75,75,75,75,75,75,75,75,75,75,75],"card_choices":[{"not_picked":["Warcry","Second Wind"],"picked":"Sword Boomerang","floor":1},{"not_picked":["Combust","Metallicize"],"picked":"Warcry","floor":4},{"not_picked":["Sever Soul","Havoc"],"picked":"Carnage","floor":6},{"not_picked":["Berserk","Reckless Charge"],"picked":"Disarm","floor":10},{"not_picked":["Anger","Body Slam"],"picked":"Thunderclap","floor":11},{"not_picked":["Shrug It Off","Limit Break"],"picked":"Fiend Fire","floor":12},{"not_picked":["Armaments","Infernal Blade"],"picked":"Sentinel","floor":13},{"not_picked":["Juggernaut","Double Tap"],"picked":"Bludgeon","floor":16},{"not_picked":["Combust","Body Slam"],"picked":"Havoc","floor":18},{"not_picked":["True Grit","Flex"],"picked":"Uppercut","floor":21},{"not_picked":["Twin Strike","Blood for Blood"],"picked":"Hemokinesis","floor":22}],"player_experience":642236,"relics_obtained":[{"floor":6,"key":"Juzu Bracelet"},{"floor":9,"key":"Art of War"},{"floor":10,"key":"Orichalcum"},{"floor":12,"key":"Charon\u0027s Ashes"}],"event_choices":[{"damage_healed":0,"gold_gain":0,"player_choice":"Ignored","damage_taken":0,"max_hp_gain":0,"max_hp_loss":0,"event_name":"Shining Light","floor":3,"gold_loss":0},{"cards_removed":["Defend_R"],"damage_healed":0,"gold_gain":0,"player_choice":"Card Removal","damage_taken":7,"max_hp_gain":0,"max_hp_loss":0,"event_name":"Golden Wing","floor":5,"gold_loss":0},{"damage_healed":0,"gold_gain":0,"player_choice":"Grow","damage_taken":0,"max_hp_gain":0,"max_hp_loss":0,"event_name":"Living Wall","floor":7,"gold_loss":0,"cards_upgraded":["Offering"]},{"damage_healed":0,"gold_gain":0,"player_choice":"Trade","damage_taken":0,"relics_obtained":["GremlinMask"],"max_hp_gain":0,"max_hp_loss":0,"event_name":"FaceTrader","floor":19,"gold_loss":0},{"damage_healed":0,"gold_gain":0,"player_choice":"Inject Mutagens","damage_taken":0,"relics_obtained":["MutagenicStrength"],"max_hp_gain":0,"max_hp_loss":0,"event_name":"Drug Dealer","floor":20,"gold_loss":0}],"is_beta":false,"boss_relics":[{"not_picked":["Coffee Dripper","Calling Bell"],"picked":"Sozu"}],"items_purged_floors":[14],"is_endless":false,"potions_floor_spawned":[1,11,13,16,21],"killed_by":"Gremlin Leader","ascension_level":15}