{"gold_per_floor":[119,119,136,156,173,505,505,505,582,599,599,599,654,672,672,672],"floor_reached":16,"playtime":2294,"items_purged":[],"score":202,"play_id":"bbd6cf50-9b66-4ab3-aa84-7ed83f9fb9eb","local_time":"20190320110258","is_ascension_mode":true,"campfire_choices":[{"data":"Skewer","floor":7,"key":"SMITH"},{"floor":12,"key":"REST"},{"data":"Leg Sweep","floor":15,"key":"SMITH"}],"neow_cost":"NONE","seed_source_timestamp":564008240942775,"circlet_count":0,"master_deck":["AscendersBane","Defend_G","Defend_G","Defend_G","Defend_G","Defend_G","Strike_G","Strike_G","Strike_G","Survivor","Neutralize","Quick Slash","Infinite Blades","Dagger Throw","Leg Sweep+1","Skewer+1","Finisher","Die Die Die","Backflip","Dagger Spray"],"relics":["Ring of the Snake","Old Coin","Question Card","Tiny Chest"],"potions_floor_usage":[6,6,13,16,16],"damage_taken":[{"damage":4,"enemies":"Jaw Worm","floor":1,"turns":6},{"damage":0,"enemies":"Small Slimes","floor":3,"turns":4},{"damage":0,"enemies":"Cultist","floor":4,"turns":4},{"damage":3,"enemies":"3 Louse","floor":5,"turns":6},{"damage":10,"enemies":"Lagavulin","floor":6,"turns":11},{"damage":22,"enemies":"Exordium Wildlife","floor":10,"turns":7},{"damage":8,"enemies":"Gremlin Nob","floor":13,"turns":3},{"damage":0,"enemies":"Large Slime","floor":14,"turns":6},{"damage":32,"enemies":"Slime Boss","floor":16,"turns":8}],"seed_played":"1765098482114802220","potions_obtained":[{"floor":1,"key":"EssenceOfSteel"},{"floor":3,"key":"Swift Potion"},{"floor":10,"key":"PowerPotion"},{"floor":13,"key":"Block Potion"},{"floor":14,"key":"PowerPotion"}],"is_trial":false,"path_per_floor":["M","?","M","M","M","E","R","?","T","M","?","R","E","M","R","B"],"character_chosen":"THE_SILENT","items_purchased":[],"campfire_rested":1,"item_purchase_floors":[],"current_hp_per_floor":[61,61,61,61,58,48,48,41,41,19,19,40,32,32,32,0],"gold":672,"neow_bonus":"TEN_PERCENT_HP_BONUS","is_prod":false,"is_daily":false,"chose_seed":false,"campfire_upgraded":2,"win_rate":0,"timestamp":1553079778,"path_taken":["M","?","M","M","M","E","R","?","T","M","?","R","E","M","R","BOSS"],"build_version":"2019-01-23","purchased_purges":0,"victory":false,"max_hp_per_floor":[72,72,72,72,72,72,72,72,72,72,72,72,72,72,72,72],"card_choices":[{"not_picked":["Blur","PiercingWail"],"picked":"Quick Slash","floor":1},{"not_picked":["Outmaneuver","Expertise"],"picked":"Infinite Blades","floor":3},{"not_picked":["Concentrate","Deflect"],"picked":"Dagger Throw","floor":4},{"not_picked":["Finisher","Dagger Throw"],"picked":"Leg Sweep","floor":5},{"not_picked":["Blade Dance","Dagger Spray"],"picked":"Skewer","floor":6},{"not_picked":["Deflect","Blade Dance","Leg Sweep"],"picked":"Finisher","floor":10},{"not_picked":["Distraction","Footwork","Finisher"],"picked":"Backflip","floor":13},{"not_picked":["Deflect","Outmaneuver","Acrobatics"],"picked":"Dagger Spray","floor":14}],"player_experience":669592,"relics_obtained":[{"floor":6,"key":"Old Coin"},{"floor":9,"key":"Question Card"},{"floor":13,"key":"Tiny Chest"}],"event_choices":[{"damage_healed":0,"gold_gain":0,"player_choice":"Ignored","damage_taken":0,"max_hp_gain":0,"max_hp_loss":0,"event_name":"Shining Light","floor":2,"gold_loss":0},{"cards_removed":["Strike_G"],"damage_healed":0,"gold_gain":0,"player_choice":"Card Removal","damage_taken":7,"max_hp_gain":0,"max_hp_loss":0,"event_name":"Golden Wing","floor":8,"gold_loss":0},{"damage_healed":0,"gold_gain":0,"cards_transformed":["Strike_G"],"player_choice":"Transformed","damage_taken":0,"max_hp_gain":0,"max_hp_loss":0,"event_name":"Transmorgrifier","floor":11,"gold_loss":0,"cards_obtained":["Die Die Die"]}],"is_beta":false,"boss_relics":[],"items_purged_floors":[],"is_endless":false,"potions_floor_spawned":[1,3,10,13,14],"killed_by":"Slime Boss","ascension_level":16}