{"gold_per_floor":[119,139,149,28,28,28,60,60,83,83,94,124,124,73,73,177,177,197,217,10,25,0,25,25,43,67,67,79,79,109,109,109,207,207,218,0,12,12,26,26,56,56,56,56,74,91,101,114,114,114],"floor_reached":50,"playtime":1662,"items_purged":["Shame"],"score":600,"play_id":"1793fd45-f3fd-438a-b82a-f07eae800861","local_time":"20190321225018","is_ascension_mode":true,"campfire_choices":[{"data":"Bash","floor":6,"key":"SMITH"},{"data":"Uppercut","floor":8,"key":"SMITH"},{"data":"Bludgeon","floor":10,"key":"SMITH"},{"floor":13,"key":"REST"},{"data":"True Grit","floor":15,"key":"SMITH"},{"floor":24,"key":"REST"},{"floor":27,"key":"REST"},{"data":"Demon Form","floor":29,"key":"SMITH"},{"floor":32,"key":"RECALL"},{"data":"Impervious","floor":40,"key":"SMITH"},{"data":"Perfected Strike","floor":42,"key":"SMITH"},{"floor":49,"key":"REST"}],"neow_cost":"CURSE","seed_source_timestamp":22179935986000,"circlet_count":0,"master_deck":["Strike_R","Strike_R+1","Strike_R","Defend_R","Defend_R","Defend_R","Defend_R","Bash+1","Uppercut+1","Bludgeon+1","Pommel Strike","Sword Boomerang","Perfected Strike+1","Deep Breath","Pommel Strike+1","Anger","True Grit+1","Cleave","Demon Form+1","Armaments+1","Havoc+1","Shrug It Off","Impervious+1","Twin Strike","Double Tap","Thunderclap+1","Body Slam+1","Disarm","Feed","Clothesline+1","Twin Strike+1","Offering","Heavy Blade+1","Dark Embrace"],"relics":["Burning Blood","Orichalcum","Strawberry","Dream Catcher","Philosopher\u0027s Stone","Oddly Smooth Stone","Anchor","PreservedInsect","Eternal Feather","Red Mask","Whetstone","Omamori"],"potions_floor_usage":[7,7,16,19,21,28,30,41,46,47,50],"damage_taken":[{"damage":0,"enemies":"Cultist","floor":1,"turns":2},{"damage":3,"enemies":"Small Slimes","floor":2,"turns":3},{"damage":3,"enemies":"2 Louse","floor":3,"turns":3},{"damage":46,"enemies":"Lagavulin","floor":7,"turns":6},{"damage":33,"enemies":"Gremlin Gang","floor":11,"turns":5},{"damage":20,"enemies":"Gremlin Nob","floor":12,"turns":4},{"damage":19,"enemies":"The Guardian","floor":16,"turns":10},{"damage":5,"enemies":"Chosen","floor":18,"turns":4},{"damage":27,"enemies":"2 Thieves","floor":19,"turns":4},{"damage":21,"enemies":"Snake Plant","floor":21,"turns":4},{"damage":22,"enemies":"Slavers","floor":23,"turns":5},{"damage":23,"enemies":"Centurion and Healer","floor":25,"turns":6},{"damage":5,"enemies":"Snecko","floor":28,"turns":3},{"damage":38,"enemies":"Book of Stabbing","floor":30,"turns":5},{"damage":31,"enemies":"Champ","floor":33,"turns":8},{"damage":6,"enemies":"3 Shapes","floor":35,"turns":3},{"damage":13,"enemies":"Orb Walker","floor":37,"turns":5},{"damage":8,"enemies":"Jaw Worm Horde","floor":39,"turns":4},{"damage":30,"enemies":"Reptomancer","floor":41,"turns":4},{"damage":24,"enemies":"4 Shapes","floor":45,"turns":3},{"damage":29,"enemies":"Writhing Mass","floor":46,"turns":5},{"damage":16,"enemies":"Jaw Worm Horde","floor":47,"turns":4},{"damage":1,"enemies":"Maw","floor":48,"turns":6},{"damage":87,"enemies":"Donu and Deca","floor":50,"turns":6}],"seed_played":"7495298902698899846","potions_obtained":[{"floor":1,"key":"Regen Potion"},{"floor":2,"key":"SpeedPotion"},{"floor":16,"key":"Energy Potion"},{"floor":19,"key":"LiquidBronze"},{"floor":25,"key":"Weak Potion"},{"floor":28,"key":"Energy Potion"},{"floor":35,"key":"GamblersBrew"},{"floor":37,"key":"Poison Potion"},{"floor":46,"key":"SteroidPotion"},{"floor":47,"key":"LiquidBronze"},{"floor":48,"key":"GamblersBrew"}],"is_trial":false,"path_per_floor":["M","M","M","$","?","R","E","R","T","R","M","E","R","$","R","B",null,"M","M","$","M","?","E","R","M","T","R","M","R","E","?","R","B",null,"M","?","M","?","M","R","E","R","T","T","M","M","M","M","R","B"],"character_chosen":"IRONCLAD","items_purchased":["Perfected Strike","SteroidPotion","Shrug It Off","Impervious"],"campfire_rested":4,"item_purchase_floors":[4,14,20,20],"current_hp_per_floor":[80,80,80,80,80,80,52,52,59,59,32,18,44,44,44,31,87,87,66,66,51,51,35,61,44,44,70,71,71,39,68,68,43,87,87,87,83,90,91,93,69,87,87,87,69,46,36,41,86,0],"gold":114,"neow_bonus":"TRANSFORM_TWO_CARDS","is_prod":false,"is_daily":false,"chose_seed":false,"campfire_upgraded":7,"win_rate":0,"timestamp":1553233818,"path_taken":["M","M","M","$","?","R","E","R","T","R","M","E","R","?","R","BOSS","M","M","$","M","?","E","R","M","T","R","M","R","E","?","R","BOSS","M","?","M","?","?","R","E","R","T","?","M","M","?","M","R","BOSS"],"build_version":"2019-03-15","purchased_purges":1,"victory":false,"max_hp_per_floor":[80,80,80,80,80,80,80,80,87,87,87,87,87,87,87,87,87,87,87,87,87,87,87,87,87,87,87,87,87,87,87,87,87,87,87,87,90,90,93,93,93,93,93,93,93,93,93,93,93,93],"card_choices":[{"not_picked":["Intimidate","Warcry"],"picked":"Pommel Strike","floor":1},{"not_picked":["Evolve","Shockwave"],"picked":"Sword Boomerang","floor":2},{"not_picked":["Rupture","Infernal Blade"],"picked":"Fire Breathing","floor":3},{"not_picked":["Shockwave","Searing Blow"],"picked":"Pommel Strike","floor":7},{"not_picked":["Seeing Red","Sentinel"],"picked":"Anger","floor":11},{"not_picked":["Ghostly Armor","Uppercut"],"picked":"True Grit","floor":12},{"not_picked":["Flex","Warcry"],"picked":"Cleave","floor":13},{"not_picked":["Juggernaut","Double Tap"],"picked":"Demon Form","floor":16},{"not_picked":["Rage","Sever Soul"],"picked":"Armaments+1","floor":18},{"not_picked":["Spot Weakness","Anger"],"picked":"Havoc+1","floor":19},{"not_picked":["Intimidate","Perfected Strike","Armaments"],"picked":"SKIP","floor":21},{"not_picked":["Iron Wave","Uppercut+1"],"picked":"Twin Strike","floor":23},{"not_picked":["Intimidate+1","Headbutt"],"picked":"Double Tap","floor":24},{"not_picked":["Carnage","Intimidate"],"picked":"Thunderclap+1","floor":25},{"not_picked":["Sever Soul","True Grit"],"picked":"Body Slam+1","floor":27},{"not_picked":["Pommel Strike","Warcry+1","Anger"],"picked":"SKIP","floor":28},{"not_picked":["Seeing Red+1","Wild Strike"],"picked":"Disarm","floor":30},{"not_picked":["Double Tap","Brutality"],"picked":"Feed","floor":33},{"not_picked":["Armaments","Shrug It Off+1"],"picked":"Clothesline+1","floor":35},{"not_picked":["Shrug It Off","Wild Strike"],"picked":"Twin Strike+1","floor":37},{"not_picked":["Headbutt","Warcry+1"],"picked":"Offering","floor":39},{"not_picked":["Power Through+1","Cleave+1","Warcry"],"picked":"SKIP","floor":41},{"not_picked":["Wild Strike","Perfected Strike","Armaments"],"picked":"SKIP","floor":45},{"not_picked":["Rupture","Thunderclap+1"],"picked":"Heavy Blade+1","floor":46},{"not_picked":["Clothesline+1","Rage+1"],"picked":"Dark Embrace","floor":47},{"not_picked":["Bloodletting+1","Warcry+1","Shrug It Off"],"picked":"SKIP","floor":48}],"player_experience":598868,"relics_obtained":[{"floor":7,"key":"Orichalcum"},{"floor":9,"key":"Strawberry"},{"floor":12,"key":"Dream Catcher"},{"floor":23,"key":"Oddly Smooth Stone"},{"floor":26,"key":"Anchor"},{"floor":30,"key":"PreservedInsect"},{"floor":41,"key":"Whetstone"},{"floor":44,"key":"Omamori"}],"event_choices":[{"damage_healed":0,"gold_gain":0,"player_choice":"1 cards matched","damage_taken":0,"max_hp_gain":0,"max_hp_loss":0,"event_name":"Match and Keep!","floor":5,"gold_loss":0,"cards_obtained":["Deep Breath"]},{"damage_healed":0,"gold_gain":0,"player_choice":"Paid Fearfully","damage_taken":0,"max_hp_gain":0,"max_hp_loss":0,"event_name":"Masked Bandits","floor":22,"gold_loss":25},{"damage_healed":29,"gold_gain":0,"player_choice":"Heal","damage_taken":0,"max_hp_gain":0,"max_hp_loss":0,"event_name":"The Library","floor":31,"gold_loss":0},{"damage_healed":0,"gold_gain":0,"player_choice":"Paid","damage_taken":0,"relics_obtained":["Red Mask"],"max_hp_gain":0,"max_hp_loss":0,"event_name":"Tomb of Lord Red Mask","floor":36,"gold_loss":218},{"cards_removed":["Fire Breathing"],"damage_healed":7,"gold_gain":0,"player_choice":"Offered Uncommon","damage_taken":0,"max_hp_gain":0,"max_hp_loss":0,"event_name":"Bonfire Elementals","floor":38,"gold_loss":0}],"is_beta":true,"boss_relics":[{"not_picked":["Coffee Dripper","Calling Bell"],"picked":"Philosopher\u0027s Stone"},{"not_picked":["Runic Cube","Sozu"],"picked":"Eternal Feather"}],"items_purged_floors":[4],"is_endless":false,"potions_floor_spawned":[1,2,16,19,25,28,35,37,46,47,48],"killed_by":"Donu and Deca","ascension_level":3}