{"gold_per_floor":[365,376,47,59,74,104,104,135,161,161,61,86,161,66,66,161,161,180,199,218,218,218,246,165,165,192,192,192,192,203,233,233,233],"floor_reached":33,"playtime":3479,"items_purged":["Parasite","Strike_B"],"score":547,"play_id":"e763562e-5504-47f3-b027-12c406c485ad","local_time":"20190402163718","is_ascension_mode":true,"campfire_choices":[{"data":"Zap","floor":7,"key":"SMITH"},{"floor":10,"key":"REST"},{"data":"Defragment","floor":15,"key":"SMITH"},{"data":"Self Repair","floor":25,"key":"SMITH"},{"data":"Creative AI","floor":28,"key":"SMITH"},{"data":"Ghostly","floor":32,"key":"SMITH"}],"neow_cost":"CURSE","seed_source_timestamp":370824938877670,"circlet_count":0,"master_deck":["AscendersBane","Strike_B","Strike_B","Strike_B","Defend_B","Defend_B+1","Defend_B","Defend_B","Zap+1","Dualcast","Gash","Sweeping Beam","Chill","FTL","Cold Snap","Loop","Defragment+1","Rebound","Self Repair+1","Turbo","Creative AI+1","Static Discharge+1","Steam+1","Auto Shields","Ghostly+1","Ghostly","Ghostly","Ghostly","Ghostly","Gash"],"relics":["Cracked Core","PreservedInsect","Dead Branch","Regal Pillow","Bronze Scales","Oddly Smooth Stone","White Beast Statue","War Paint","Centennial Puzzle","Orichalcum","Blood Vial"],"potions_floor_usage":[8,12,19,20,20,23],"damage_taken":[{"damage":1,"enemies":"Cultist","floor":1,"turns":4},{"damage":2,"enemies":"Jaw Worm","floor":2,"turns":3},{"damage":0,"enemies":"Small Slimes","floor":4,"turns":2},{"damage":4,"enemies":"Looter","floor":5,"turns":3},{"damage":14,"enemies":"Lagavulin","floor":6,"turns":6},{"damage":16,"enemies":"3 Sentries","floor":8,"turns":3},{"damage":18,"enemies":"Lagavulin","floor":12,"turns":6},{"damage":28,"enemies":"The Guardian","floor":16,"turns":12},{"damage":20,"enemies":"Chosen","floor":18,"turns":5},{"damage":16,"enemies":"Shell Parasite","floor":19,"turns":2},{"damage":10,"enemies":"Cultist and Chosen","floor":20,"turns":6},{"damage":10,"enemies":"Gremlin Leader","floor":23,"turns":5},{"damage":6,"enemies":"Chosen and Byrds","floor":30,"turns":6},{"damage":0,"enemies":"Slavers","floor":31,"turns":7},{"damage":38,"enemies":"Champ","floor":33,"turns":9}],"seed_played":"4405946482725902863","potions_obtained":[{"floor":1,"key":"Energy Potion"},{"floor":4,"key":"Explosive Potion"},{"floor":16,"key":"Strength Potion"},{"floor":18,"key":"FearPotion"},{"floor":19,"key":"Dexterity Potion"},{"floor":20,"key":"Block Potion"},{"floor":23,"key":"Ancient Potion"},{"floor":30,"key":"FearPotion"}],"is_trial":false,"path_per_floor":["M","M","$","M","M","E","R","E","T","R","$","E","?","$","R","B",null,"M","M","M","?","?","E","$","R","T","?","R","?","M","E","R","B"],"character_chosen":"DEFECT","items_purchased":["PreservedInsect","Chill","FTL","Self Repair","Turbo","Auto Shields"],"campfire_rested":1,"item_purchase_floors":[3,3,3,14,14,24],"current_hp_per_floor":[67,65,65,65,61,47,47,31,31,67,67,49,38,38,38,17,58,45,29,26,13,38,35,35,35,35,35,35,35,38,38,38,0],"gold":233,"neow_bonus":"TWO_FIFTY_GOLD","is_prod":false,"is_daily":false,"chose_seed":false,"campfire_upgraded":5,"win_rate":0,"timestamp":1554219438,"path_taken":["M","M","$","?","M","E","R","E","T","R","$","E","?","$","R","BOSS","M","M","M","?","?","E","$","R","T","?","R","?","M","E","R","BOSS"],"build_version":"2019-01-23","purchased_purges":2,"victory":false,"max_hp_per_floor":[75,75,72,72,72,72,72,72,72,72,72,72,72,72,72,72,72,72,72,72,77,77,77,77,77,77,38,38,38,38,38,38,38],"card_choices":[{"not_picked":["Tempest","Steam"],"picked":"Gash","floor":1},{"not_picked":["Double Energy","Cold Snap"],"picked":"Sweeping Beam","floor":2},{"not_picked":["Steam Power","Heatsinks","Doom and Gloom"],"picked":"SKIP","floor":4},{"not_picked":["Loop","Amplify"],"picked":"Cold Snap","floor":5},{"not_picked":["Turbo","Rebound"],"picked":"Loop","floor":6},{"not_picked":["Heatsinks","Beam Cell"],"picked":"Defragment","floor":8},{"not_picked":["Streamline","Steam"],"picked":"Rebound","floor":12},{"not_picked":["Rainbow","Core Surge"],"picked":"Creative AI","floor":16},{"not_picked":["Defragment","Stack"],"picked":"Static Discharge+1","floor":18},{"not_picked":["Steam Power","Sweeping Beam","Chaos+1"],"picked":"SKIP","floor":19},{"not_picked":["Blizzard","Barrage"],"picked":"Steam","floor":20},{"not_picked":["Reinforced Body","Chill+1","Sweeping Beam"],"picked":"SKIP","floor":23},{"not_picked":["Leap","Go for the Eyes+1"],"picked":"Gash","floor":30},{"not_picked":["Rip and Tear+1","Hyperbeam","Darkness"],"picked":"SKIP","floor":31}],"player_experience":889662,"relics_obtained":[{"floor":6,"key":"Dead Branch"},{"floor":8,"key":"Regal Pillow"},{"floor":9,"key":"Bronze Scales"},{"floor":12,"key":"Oddly Smooth Stone"},{"floor":23,"key":"War Paint"},{"floor":26,"key":"Centennial Puzzle"},{"floor":31,"key":"Blood Vial"}],"event_choices":[{"damage_healed":0,"gold_gain":75,"player_choice":"Gather Gold","damage_taken":11,"max_hp_gain":0,"max_hp_loss":0,"event_name":"World of Goop","floor":13,"gold_loss":0},{"damage_healed":0,"gold_gain":0,"player_choice":"Shed Blood","damage_taken":18,"max_hp_gain":5,"max_hp_loss":0,"event_name":"Forgotten Altar","floor":21,"gold_loss":0},{"damage_healed":25,"gold_gain":0,"player_choice":"Heal","damage_taken":0,"max_hp_gain":0,"max_hp_loss":0,"event_name":"The Library","floor":22,"gold_loss":0},{"damage_healed":0,"gold_gain":0,"player_choice":"Became a Ghost","damage_taken":0,"max_hp_gain":0,"max_hp_loss":39,"event_name":"Ghosts","floor":27,"gold_loss":0,"cards_obtained":["Ghostly","Ghostly","Ghostly","Ghostly","Ghostly"]},{"damage_healed":0,"gold_gain":0,"player_choice":"Opened","damage_taken":0,"relics_obtained":["Orichalcum"],"max_hp_gain":0,"max_hp_loss":0,"event_name":"The Mausoleum","floor":29,"gold_loss":0}],"is_beta":false,"boss_relics":[{"not_picked":["Empty Cage","Tiny House"],"picked":"White Beast Statue"}],"items_purged_floors":[3,11],"is_endless":false,"potions_floor_spawned":[1,4,16,18,19,20,23,30,31],"killed_by":"Champ","ascension_level":12}