{"gold_per_floor":[367,367,21,21,21,21,31,31,56,86,113,127,162,178,178,178],"floor_reached":16,"playtime":455,"items_purged":[],"score":194,"play_id":"9a8f3b5d-7138-477d-a2fb-fa7ed2ffa778","local_time":"20190106150410","is_ascension_mode":true,"campfire_choices":[{"data":"Noxious Fumes","floor":6.0,"key":"SMITH"},{"data":"Leg Sweep","floor":8.0,"key":"SMITH"},{"floor":15,"key":"REST"}],"neow_cost":"TEN_PERCENT_HP_LOSS","seed_source_timestamp":0,"circlet_count":0,"master_deck":["AscendersBane","Defend_G","Defend_G","Defend_G","Defend_G","Defend_G","Strike_G","Strike_G","Strike_G","Strike_G","Survivor","Neutralize","Leg Sweep+1","Noxious Fumes+1","Skewer","Deadly Poison","Deflect","Crippling Poison"],"special_seed":0,"relics":["Ring of the Snake","Matryoshka","Omamori","Anchor","Shuriken","Centennial Puzzle"],"potions_floor_usage":[13,16],"damage_taken":[{"damage":3.0,"enemies":"Jaw Worm","floor":1.0,"turns":7.0},{"damage":0.0,"enemies":"Small Slimes","floor":7.0,"turns":4.0},{"damage":22.0,"enemies":"Gremlin Nob","floor":11.0,"turns":6.0},{"damage":0.0,"enemies":"2 Louse","floor":12.0,"turns":3.0},{"damage":15,"enemies":"3 Sentries","floor":13,"turns":6},{"damage":0,"enemies":"Blue Slaver","floor":14,"turns":5},{"damage":31,"enemies":"Slime Boss","floor":16,"turns":11}],"seed_played":"-8346446894108836742","potions_obtained":[{"floor":7.0,"key":"Explosive Potion"},{"floor":11.0,"key":"Ancient Potion"},{"floor":14,"key":"GhostInAJar"}],"is_trial":false,"path_per_floor":["M","?","$","?","$","R","M","R","T","?","E","M","E","M","R","B"],"character_chosen":"THE_SILENT","items_purchased":["Matryoshka","Noxious Fumes"],"campfire_rested":1,"item_purchase_floors":[3,3],"current_hp_per_floor":[56,49,49,49,49,49,49,49,49,49,27,27,12,12,30,0],"gold":178,"neow_bonus":"TWO_FIFTY_GOLD","is_prod":false,"is_daily":false,"chose_seed":false,"campfire_upgraded":2,"win_rate":0,"timestamp":1546815850,"path_taken":["M","?","$","?","?","R","M","R","T","?","E","M","E","M","R","BOSS"],"build_version":"2019-01-03v4","purchased_purges":0,"victory":false,"max_hp_per_floor":[60,60,60,60,60,60,60,60,60,60,60,60,60,60,60,60],"card_choices":[{"not_picked":["Slice","Dagger Spray"],"picked":"Leg Sweep","floor":1.0},{"not_picked":["Underhanded Strike","Masterful Stab"],"picked":"Skewer","floor":7.0},{"not_picked":["Caltrops","All Out Attack"],"picked":"Deadly Poison","floor":11.0},{"not_picked":["Noxious Fumes","Finisher"],"picked":"Deflect","floor":12},{"not_picked":["Dagger Throw","Flying Knee"],"picked":"Crippling Poison","floor":13},{"not_picked":["Dagger Throw","Expertise","Leg Sweep"],"picked":"SKIP","floor":14}],"player_experience":1058467,"relics_obtained":[{"floor":9.0,"key":"Omamori"},{"floor":9.0,"key":"Anchor"},{"floor":11.0,"key":"Shuriken"},{"floor":13,"key":"Centennial Puzzle"}],"event_choices":[{"cards_removed":["Strike_G"],"damage_healed":0.0,"max_hp_gain":0.0,"max_hp_loss":0.0,"gold_gain":0.0,"event_name":"Golden Wing","player_choice":"Card Removal","floor":2.0,"gold_loss":0.0,"damage_taken":7.0},{"damage_healed":0.0,"max_hp_gain":0.0,"max_hp_loss":0.0,"gold_gain":0.0,"event_name":"Liars Game","player_choice":"Ignored","floor":4.0,"gold_loss":0.0,"damage_taken":0.0},{"damage_healed":0.0,"max_hp_gain":0.0,"max_hp_loss":0.0,"gold_gain":30.0,"event_name":"Dead Adventurer","player_choice":"Searched \u00272\u0027 times","floor":10.0,"gold_loss":0.0,"damage_taken":0.0}],"is_beta":false,"boss_relics":[],"items_purged_floors":[],"is_endless":false,"potions_floor_spawned":[7,11,14],"killed_by":"Slime Boss","ascension_level":16}