{"gold_per_floor":[118,68,68,68,68,108,16,16,66,66,87,128,147,172,172,303,303,323,323,338,356,11,11,11,50,50,50,50,2,2,21,21,21],"floor_reached":33,"playtime":838,"items_purged":[],"score":320,"play_id":"bbd81d19-ef77-40e6-badb-1c89af5f3412","local_time":"20181014035252","is_ascension_mode":true,"campfire_choices":[{"data":"Zap","floor":8,"key":"SMITH"},{"data":"Beam Cell","floor":15,"key":"SMITH"},{"floor":24,"key":"REST"},{"data":"Sunder","floor":30,"key":"SMITH"},{"data":"Capacitor","floor":32,"key":"SMITH"}],"neow_cost":"NONE","seed_source_timestamp":294638361972057,"circlet_count":0,"master_deck":["Strike_B","Strike_B","Strike_B","Defend_B","Defend_B","Zap+1","Dualcast","Sweeping Beam","Compile Driver","FTL+1","Bandage Up","Steam","Ball Lightning","Beam Cell+1","White Noise+1","Rebound","Hello World+1","Sunder+1","Heatsinks","Amplify","Ball Lightning","Self Repair+1","Beam Cell","Capacitor+1"],"relics":["Cracked Core","Golden Idol","StoneCalendar","Centennial Puzzle","PreservedInsect","Eternal Feather","Strawberry","Oddly Smooth Stone","Ancient Tea Set"],"potions_floor_usage":[6,12,23,25,33],"damage_taken":[{"damage":9,"enemies":"Jaw Worm","floor":1,"turns":3},{"damage":16,"enemies":"Gremlin Nob","floor":6,"turns":3},{"damage":3,"enemies":"2 Louse","floor":11,"turns":3},{"damage":4,"enemies":"3 Sentries","floor":12,"turns":5},{"damage":0,"enemies":"Cultist","floor":13,"turns":2},{"damage":1,"enemies":"Looter","floor":14,"turns":2},{"damage":20,"enemies":"Slime Boss","floor":16,"turns":7},{"damage":22,"enemies":"2 Thieves","floor":18,"turns":3},{"damage":33,"enemies":"Shell Parasite","floor":20,"turns":3},{"damage":12,"enemies":"Centurion and Healer","floor":21,"turns":4},{"damage":0,"enemies":"Gremlin Leader","floor":23,"turns":3},{"damage":29,"enemies":"Book of Stabbing","floor":25,"turns":4},{"damage":16,"enemies":"Snecko","floor":31,"turns":3},{"damage":59,"enemies":"Automaton","floor":33,"turns":6}],"seed_played":"651362677808434843","potions_obtained":[{"floor":5,"key":"SmokeBomb"},{"floor":5,"key":"FocusPotion"},{"floor":5,"key":"EssenceOfSteel"},{"floor":11,"key":"Regen Potion"},{"floor":13,"key":"Weak Potion"},{"floor":21,"key":"Fire Potion"},{"floor":25,"key":"Weak Potion"},{"floor":31,"key":"Block Potion"}],"is_trial":false,"path_per_floor":["M","?","?","?","?","E","$","R","T","?","M","E","M","M","R","B",null,"M","?","M","M","$","E","R","E","T","?","?","$","R","M","R"],"character_chosen":"DEFECT","items_purchased":["Bandage Up","Heatsinks","Amplify","Ball Lightning","Strawberry","Beam Cell"],"campfire_rested":1,"item_purchase_floors":[7,22,22,22,22,29],"current_hp_per_floor":[66,66,59,59,59,43,43,43,43,66,66,66,66,65,65,49,69,51,51,22,14,21,21,55,42,42,42,42,42,54,38,50,0],"gold":21,"neow_bonus":"THREE_CARDS","is_prod":false,"is_daily":false,"chose_seed":false,"campfire_upgraded":4,"win_rate":0,"timestamp":1539514372,"path_taken":["M","?","?","?","?","E","?","R","T","?","M","E","M","M","R","BOSS","M","?","?","M","$","E","R","E","T","?","?","?","R","M","R","BOSS"],"build_version":"2018-10-11","purchased_purges":0,"victory":false,"max_hp_per_floor":[75,75,75,69,69,69,69,69,69,69,69,69,69,69,69,69,69,69,69,69,69,76,76,76,76,76,76,76,76,76,76,76,76],"card_choices":[{"not_picked":["Lockon","Undo"],"picked":"Sweeping Beam","floor":0},{"not_picked":["Conserve Battery","Stack"],"picked":"Compile Driver","floor":1},{"not_picked":["Reboot","Leap"],"picked":"FTL","floor":6},{"not_picked":["Tempest","Conserve Battery"],"picked":"Steam","floor":11},{"not_picked":["Coolheaded","Go for the Eyes"],"picked":"Ball Lightning","floor":12},{"not_picked":["Sweeping Beam","Barrage"],"picked":"Beam Cell","floor":13},{"not_picked":["Steam","Melter"],"picked":"White Noise","floor":14},{"not_picked":["Coolheaded","Steam"],"picked":"Rebound","floor":18},{"not_picked":["Double Energy","Beam Cell"],"picked":"Hello World+1","floor":20},{"not_picked":["Ball Lightning","Recycle"],"picked":"Sunder","floor":21},{"not_picked":["Coolheaded","Storm"],"picked":"Self Repair+1","floor":25},{"not_picked":["Skim","Force Field"],"picked":"Capacitor","floor":31}],"player_experience":491782,"relics_obtained":[{"floor":6,"key":"StoneCalendar"},{"floor":9,"key":"Centennial Puzzle"},{"floor":12,"key":"PreservedInsect"},{"floor":25,"key":"Oddly Smooth Stone"},{"floor":26,"key":"Ancient Tea Set"}],"event_choices":[{"event_name":"The Cleric","player_choice":"Card Removal","floor":2,"damage_taken":0},{"event_name":"Golden Wing","player_choice":"Card Removal","floor":3,"damage_taken":0},{"event_name":"Golden Idol","player_choice":"Lose Max HP","floor":4,"damage_taken":0},{"event_name":"The Lab","player_choice":"Got Potions","floor":5,"damage_taken":0},{"event_name":"Big Fish","player_choice":"Banana","floor":10,"damage_taken":0},{"event_name":"Upgrade Shrine","player_choice":"Upgraded","floor":19,"damage_taken":0},{"event_name":"Purifier","player_choice":"One Purge","floor":27,"damage_taken":0},{"event_name":"Accursed Blacksmith","player_choice":"Forge","floor":28,"damage_taken":0}],"is_beta":false,"boss_relics":[{"not_picked":["Runic Dome","Snecko Eye"],"picked":"Eternal Feather"}],"items_purged_floors":[],"is_endless":false,"potions_floor_spawned":[11,13,14,20,21,25,31],"killed_by":"Automaton","ascension_level":2}