{"gold_per_floor":[115,127,92,92,107,107,182,213,213,225,24,42,75,93,93,93],"floor_reached":16,"playtime":840,"items_purged":[],"score":207,"play_id":"ba7abffd-19cd-4992-874d-1e4d88b5d842","local_time":"20190411055043","is_ascension_mode":true,"campfire_choices":[{"data":"Metallicize","floor":6.0,"key":"SMITH"},{"data":"Armaments","floor":15.0,"key":"SMITH"}],"neow_cost":"NONE","seed_source_timestamp":0,"circlet_count":0,"master_deck":["AscendersBane","Strike_R","Strike_R","Strike_R","Strike_R","Strike_R","Defend_R","Defend_R","Defend_R","Defend_R","Bash+1","Metallicize+1","Anger","Armaments+1","Spot Weakness","Sword Boomerang","Pummel","Carnage"],"special_seed":0,"relics":["Burning Blood","Bag of Marbles","Blue Candle","Bag of Preparation","Blood Vial","Du-Vu Doll"],"potions_floor_usage":[],"damage_taken":[{"damage":11.0,"enemies":"Jaw Worm","floor":1.0,"turns":5.0},{"damage":13.0,"enemies":"Small Slimes","floor":2.0,"turns":4.0},{"damage":4.0,"enemies":"2 Louse","floor":5.0,"turns":3.0},{"damage":23.0,"enemies":"Lagavulin","floor":8.0,"turns":8.0},{"damage":9.0,"enemies":"Looter","floor":10.0,"turns":4.0},{"damage":8.0,"enemies":"Exordium Wildlife","floor":12.0,"turns":4.0},{"damage":7.0,"enemies":"3 Sentries","floor":13.0,"turns":6.0},{"damage":10.0,"enemies":"Gremlin Gang","floor":14.0,"turns":3.0},{"damage":52,"enemies":"Slime Boss","floor":16,"turns":6}],"seed_played":"-2040267915886064539","potions_obtained":[{"floor":1.0,"key":"Weak Potion"},{"floor":2.0,"key":"Energy Potion"},{"floor":8.0,"key":"PowerPotion"}],"is_trial":false,"path_per_floor":["M","M","?","?","M","R","?","E","T","M","$","M","E","M","R","B"],"character_chosen":"IRONCLAD","items_purchased":["Spot Weakness","Blood Vial"],"campfire_rested":0,"item_purchase_floors":[11,11],"current_hp_per_floor":[63,56,74,74,75,75,64,47,47,44,44,44,45,43,43,0],"gold":93,"neow_bonus":"RANDOM_COMMON_RELIC","is_prod":false,"is_daily":false,"chose_seed":false,"campfire_upgraded":2,"win_rate":0,"timestamp":1554976243,"path_taken":["M","M","?","?","M","R","?","E","T","M","?","M","E","?","R","BOSS"],"build_version":"2019-01-23","purchased_purges":0,"victory":false,"max_hp_per_floor":[75,75,75,75,75,75,75,75,75,75,75,75,75,75,75,75],"card_choices":[{"not_picked":["Thunderclap","Disarm"],"picked":"Metallicize","floor":1.0},{"not_picked":["Rage","Clash","Sever Soul"],"picked":"SKIP","floor":2.0},{"not_picked":["Warcry","Intimidate","Heavy Blade"],"picked":"SKIP","floor":5.0},{"not_picked":["Warcry","Sword Boomerang"],"picked":"Anger","floor":8.0},{"not_picked":["Thunderclap","Sword Boomerang"],"picked":"Armaments","floor":10.0},{"not_picked":["Dropkick","Flex"],"picked":"Sword Boomerang","floor":12.0},{"not_picked":["Sentinel","Intimidate"],"picked":"Pummel","floor":13.0},{"not_picked":["Blood for Blood","Combust"],"picked":"Carnage","floor":14.0}],"player_experience":347270,"relics_obtained":[{"floor":8.0,"key":"Blue Candle"},{"floor":9.0,"key":"Bag of Preparation"},{"floor":13.0,"key":"Du-Vu Doll"}],"event_choices":[{"damage_healed":18.0,"max_hp_gain":0.0,"max_hp_loss":0.0,"gold_gain":0.0,"event_name":"The Cleric","player_choice":"Healed","floor":3.0,"gold_loss":35.0,"damage_taken":0.0},{"damage_healed":0.0,"max_hp_gain":0.0,"max_hp_loss":0.0,"gold_gain":0.0,"event_name":"Living Wall","player_choice":"Grow","floor":4.0,"gold_loss":0.0,"damage_taken":0.0,"cards_upgraded":["Bash"]},{"damage_healed":0.0,"max_hp_gain":0.0,"max_hp_loss":0.0,"gold_gain":75.0,"event_name":"World of Goop","player_choice":"Gather Gold","floor":7.0,"gold_loss":0.0,"damage_taken":11.0}],"is_beta":false,"boss_relics":[],"items_purged_floors":[],"is_endless":false,"potions_floor_spawned":[1,2,8],"killed_by":"Slime Boss","ascension_level":17}