{"gold_per_floor":[111,111,25,25,38,38,65,65,65,85,99,119,150,167,167,245,245,256,11,11,11,31,31,61,71,71,71,81,93,93,36,36,113,113,129,54,54,67,78,78,78],"floor_reached":42,"playtime":2727,"items_purged":["Strike_R"],"score":1187,"play_id":"6964a832-e712-49a8-b638-fc0fb5955cb1","local_time":"20190414035216","is_ascension_mode":true,"campfire_choices":[{"data":"Bash","floor":6,"key":"SMITH"},{"data":"Rampage","floor":8,"key":"SMITH"},{"data":"Offering","floor":15,"key":"SMITH"},{"data":"Demon Form","floor":23,"key":"SMITH"},{"floor":27,"key":"REST"},{"floor":30,"key":"REST"},{"data":"True Grit","floor":32,"key":"SMITH"}],"neow_cost":"NONE","seed_source_timestamp":545223768340635,"circlet_count":0,"master_deck":["AscendersBane","Strike_R","Strike_R","Strike_R","Defend_R","Defend_R","Defend_R","Defend_R","Bash+1","Clothesline","Rampage+1","Shrug It Off","Headbutt","Ghostly Armor","Feel No Pain","Offering+1","Demon Form+1","Sword Boomerang","Cleave","Offering","Demon Form","Shrug It Off","Dual Wield","Bludgeon","Shrug It Off","True Grit+1","Immolate"],"relics":["Burning Blood","NeowsBlessing","Bag of Preparation","Shuriken","Ornamental Fan","Snecko Eye","MutagenicStrength","Regal Pillow","Pen Nib","Fusion Hammer"],"potions_floor_usage":[11,12,16,16,18,24,38,41,41],"damage_taken":[{"damage":0,"enemies":"Cultist","floor":1,"turns":1},{"damage":0,"enemies":"2 Louse","floor":5,"turns":1},{"damage":0,"enemies":"Gremlin Nob","floor":7,"turns":1},{"damage":2,"enemies":"Jaw Worm","floor":10,"turns":3},{"damage":8,"enemies":"Exordium Thugs","floor":11,"turns":5},{"damage":27,"enemies":"Gremlin Gang","floor":12,"turns":5},{"damage":12,"enemies":"Lagavulin","floor":13,"turns":7},{"damage":8,"enemies":"Looter","floor":14,"turns":3},{"damage":39,"enemies":"Hexaghost","floor":16,"turns":8},{"damage":6,"enemies":"2 Thieves","floor":18,"turns":3},{"damage":6,"enemies":"Chosen","floor":22,"turns":3},{"damage":41,"enemies":"Gremlin Leader","floor":24,"turns":6},{"damage":12,"enemies":"Shelled Parasite and Fungi","floor":25,"turns":1},{"damage":30,"enemies":"Snake Plant","floor":28,"turns":4},{"damage":16,"enemies":"Centurion and Healer","floor":29,"turns":4},{"damage":38,"enemies":"Collector","floor":33,"turns":6},{"damage":6,"enemies":"Orb Walker","floor":35,"turns":2},{"damage":0,"enemies":"3 Darklings","floor":38,"turns":1},{"damage":12,"enemies":"Spire Growth","floor":39,"turns":2},{"damage":61,"enemies":"Time Eater","floor":41,"turns":6}],"seed_played":"7607903001401398648","potions_obtained":[{"floor":5,"key":"SkillPotion"},{"floor":10,"key":"EssenceOfSteel"},{"floor":13,"key":"EntropicBrew"},{"floor":16,"key":"Fire Potion"},{"floor":33,"key":"BloodPotion"},{"floor":35,"key":"FearPotion"},{"floor":38,"key":"EssenceOfSteel"}],"is_trial":false,"path_per_floor":["M","?","$","?","M","R","E","R","T","M","M","M","E","M","R","B",null,"M","$","?","?","M","R","E","M","T","R","M","M","R","$","R","B",null,"M","$","?","M","M","?","B",null],"character_chosen":"IRONCLAD","items_purchased":["Rampage","Sword Boomerang","Cleave","Offering","True Grit"],"campfire_rested":2,"item_purchase_floors":[3,19,19,19,31],"current_hp_per_floor":[74,79,79,79,80,80,80,80,80,80,78,57,51,49,49,16,64,64,64,64,64,64,64,29,23,23,62,38,28,67,67,67,35,69,69,69,69,80,74,74,19],"gold":78,"neow_bonus":"THREE_ENEMY_KILL","is_prod":false,"is_daily":false,"chose_seed":false,"campfire_upgraded":5,"win_rate":0,"timestamp":1555228336,"path_taken":["M","?","$","?","M","R","E","R","T","M","M","M","E","?","R","BOSS","M","$","?","?","M","R","E","M","T","R","?","?","R","$","R","BOSS","M","$","?","M","M","?","BOSS"],"build_version":"2019-01-23","purchased_purges":1,"victory":true,"max_hp_per_floor":[75,80,80,80,80,80,80,80,80,80,80,80,80,80,80,80,80,80,80,80,80,80,80,80,80,80,80,80,80,80,80,80,80,80,80,80,80,80,80,80,80],"card_choices":[{"not_picked":["Clash","Cleave"],"picked":"Clothesline","floor":1},{"not_picked":["Clash","Body Slam","Anger"],"picked":"SKIP","floor":5},{"not_picked":["Pummel","Rampage"],"picked":"Shrug It Off","floor":7},{"not_picked":["Perfected Strike","Havoc"],"picked":"Headbutt","floor":10},{"not_picked":["Bloodletting","Sever Soul"],"picked":"Ghostly Armor","floor":11},{"not_picked":["Clothesline","Wild Strike"],"picked":"Feel No Pain","floor":12},{"not_picked":["Rage","Armaments"],"picked":"Offering","floor":13},{"not_picked":["Thunderclap","Warcry","Heavy Blade"],"picked":"SKIP","floor":14},{"not_picked":["Juggernaut","Offering"],"picked":"Demon Form","floor":16},{"not_picked":["Sever Soul","Perfected Strike","Flex"],"picked":"SKIP","floor":18},{"not_picked":["Armaments","Perfected Strike"],"picked":"Shrug It Off","floor":22},{"not_picked":["Pommel Strike","Entrench"],"picked":"Dual Wield","floor":24},{"not_picked":["Dropkick","Uppercut","Rage"],"picked":"SKIP","floor":25},{"not_picked":["Iron Wave","Burning Pact+1"],"picked":"Bludgeon","floor":28},{"not_picked":["Clash","Ghostly Armor"],"picked":"Shrug It Off","floor":29},{"not_picked":["Dark Embrace","Bludgeon"],"picked":"Immolate","floor":33},{"not_picked":["Uppercut","Combust","Anger"],"picked":"SKIP","floor":35},{"not_picked":["Anger","Pommel Strike","Seeing Red+1"],"picked":"SKIP","floor":38},{"not_picked":["Twin Strike","Sentinel","Warcry"],"picked":"SKIP","floor":39}],"player_experience":361177,"relics_obtained":[{"floor":7,"key":"Bag of Preparation"},{"floor":9,"key":"Shuriken"},{"floor":13,"key":"Ornamental Fan"},{"floor":24,"key":"Regal Pillow"},{"floor":26,"key":"Pen Nib"}],"event_choices":[{"damage_healed":0,"gold_gain":0,"player_choice":"Donut","damage_taken":0,"max_hp_gain":5,"max_hp_loss":0,"event_name":"Big Fish","floor":2,"gold_loss":0},{"cards_removed":["Strike_R"],"damage_healed":0,"gold_gain":0,"player_choice":"Purged","damage_taken":0,"max_hp_gain":0,"max_hp_loss":0,"event_name":"Purifier","floor":4,"gold_loss":0},{"damage_healed":0,"gold_gain":0,"player_choice":"Inject Mutagens","damage_taken":0,"relics_obtained":["MutagenicStrength"],"max_hp_gain":0,"max_hp_loss":0,"event_name":"Drug Dealer","floor":20,"gold_loss":0},{"damage_healed":0,"gold_gain":0,"player_choice":"Copied","damage_taken":0,"max_hp_gain":0,"max_hp_loss":0,"event_name":"Duplicator","floor":21,"gold_loss":0,"cards_obtained":["Demon Form"]},{"damage_healed":0,"gold_gain":0,"player_choice":"Ignored","damage_taken":0,"max_hp_gain":0,"max_hp_loss":0,"event_name":"Mysterious Sphere","floor":37,"gold_loss":0},{"damage_healed":0,"gold_gain":0,"player_choice":"Took Portal","damage_taken":0,"max_hp_gain":0,"max_hp_loss":0,"event_name":"SecretPortal","floor":40,"gold_loss":0}],"is_beta":false,"boss_relics":[{"not_picked":["Lizard Tail","Runic Pyramid"],"picked":"Snecko Eye"},{"not_picked":["Philosopher\u0027s Stone","Black Star"],"picked":"Fusion Hammer"}],"items_purged_floors":[36],"is_endless":false,"potions_floor_spawned":[5,10,13,16,33,35,38],"ascension_level":17}