{"gold_per_floor":[117,128,128,148,158,188,188,222,291,251,264,274,274,66,66,140,140,159,259,39,39,58,86,101,136,209,209,234,247,247,21,21,94,94,106,120,130,149,160,194,94,94,118,118,118,118,129,164,164,164],"floor_reached":51,"playtime":10715,"items_purged":["Strike_G","Bite"],"score":1297,"play_id":"263925cd-2a5a-4e67-a7ad-425a131e3bf2","local_time":"20190319155033","is_ascension_mode":true,"campfire_choices":[{"data":"Skewer","floor":7.0,"key":"SMITH"},{"floor":13.0,"key":"REST"},{"data":"Noxious Fumes","floor":15.0,"key":"SMITH"},{"data":"1","floor":27,"key":"LIFT"},{"data":"2","floor":30,"key":"LIFT"},{"data":"3","floor":32,"key":"LIFT"},{"data":"Neutralize","floor":42,"key":"SMITH"},{"data":"Footwork","floor":44,"key":"SMITH"},{"data":"Apotheosis","floor":49,"key":"SMITH"}],"neow_cost":"NONE","seed_source_timestamp":0,"circlet_count":0,"master_deck":["AscendersBane","Defend_G","Defend_G","Defend_G","Defend_G","Defend_G","Survivor","Neutralize+1","Flying Knee","Skewer+1","Backflip","Poisoned Stab","Poisoned Stab","Well Laid Plans","Terror","Noxious Fumes+1","PiercingWail","Malaise","Blade Dance+1","Dagger Throw","Bite","Bite","Bite","Bite","Corpse Explosion","Shame","Sucker Punch","Footwork+1","A Thousand Cuts","Leg Sweep+1","Deflect+1","Dodge and Roll","Apotheosis+1","Transmutation"],"special_seed":0,"relics":["Ring of the Serpent","Pen Nib","Girya","Question Card","Chemical X","Cursed Key","Turnip","Sundial","PreservedInsect","Happy Flower","Kunai","Bottled Tornado","Strawberry","Omamori","Snake Skull","Lantern","SsserpentHead","Orichalcum"],"potions_floor_usage":[19,28,33,39,50],"damage_taken":[{"damage":2.0,"enemies":"Jaw Worm","floor":1.0,"turns":6.0},{"damage":0.0,"enemies":"Cultist","floor":2.0,"turns":4.0},{"damage":0.0,"enemies":"2 Louse","floor":4.0,"turns":2.0},{"damage":0.0,"enemies":"2 Fungi Beasts","floor":5.0,"turns":4.0},{"damage":25.0,"enemies":"Lagavulin","floor":6.0,"turns":6.0},{"damage":12.0,"enemies":"Gremlin Nob","floor":8.0,"turns":4.0},{"damage":5.0,"enemies":"Exordium Wildlife","floor":11.0,"turns":4.0},{"damage":0.0,"enemies":"Looter","floor":12.0,"turns":2.0},{"damage":6.0,"enemies":"Hexaghost","floor":16.0,"turns":6.0},{"damage":0.0,"enemies":"Chosen","floor":18.0,"turns":6.0},{"damage":12,"enemies":"Colosseum Slavers","floor":19,"turns":6},{"damage":0,"enemies":"Colosseum Nobs","floor":19,"turns":9},{"damage":0,"enemies":"Spheric Guardian","floor":22,"turns":3},{"damage":5,"enemies":"Gremlin Leader","floor":23,"turns":6},{"damage":7,"enemies":"Cultist and Chosen","floor":24,"turns":7},{"damage":17,"enemies":"Book of Stabbing","floor":25,"turns":6},{"damage":30,"enemies":"Slavers","floor":28,"turns":4},{"damage":0,"enemies":"Sentry and Sphere","floor":29,"turns":2},{"damage":30,"enemies":"Champ","floor":33,"turns":11},{"damage":7,"enemies":"3 Darklings","floor":35,"turns":2},{"damage":0,"enemies":"3 Shapes","floor":36,"turns":6},{"damage":20,"enemies":"Writhing Mass","floor":37,"turns":7},{"damage":0,"enemies":"Maw","floor":38,"turns":8},{"damage":10,"enemies":"Jaw Worm Horde","floor":39,"turns":4},{"damage":1,"enemies":"Giant Head","floor":40,"turns":6},{"damage":32,"enemies":"3 Darklings","floor":47,"turns":20},{"damage":2,"enemies":"Reptomancer","floor":48,"turns":6},{"damage":32,"enemies":"Time Eater","floor":50,"turns":12}],"seed_played":"-9193402132253988545","potions_obtained":[{"floor":5.0,"key":"SkillPotion"},{"floor":6.0,"key":"EssenceOfSteel"},{"floor":8.0,"key":"Poison Potion"},{"floor":11.0,"key":"Energy Potion"},{"floor":18.0,"key":"Fire Potion"},{"floor":19,"key":"FearPotion"},{"floor":29,"key":"Dexterity Potion"},{"floor":36,"key":"Explosive Potion"},{"floor":37,"key":"Dexterity Potion"},{"floor":38,"key":"SpeedPotion"},{"floor":40,"key":"FearPotion"}],"is_trial":false,"path_per_floor":["M","M","?","M","M","E","R","E","T","?","M","M","R","$","R","B",null,"M","?","$","?","M","E","M","E","T","R","E","M","R","$","R","B",null,"M","M","M","M","M","E","$","R","T","R","?","?","M","E","R","B",null],"character_chosen":"THE_SILENT","items_purchased":["Chemical X","PreservedInsect","Omamori","Footwork"],"campfire_rested":1,"item_purchase_floors":[14,20,31,31],"current_hp_per_floor":[57,57,57,57,57,32,32,22,22,22,19,21,40,40,40,36,59,61,53,53,53,57,62,61,56,56,56,41,47,47,47,47,29,62,55,61,53,67,65,73,73,73,73,73,63,63,73,73,73,61],"gold":164,"neow_bonus":"RANDOM_COMMON_RELIC","is_prod":false,"is_daily":false,"chose_seed":false,"campfire_upgraded":5,"win_rate":0,"timestamp":1553010633,"path_taken":["M","M","?","M","?","E","R","E","T","?","M","M","R","$","R","BOSS","M","?","$","?","M","E","M","E","T","R","E","M","R","?","R","BOSS","M","M","M","M","M","E","$","R","T","R","?","?","M","E","R","BOSS"],"build_version":"2019-01-23","purchased_purges":2,"victory":true,"max_hp_per_floor":[66,66,66,66,66,66,66,66,66,66,66,66,66,66,66,66,66,66,66,66,66,66,66,66,66,66,66,73,73,73,73,73,73,73,73,73,73,73,73,73,73,73,73,73,73,73,73,73,73,73],"card_choices":[{"not_picked":["Outmaneuver","Bane"],"picked":"Flying Knee","floor":1.0},{"not_picked":["Endless Agony","Choke"],"picked":"Skewer","floor":2.0},{"not_picked":["Skewer","Acrobatics"],"picked":"Poisoned Stab","floor":4.0},{"not_picked":["Reflex","Dodge and Roll"],"picked":"Poisoned Stab","floor":5.0},{"not_picked":["Underhanded Strike","All Out Attack"],"picked":"Well Laid Plans","floor":6.0},{"not_picked":["Flying Knee","PiercingWail"],"picked":"Terror","floor":8.0},{"not_picked":["Deadly Poison","Escape Plan","Endless Agony"],"picked":"Noxious Fumes","floor":11.0},{"not_picked":["Outmaneuver","Flying Knee","Deflect"],"picked":"PiercingWail","floor":12.0},{"not_picked":["Glass Knife","Tools of the Trade","Doppelganger"],"picked":"Malaise","floor":16.0},{"not_picked":["Backflip","Slice","Terror"],"picked":"Blade Dance+1","floor":18.0},{"not_picked":["Underhanded Strike","Escape Plan","Deadly Poison"],"picked":"Dagger Throw","floor":19},{"not_picked":["Backstab","Heel Hook","Prepared","Blade Dance"],"picked":"SKIP","floor":22},{"not_picked":["PiercingWail","Dagger Spray","Underhanded Strike","Accuracy"],"picked":"SKIP","floor":23},{"not_picked":["Dash","Bane","Quick Slash","Dagger Spray"],"picked":"SKIP","floor":24},{"not_picked":["Blade Dance","Accuracy","Choke"],"picked":"Corpse Explosion","floor":25},{"not_picked":["Unload","PiercingWail","Dagger Spray","Outmaneuver"],"picked":"SKIP","floor":28},{"not_picked":["Dagger Throw","Cloak And Dagger","Quick Slash"],"picked":"Sucker Punch","floor":29},{"not_picked":["Grand Finale","Unload","Venomology"],"picked":"A Thousand Cuts","floor":33},{"not_picked":["Deflect","Dagger Throw+1","Dodge and Roll"],"picked":"Leg Sweep+1","floor":35},{"not_picked":["Outmaneuver+1","Infinite Blades+1","Quick Slash"],"picked":"Deflect+1","floor":36},{"not_picked":["Sucker Punch","Cloak And Dagger+1","Dagger Throw"],"picked":"Dodge and Roll","floor":37},{"not_picked":["Dagger Spray","Dodge and Roll","Prepared","Escape Plan"],"picked":"SKIP","floor":38},{"not_picked":["Grand Finale","Masterful Stab","Acrobatics+1","Setup"],"picked":"SKIP","floor":39},{"not_picked":["Poisoned Stab","Setup+1","Accuracy","Well Laid Plans"],"picked":"SKIP","floor":40},{"not_picked":["Trip","Madness","Enlightenment"],"picked":"Apotheosis","floor":45},{"not_picked":["Enlightenment","Jack Of All Trades","Dark Shackles"],"picked":"Transmutation","floor":45},{"not_picked":["Crippling Poison","Deflect","Setup","Well Laid Plans"],"picked":"SKIP","floor":47},{"not_picked":["Dagger Throw","Underhanded Strike","Bane","Acrobatics"],"picked":"SKIP","floor":48}],"player_experience":646209,"relics_obtained":[{"floor":6.0,"key":"Blood Vial"},{"floor":8.0,"key":"Girya"},{"floor":9.0,"key":"Question Card"},{"floor":19,"key":"Turnip"},{"floor":19,"key":"Sundial"},{"floor":23,"key":"Happy Flower"},{"floor":25,"key":"Kunai"},{"floor":26,"key":"Bottled Tornado"},{"floor":28,"key":"Strawberry"},{"floor":40,"key":"Snake Skull"},{"floor":43,"key":"Lantern"},{"floor":48,"key":"Orichalcum"}],"event_choices":[{"damage_healed":0.0,"max_hp_gain":0.0,"max_hp_loss":0.0,"gold_gain":0.0,"cards_transformed":["Strike_G"],"event_name":"Transmorgrifier","player_choice":"Transformed","floor":3.0,"gold_loss":0.0,"damage_taken":0.0,"cards_obtained":["Backflip"]},{"damage_healed":0.0,"max_hp_gain":0.0,"max_hp_loss":0.0,"gold_gain":0.0,"event_name":"World of Goop","player_choice":"Left Gold","floor":10.0,"gold_loss":40.0,"damage_taken":0.0},{"damage_healed":0,"gold_gain":0,"player_choice":"Fight","damage_taken":0,"max_hp_gain":0,"max_hp_loss":0,"event_name":"Colosseum","floor":19,"gold_loss":0},{"damage_healed":0,"gold_gain":0,"player_choice":"Fought Nobs","damage_taken":0,"max_hp_gain":0,"max_hp_loss":0,"event_name":"Colosseum","floor":19,"gold_loss":0},{"damage_healed":0,"gold_gain":0,"player_choice":"Became a vampire (Vial)","damage_taken":0,"max_hp_gain":0,"max_hp_loss":0,"event_name":"Vampires","floor":21,"relics_lost":["Blood Vial"],"gold_loss":0,"cards_obtained":["Bite","Bite","Bite","Bite","Bite"]},{"damage_healed":0,"gold_gain":0,"player_choice":"Memory 3","damage_taken":10,"max_hp_gain":0,"max_hp_loss":0,"event_name":"SensoryStone","floor":45,"gold_loss":0},{"damage_healed":0,"gold_gain":0,"player_choice":"Trade","damage_taken":0,"relics_obtained":["SsserpentHead"],"max_hp_gain":0,"max_hp_loss":0,"event_name":"FaceTrader","floor":46,"gold_loss":0}],"is_beta":false,"boss_relics":[{"not_picked":["Calling Bell","WristBlade"],"picked":"Cursed Key"},{"not_picked":["Runic Dome","Pandora\u0027s Box"],"picked":"Ring of the Serpent"}],"items_purged_floors":[20,41],"is_endless":false,"potions_floor_spawned":[5,6,8,11,18,19,19,29,36,37,38,40],"ascension_level":15}