{"gold_per_floor":[110,122,122,12,12,12,12,40,40,52,78,90,121,168,180,268,280,303,315,327,339,371,298,310,332,344,7,7,7,7,24,24,98,98,118,118,128,35,51,111,37,37,37,37,54,54,87,37,37,37],"floor_reached":50,"playtime":2070,"items_purged":["Strike_G","Backflip","Survivor","Injury"],"score":932,"play_id":"041aa83c-5c9c-4880-acb7-56e2a43284e2","local_time":"20190105184840","is_ascension_mode":true,"campfire_choices":[{"data":"Crippling Poison","floor":6.0,"key":"SMITH"},{"floor":12.0,"key":"REST"},{"data":"Bouncing Flask","floor":15.0,"key":"SMITH"},{"data":"Crippling Poison","floor":24.0,"key":"SMITH"},{"data":"Well Laid Plans","floor":30.0,"key":"SMITH"},{"data":"Deflect","floor":32.0,"key":"SMITH"},{"floor":42,"key":"REST"},{"floor":46,"key":"REST"},{"floor":49,"key":"REST"}],"neow_cost":"NONE","seed_source_timestamp":0,"circlet_count":0,"master_deck":["AscendersBane","Defend_G+1","Defend_G+1","Defend_G+1","Defend_G+1","Defend_G+1","Strike_G+1","Strike_G+1","Strike_G+1","Neutralize","Crippling Poison+1","Flying Knee","Dodge and Roll","Slice","Predator","Bouncing Flask+1","Acrobatics","Bane","Crippling Poison+1","Well Laid Plans+1","Deflect+1","Wraith Form v2","Poisoned Stab+1","Backflip+1","Footwork","Dash","Prepared","Madness","Madness","Crippling Poison","Burst"],"special_seed":0,"relics":["Ring of the Snake","Strawberry","Snake Skull","Smiling Mask","Pantograph","MawBank","Nunchaku","Black Star","Matryoshka","Potion Belt","Sundial","Sling","Cursed Key","Tiny Chest","WingedGreaves","Paper Crane","Centennial Puzzle","Dead Branch","Bottled Lightning"],"potions_floor_usage":[35,39,47],"damage_taken":[{"damage":0.0,"enemies":"Cultist","floor":1.0,"turns":5.0},{"damage":8.0,"enemies":"Small Slimes","floor":2.0,"turns":4.0},{"damage":24.0,"enemies":"Gremlin Nob","floor":8.0,"turns":4.0},{"damage":1.0,"enemies":"2 Louse","floor":11.0,"turns":2.0},{"damage":7.0,"enemies":"Blue Slaver","floor":13.0,"turns":3.0},{"damage":7.0,"enemies":"Lagavulin","floor":14.0,"turns":4.0},{"damage":11.0,"enemies":"The Guardian","floor":16.0,"turns":7.0},{"damage":0.0,"enemies":"Chosen","floor":18.0,"turns":4.0},{"damage":16.0,"enemies":"3 Byrds","floor":22.0,"turns":5.0},{"damage":13.0,"enemies":"Snecko","floor":25.0,"turns":5.0},{"damage":10.0,"enemies":"Sentry and Sphere","floor":31.0,"turns":4.0},{"damage":52.0,"enemies":"Automaton","floor":33.0,"turns":13.0},{"damage":6,"enemies":"3 Darklings","floor":35,"turns":4},{"damage":9,"enemies":"3 Shapes","floor":37,"turns":4},{"damage":0,"enemies":"Maw","floor":39,"turns":8},{"damage":20,"enemies":"Nemesis","floor":40,"turns":9},{"damage":16,"enemies":"Sphere and 2 Shapes","floor":45,"turns":6},{"damage":10,"enemies":"Reptomancer","floor":47,"turns":7},{"damage":79,"enemies":"Awakened One","floor":50,"turns":12}],"seed_played":"-8352624046557810540","potions_obtained":[{"floor":8.0,"key":"Fruit Juice"},{"floor":13.0,"key":"Energy Potion"},{"floor":16.0,"key":"Weak Potion"},{"floor":18.0,"key":"Weak Potion"},{"floor":22.0,"key":"Explosive Potion"},{"floor":25.0,"key":"EssenceOfSteel"},{"floor":37,"key":"EssenceOfSteel"},{"floor":40,"key":"Explosive Potion"}],"is_trial":false,"path_per_floor":["M","M","?","$","?","R","T","E","T","?","M","R","M","E","R","B",null,"M","?","?","$","M","?","R","M","T","$","?","?","R","M","R","B",null,"M","?","M","$","M","E","$","R","T","?","M","R","E","$","R","B"],"character_chosen":"THE_SILENT","items_purchased":["PowerPotion","Dodge and Roll","Sling","Well Laid Plans","Footwork","Prepared"],"campfire_rested":4,"item_purchase_floors":[4,4,27,27,38,41],"current_hp_per_floor":[66,58,47,47,47,47,47,28,28,28,27,50,43,36,36,50,71,71,71,71,71,55,55,55,42,42,42,42,42,42,32,32,5,60,54,54,45,45,45,25,25,48,48,34,18,41,31,31,54,0],"gold":37,"neow_bonus":"RANDOM_COMMON_RELIC","is_prod":false,"is_daily":false,"chose_seed":false,"campfire_upgraded":5,"win_rate":0,"timestamp":1546742920,"path_taken":["M","?","?","$","?","R","?","E","T","?","M","R","?","E","R","BOSS","M","?","?","$","?","?","R","M","T","$","?","?","R","M","R","BOSS","M","?","?","$","M","E","$","R","T","?","M","R","E","$","R","BOSS"],"build_version":"2019-01-03v4","purchased_purges":4,"victory":false,"max_hp_per_floor":[73,73,73,73,73,73,73,78,78,78,78,78,78,78,78,78,78,78,78,78,78,78,78,78,78,78,78,78,78,78,78,78,78,78,78,78,78,78,78,78,78,78,78,78,78,78,78,78,78,78],"card_choices":[{"not_picked":["Slice","Terror"],"picked":"Crippling Poison","floor":1.0},{"not_picked":["Dodge and Roll","Prepared"],"picked":"Flying Knee","floor":2.0},{"not_picked":["Quick Slash","Accuracy","Slice"],"picked":"SKIP","floor":8.0},{"not_picked":["Underhanded Strike","Poisoned Stab"],"picked":"Predator","floor":11.0},{"not_picked":["Reflex","Quick Slash"],"picked":"Bouncing Flask","floor":13.0},{"not_picked":["Wraith Form v2","Bullet Time"],"picked":"Acrobatics","floor":14.0},{"not_picked":["Cloak And Dagger","Choke"],"picked":"Bane","floor":18.0},{"not_picked":["Backflip","Dodge and Roll"],"picked":"Crippling Poison","floor":22.0},{"not_picked":["Accuracy","Night Terror","Deadly Poison"],"picked":"SKIP","floor":25.0},{"not_picked":["Sucker Punch","Dodge and Roll"],"picked":"Backflip","floor":31.0},{"not_picked":["A Thousand Cuts","Storm of Steel"],"picked":"Wraith Form v2","floor":33.0},{"not_picked":["Cloak And Dagger","Prepared+1"],"picked":"Poisoned Stab+1","floor":35},{"not_picked":["Eviscerate+1","Distraction+1"],"picked":"Backflip+1","floor":37},{"not_picked":["Setup","Eviscerate","Cloak And Dagger"],"picked":"SKIP","floor":39},{"not_picked":["Escape Plan","Acrobatics"],"picked":"Dash","floor":40},{"not_picked":["Flying Knee","Dagger Spray"],"picked":"Crippling Poison","floor":45},{"not_picked":["Burst","Blade Dance+1","Outmaneuver"],"picked":"SKIP","floor":47},{"not_picked":["Blade Dance+1","Outmaneuver"],"picked":"Burst","floor":47}],"player_experience":1053536,"relics_obtained":[{"floor":7.0,"key":"Smiling Mask"},{"floor":8.0,"key":"Pantograph"},{"floor":9.0,"key":"MawBank"},{"floor":14.0,"key":"Nunchaku"},{"floor":26.0,"key":"Potion Belt"},{"floor":26.0,"key":"Sundial"},{"floor":40,"key":"Tiny Chest"},{"floor":40,"key":"WingedGreaves"},{"floor":43,"key":"Paper Crane"},{"floor":43,"key":"Centennial Puzzle"},{"floor":47,"key":"Dead Branch"},{"floor":47,"key":"Bottled Lightning"}],"event_choices":[{"damage_healed":0.0,"max_hp_gain":0.0,"max_hp_loss":0.0,"gold_gain":0.0,"event_name":"Scrap Ooze","player_choice":"Success","floor":3.0,"gold_loss":0.0,"damage_taken":11.0,"relics_obtained":["Snake Skull"]},{"damage_healed":0.0,"max_hp_gain":0.0,"max_hp_loss":0.0,"gold_gain":0.0,"event_name":"Liars Game","player_choice":"Ignored","floor":5.0,"gold_loss":0.0,"damage_taken":0.0},{"damage_healed":0.0,"max_hp_gain":0.0,"max_hp_loss":0.0,"gold_gain":0.0,"cards_transformed":["Strike_G"],"event_name":"Transmorgrifier","player_choice":"Transformed","floor":10.0,"gold_loss":0.0,"damage_taken":0.0,"cards_obtained":["Slice"]},{"damage_healed":0.0,"max_hp_gain":0.0,"max_hp_loss":0.0,"gold_gain":0.0,"event_name":"Forgotten Altar","player_choice":"Smashed Altar","floor":19.0,"gold_loss":0.0,"damage_taken":0.0,"cards_obtained":["Decay"]},{"cards_removed":["Decay"],"damage_healed":0.0,"max_hp_gain":0.0,"max_hp_loss":0.0,"gold_gain":0.0,"event_name":"Purifier","player_choice":"Purged","floor":20.0,"gold_loss":0.0,"damage_taken":0.0},{"damage_healed":0.0,"max_hp_gain":0.0,"max_hp_loss":0.0,"gold_gain":0.0,"event_name":"Addict","player_choice":"Obtained Relic","floor":23.0,"gold_loss":85.0,"damage_taken":0.0,"relics_obtained":["Matryoshka"]},{"damage_healed":0.0,"max_hp_gain":0.0,"max_hp_loss":0.0,"gold_gain":0.0,"event_name":"Back to Basics","player_choice":"Simplicity","floor":28.0,"gold_loss":0.0,"damage_taken":0.0,"cards_upgraded":["Defend_G","Defend_G","Defend_G","Defend_G","Defend_G","Strike_G","Strike_G","Strike_G"]},{"damage_healed":0.0,"max_hp_gain":0.0,"max_hp_loss":0.0,"gold_gain":0.0,"event_name":"The Library","player_choice":"Read","floor":29.0,"gold_loss":0.0,"damage_taken":0.0,"cards_obtained":["Deflect"]},{"damage_healed":0,"gold_gain":0,"player_choice":"Ignored","damage_taken":0,"max_hp_gain":0,"max_hp_loss":0,"event_name":"SecretPortal","floor":36,"gold_loss":0},{"damage_healed":0,"gold_gain":0,"player_choice":"Embrace Madness","damage_taken":14,"max_hp_gain":0,"max_hp_loss":0,"event_name":"Winding Halls","floor":44,"gold_loss":0,"cards_obtained":["Madness","Madness"]}],"is_beta":false,"boss_relics":[{"not_picked":["WristBlade","Calling Bell"],"picked":"Black Star"},{"not_picked":["Pandora\u0027s Box","Sozu"],"picked":"Cursed Key"}],"items_purged_floors":[27,38,41,48],"is_endless":false,"potions_floor_spawned":[8,13,16,18,22,25,37,40],"killed_by":"Awakened One","ascension_level":16}