{"gold_per_floor":[119,119,130,130,140,140,174,184,184,198,198,232,232,243,243,322,322,332,247,274,286,316,328,340],"floor_reached":24,"playtime":1421,"items_purged":[],"score":416,"play_id":"85188b90-21d4-49ab-ba64-4d421553afae","local_time":"20190405130123","is_ascension_mode":true,"campfire_choices":[{"data":"Consume","floor":6.0,"key":"SMITH"},{"floor":11.0,"key":"REST"},{"data":"Loop","floor":13.0,"key":"SMITH"},{"data":"Loop","floor":15.0,"key":"SMITH"},{"floor":23,"key":"REST"}],"neow_cost":"NONE","seed_source_timestamp":1104574812059431,"circlet_count":0,"master_deck":["AscendersBane","Strike_B","Strike_B","Strike_B","Strike_B","Defend_B","Defend_B","Defend_B","Defend_B","Zap+1","Dualcast","Leap","Loop+1","Consume+1","Auto Shields","Ball Lightning","Loop+1","BootSequence","Echo Form","Self Repair","Heatsinks+1","Capacitor+1"],"special_seed":0,"relics":["Cracked Core","Boot","Vajra","Pear","Cables","Snecko Eye","MawBank"],"potions_floor_usage":[],"damage_taken":[{"damage":5.0,"enemies":"Small Slimes","floor":1.0,"turns":3.0},{"damage":0.0,"enemies":"2 Louse","floor":3.0,"turns":2.0},{"damage":1.0,"enemies":"Cultist","floor":5.0,"turns":4.0},{"damage":41.0,"enemies":"Gremlin Nob","floor":7.0,"turns":4.0},{"damage":3.0,"enemies":"Blue Slaver","floor":8.0,"turns":4.0},{"damage":3.0,"enemies":"Large Slime","floor":10.0,"turns":4.0},{"damage":20.0,"enemies":"Lagavulin","floor":12.0,"turns":8.0},{"damage":1.0,"enemies":"Looter","floor":14.0,"turns":3.0},{"damage":5.0,"enemies":"Hexaghost","floor":16.0,"turns":8.0},{"damage":6.0,"enemies":"3 Byrds","floor":18.0,"turns":3.0},{"damage":17.0,"enemies":"Shell Parasite","floor":20.0,"turns":5.0},{"damage":34,"enemies":"Snake Plant","floor":22,"turns":4},{"damage":55,"enemies":"Slavers","floor":24,"turns":4}],"seed_played":"3882216300191355123","potions_obtained":[{"floor":3.0,"key":"FocusPotion"},{"floor":4.0,"key":"Dexterity Potion"},{"floor":8.0,"key":"SteroidPotion"},{"floor":14.0,"key":"Fire Potion"},{"floor":16.0,"key":"Weak Potion"},{"floor":20.0,"key":"Strength Potion"}],"is_trial":false,"path_per_floor":["M","?","M","?","M","R","E","M","T","M","R","E","R","M","R","B",null,"M","?","M","?","M","R","E"],"character_chosen":"DEFECT","items_purchased":[],"campfire_rested":2,"item_purchase_floors":[],"current_hp_per_floor":[59,59,59,59,58,58,17,14,24,21,45,25,25,24,24,19,66,60,60,43,59,25,49,0],"gold":340,"neow_bonus":"RANDOM_COMMON_RELIC","is_prod":false,"is_daily":false,"chose_seed":false,"campfire_upgraded":3,"win_rate":0,"timestamp":1554490883,"path_taken":["M","?","M","?","M","R","E","?","T","M","R","E","R","M","R","BOSS","M","?","M","?","M","R","E"],"build_version":"2019-04-04","purchased_purges":0,"victory":false,"max_hp_per_floor":[71,71,71,71,71,71,71,71,81,81,81,81,81,81,81,81,81,81,81,81,81,81,81,81],"card_choices":[{"not_picked":["Redo","Stack"],"picked":"Leap","floor":1.0},{"not_picked":["Turbo","Ball Lightning"],"picked":"Loop","floor":3.0},{"not_picked":["Reprogram","Beam Cell"],"picked":"Consume","floor":5.0},{"not_picked":["Sweeping Beam","Hyperbeam"],"picked":"Auto Shields","floor":7.0},{"not_picked":["Barrage","Stack"],"picked":"Ball Lightning","floor":8.0},{"not_picked":["Sweeping Beam","Turbo","Melter"],"picked":"SKIP","floor":10.0},{"not_picked":["Go for the Eyes","Conserve Battery"],"picked":"Loop","floor":12.0},{"not_picked":["Hello World","Stack"],"picked":"BootSequence","floor":14.0},{"not_picked":["Meteor Strike","Rainbow"],"picked":"Echo Form","floor":16.0},{"not_picked":["Melter","Beam Cell"],"picked":"Self Repair","floor":18.0},{"not_picked":["Sweeping Beam","Gash"],"picked":"Heatsinks+1","floor":20.0},{"not_picked":["Auto Shields","Beam Cell+1"],"picked":"Capacitor+1","floor":22}],"player_experience":2763512,"relics_obtained":[{"floor":7.0,"key":"Vajra"},{"floor":9.0,"key":"Pear"},{"floor":12.0,"key":"Cables"}],"event_choices":[{"damage_healed":0.0,"max_hp_gain":0.0,"max_hp_loss":0.0,"gold_gain":0.0,"event_name":"Living Wall","player_choice":"Grow","floor":2.0,"gold_loss":0.0,"damage_taken":0.0,"cards_upgraded":["Zap"]},{"damage_healed":0.0,"max_hp_gain":0.0,"max_hp_loss":0.0,"gold_gain":0.0,"event_name":"Lab","player_choice":"Got Potions","floor":4.0,"gold_loss":0.0,"damage_taken":0.0},{"damage_healed":0.0,"max_hp_gain":0.0,"max_hp_loss":0.0,"gold_gain":0.0,"event_name":"Addict","player_choice":"Obtained Relic","floor":19.0,"gold_loss":85.0,"damage_taken":0.0,"relics_obtained":["MawBank"]},{"damage_healed":16,"gold_gain":0,"player_choice":"Heal","damage_taken":0,"max_hp_gain":0,"max_hp_loss":0,"event_name":"The Library","floor":21,"gold_loss":0}],"is_beta":true,"boss_relics":[{"not_picked":["Runic Dome","Sozu"],"picked":"Snecko Eye"}],"items_purged_floors":[],"is_endless":false,"potions_floor_spawned":[3,5,8,14,16,20],"killed_by":"Slavers","ascension_level":20}