{"gold_per_floor":[115,133,133,143,15,43,43,77,131,131,131,164,174,208,208,311,361,372,384,398,416,85,85,85,85,162,190,190],"floor_reached":28,"playtime":1298,"items_purged":["Strike_R","Strike_R"],"score":331,"play_id":"e787ebbf-4d2b-4f3a-bdfa-5bde7f5b76db","local_time":"20190327162128","is_ascension_mode":true,"campfire_choices":[{"data":"Flex","floor":7,"key":"SMITH"},{"floor":11,"key":"REST"},{"data":"Carnage","floor":15,"key":"SMITH"},{"data":"Inflame","floor":23,"key":"SMITH"},{"data":"Feed","floor":25,"key":"SMITH"}],"neow_cost":"TEN_PERCENT_HP_LOSS","seed_source_timestamp":1245151441200,"circlet_count":0,"master_deck":["Strike_R","Defend_R","Defend_R","Defend_R+1","Defend_R","Bash","Thunderclap","Bloodletting","Flame Barrier","Carnage+1","Sword Boomerang","Flex+1","Cleave","Whirlwind","Havoc","Battle Trance","Feed+1","Corruption","Twin Strike","Pommel Strike+1","Flex","Impervious","Inflame+1","Inflame+1","Inflame+1"],"relics":["Burning Blood","Singing Bowl","Bag of Marbles","Regal Pillow","Ginger","Nunchaku","Tiny House","Toxic Egg 2","Mercury Hourglass"],"potions_floor_usage":[12,13,16,20,28],"damage_taken":[{"damage":13,"enemies":"Jaw Worm","floor":1,"turns":5},{"damage":4,"enemies":"Small Slimes","floor":2,"turns":4},{"damage":0,"enemies":"Cultist","floor":4,"turns":3},{"damage":31,"enemies":"3 Sentries","floor":6,"turns":8},{"damage":42,"enemies":"Gremlin Nob","floor":8,"turns":5},{"damage":16,"enemies":"3 Sentries","floor":12,"turns":3},{"damage":0,"enemies":"Exordium Thugs","floor":13,"turns":1},{"damage":30,"enemies":"Lagavulin","floor":14,"turns":5},{"damage":23,"enemies":"Hexaghost","floor":16,"turns":9},{"damage":3,"enemies":"3 Byrds","floor":18,"turns":2},{"damage":17,"enemies":"Chosen","floor":19,"turns":4},{"damage":24,"enemies":"Snake Plant","floor":20,"turns":3},{"damage":17,"enemies":"3 Cultists","floor":21,"turns":4},{"damage":44,"enemies":"Book of Stabbing","floor":27,"turns":5},{"damage":24,"enemies":"Shelled Parasite and Fungi","floor":28,"turns":3}],"seed_played":"6199738200563555244","potions_obtained":[{"floor":6,"key":"Explosive Potion"},{"floor":12,"key":"Fire Potion"},{"floor":13,"key":"Fruit Juice"},{"floor":16,"key":"Ancient Potion"},{"floor":17,"key":"Poison Potion"},{"floor":21,"key":"SpeedPotion"},{"floor":27,"key":"PowerPotion"}],"is_trial":false,"path_per_floor":["M","M","$","M","$","E","R","E","T","?","R","E","M","E","R","B",null,"M","M","M","M","$","R","?","R","T","E","M"],"character_chosen":"IRONCLAD","items_purchased":["Flex","Impervious","Inflame"],"campfire_rested":1,"item_purchase_floors":[5,22,22],"current_hp_per_floor":[65,67,67,72,72,47,47,11,11,16,54,46,57,33,33,16,89,92,81,63,57,57,57,57,57,57,23,0],"gold":190,"neow_bonus":"TRANSFORM_TWO_CARDS","is_prod":false,"is_daily":false,"chose_seed":false,"campfire_upgraded":4,"win_rate":0,"timestamp":1553728888,"path_taken":["M","M","$","M","$","E","R","E","T","?","R","E","M","E","R","BOSS","M","M","M","M","$","R","?","R","T","E","M"],"build_version":"2019-03-15","purchased_purges":2,"victory":false,"max_hp_per_floor":[72,72,72,72,72,72,72,72,72,77,77,79,84,84,84,84,89,92,92,92,97,97,97,97,97,97,101,101],"card_choices":[{"not_picked":["True Grit","Headbutt"],"picked":"Flame Barrier","floor":1},{"not_picked":["True Grit","Anger"],"picked":"Carnage","floor":2},{"not_picked":["Sever Soul","Clothesline"],"picked":"Sword Boomerang","floor":4},{"not_picked":["Infernal Blade","Clash"],"picked":"Cleave","floor":6},{"not_picked":["Sword Boomerang","Body Slam"],"picked":"Whirlwind","floor":8},{"not_picked":["Power Through","Entrench","Fire Breathing"],"picked":"Singing Bowl","floor":12},{"not_picked":["Combust","Infernal Blade"],"picked":"Havoc","floor":13},{"not_picked":["True Grit","Flex"],"picked":"Battle Trance","floor":14},{"not_picked":["Brutality","Reaper"],"picked":"Feed","floor":16},{"not_picked":["Fire Breathing","Flex"],"picked":"Corruption","floor":17},{"not_picked":["Hemokinesis+1","Carnage"],"picked":"Twin Strike","floor":18},{"not_picked":["Battle Trance","Flex"],"picked":"Pommel Strike+1","floor":19},{"not_picked":["Corruption","Combust"],"picked":"Flex","floor":20},{"not_picked":["Entrench","Flex","Pommel Strike"],"picked":"Singing Bowl","floor":21},{"not_picked":["Carnage","Clash+1"],"picked":"Inflame+1","floor":27}],"player_experience":620788,"relics_obtained":[{"floor":6,"key":"Singing Bowl"},{"floor":8,"key":"Bag of Marbles"},{"floor":9,"key":"Regal Pillow"},{"floor":12,"key":"Ginger"},{"floor":14,"key":"Nunchaku"},{"floor":26,"key":"Toxic Egg 2"},{"floor":27,"key":"Mercury Hourglass"}],"event_choices":[{"damage_healed":0,"gold_gain":0,"player_choice":"Donut","damage_taken":0,"max_hp_gain":5,"max_hp_loss":0,"event_name":"Big Fish","floor":10,"gold_loss":0},{"damage_healed":0,"gold_gain":0,"player_choice":"Copied","damage_taken":0,"max_hp_gain":0,"max_hp_loss":0,"event_name":"Duplicator","floor":24,"gold_loss":0,"cards_obtained":["Inflame"]}],"is_beta":true,"boss_relics":[{"not_picked":["Lizard Tail","Black Star"],"picked":"Tiny House"}],"items_purged_floors":[5,22],"is_endless":false,"potions_floor_spawned":[6,12,13,16,21,27],"killed_by":"Shelled Parasite and Fungi","ascension_level":3}