{"gold_per_floor":[119,119,119,135,135,135,160,160,187,198,228,20,46,62,62,137,137,153,170,170,16,28,89,89,116,140,140,171,182,196,208,208,285,335,347,347,61,73,73,73,107,117,117,117,134,134,0,14,14,14,14,14,14,14,48,48],"floor_reached":57,"playtime":12548,"items_purged":["Strike_G","Strike_G","Shame"],"score":2920,"play_id":"f9e71aac-7c26-4802-88dd-ce5b1b352359","local_time":"20190401000115","is_ascension_mode":true,"campfire_choices":[{"data":"Cloak And Dagger","floor":6.0,"key":"SMITH"},{"floor":8.0,"key":"REST"},{"data":"Deadly Poison","floor":15.0,"key":"SMITH"},{"floor":24.0,"key":"REST"},{"floor":27.0,"key":"REST"},{"floor":32.0,"key":"REST"},{"data":"Wraith Form v2","floor":40.0,"key":"SMITH"},{"floor":44.0,"key":"RECALL"},{"data":"Malaise","floor":46.0,"key":"SMITH"},{"data":"Wraith Form v2","floor":49.0,"key":"SMITH"},{"data":"Well Laid Plans","floor":53.0,"key":"SMITH"}],"neow_cost":"NONE","seed_source_timestamp":700428991629422,"circlet_count":0,"master_deck":["AscendersBane","Defend_G+1","Defend_G","Defend_G","Defend_G","Defend_G","Strike_G","Strike_G","Survivor+1","Neutralize","Cloak And Dagger+1","Deadly Poison+1","Corpse Explosion","Footwork","Bane","Deadly Poison+1","Malaise+1","Backflip","PiercingWail","Neutralize","Wraith Form v2+1","PiercingWail","Backflip","Deflect+1","Footwork+1","Adrenaline","Distraction+1","Noxious Fumes","Bouncing Flask+1","Escape Plan","Escape Plan","Tools of the Trade","PiercingWail","Escape Plan","Escape Plan","Wraith Form v2+1","Normality","Well Laid Plans+1","Noxious Fumes+1","Acrobatics"],"special_seed":0,"relics":["Ring of the Snake","NeowsBlessing","Blood Vial","Oddly Smooth Stone","Prayer Wheel","Boot","Cursed Key","Tiny Chest","Tingsha","Potion Belt","Darkstone Periapt","Tiny House","Bronze Scales","Thread and Needle","Red Mask","Torii"],"potions_floor_usage":[56,56,56,56],"damage_taken":[{"damage":0.0,"enemies":"Jaw Worm","floor":1.0,"turns":1.0},{"damage":0.0,"enemies":"2 Louse","floor":4.0,"turns":1.0},{"damage":0.0,"enemies":"Lagavulin","floor":7.0,"turns":1.0},{"damage":2.0,"enemies":"Small Slimes","floor":10.0,"turns":4.0},{"damage":34.0,"enemies":"Gremlin Nob","floor":11.0,"turns":4.0},{"damage":1.0,"enemies":"Lagavulin","floor":13.0,"turns":9.0},{"damage":0.0,"enemies":"Red Slaver","floor":14.0,"turns":5.0},{"damage":19.0,"enemies":"Hexaghost","floor":16.0,"turns":9.0},{"damage":0.0,"enemies":"3 Byrds","floor":18.0,"turns":3.0},{"damage":0.0,"enemies":"Spheric Guardian","floor":19.0,"turns":3.0},{"damage":0.0,"enemies":"Snake Plant","floor":22.0,"turns":4.0},{"damage":32.0,"enemies":"Slavers","floor":23.0,"turns":5.0},{"damage":11.0,"enemies":"Book of Stabbing","floor":25.0,"turns":7.0},{"damage":40.0,"enemies":"Gremlin Leader","floor":28.0,"turns":11.0},{"damage":0.0,"enemies":"Centurion and Healer","floor":29.0,"turns":5.0},{"damage":11.0,"enemies":"Shelled Parasite and Fungi","floor":30.0,"turns":6.0},{"damage":1.0,"enemies":"Cultist and Chosen","floor":31.0,"turns":4.0},{"damage":30.0,"enemies":"Collector","floor":33.0,"turns":9.0},{"damage":0.0,"enemies":"3 Darklings","floor":35.0,"turns":3.0},{"damage":0.0,"enemies":"3 Shapes","floor":38.0,"turns":4.0},{"damage":5.0,"enemies":"Nemesis","floor":41.0,"turns":9.0},{"damage":2.0,"enemies":"Sphere and 2 Shapes","floor":42.0,"turns":4.0},{"damage":2.0,"enemies":"Spire Growth","floor":45.0,"turns":6.0},{"damage":0.0,"enemies":"Transient","floor":48.0,"turns":6.0},{"damage":18.0,"enemies":"Time Eater","floor":50.0,"turns":15.0},{"damage":0.0,"enemies":"Donu and Deca","floor":51.0,"turns":9.0},{"damage":0,"enemies":"Shield and Spear","floor":55,"turns":8},{"damage":54,"enemies":"The Heart","floor":56,"turns":12}],"seed_played":"4554778821282735041","potions_obtained":[{"floor":7.0,"key":"Energy Potion"},{"floor":10.0,"key":"LiquidBronze"},{"floor":13.0,"key":"Dexterity Potion"},{"floor":19.0,"key":"Swift Potion"},{"floor":23.0,"key":"AttackPotion"},{"floor":28.0,"key":"Strength Potion"},{"floor":33.0,"key":"PowerPotion"},{"floor":34.0,"key":"Weak Potion"},{"floor":38.0,"key":"GamblersBrew"},{"floor":42.0,"key":"PowerPotion"},{"floor":45.0,"key":"Dexterity Potion"}],"is_trial":false,"path_per_floor":["M","?","?","M","?","R","E","R","T","M","E","$","E","M","R","B",null,"M","M","?","$","M","E","R","E","T","R","E","M","M","M","R","B",null,"M","?","$","M","?","R","E","M","T","R","M","R","?","M","R","B","B",null,"R","$","E","B",null],"character_chosen":"THE_SILENT","items_purchased":["Footwork","SpeedPotion","PiercingWail","Bronze Scales"],"campfire_rested":4,"item_purchase_floors":[12,12,21,37],"current_hp_per_floor":[59,59,52,52,32,32,32,51,51,51,19,19,20,22,22,5,51,53,55,55,55,57,27,46,37,37,56,18,20,11,12,31,3,55,57,57,57,59,71,71,66,66,72,72,72,72,72,74,74,58,60,73,73,73,75,23],"gold":48,"neow_bonus":"THREE_ENEMY_KILL","is_prod":false,"is_daily":false,"chose_seed":false,"campfire_upgraded":6,"win_rate":0,"timestamp":1554098475,"path_taken":["M","?","?","M","?","R","E","R","T","M","E","?","E","?","R","BOSS","M","M","?","$","?","E","R","E","T","R","E","M","M","M","R","BOSS","M","?","$","M","?","R","E","M","T","R","?","R","?","M","R","BOSS","BOSS","R","$","E","BOSS"],"build_version":"2019-03-15","purchased_purges":3,"victory":true,"max_hp_per_floor":[66,66,66,66,66,66,66,66,66,66,66,66,66,66,66,66,66,66,66,66,66,66,66,66,66,66,66,66,66,66,66,66,66,71,71,71,71,71,71,71,71,71,77,77,77,77,77,77,77,77,77,77,77,77,77,77],"card_choices":[{"not_picked":["Backflip","Flechettes"],"picked":"Cloak And Dagger","floor":1.0},{"not_picked":["Outmaneuver","Acrobatics"],"picked":"Deadly Poison","floor":4.0},{"not_picked":["Storm of Steel","Slice"],"picked":"Corpse Explosion","floor":7.0},{"not_picked":["Underhanded Strike","Slice"],"picked":"Endless Agony","floor":10.0},{"not_picked":["Dagger Spray","Accuracy","Poisoned Stab"],"picked":"SKIP","floor":11.0},{"not_picked":["Outmaneuver","Poisoned Stab"],"picked":"Bane","floor":13.0},{"not_picked":["Bane","Prepared"],"picked":"Deadly Poison","floor":14.0},{"not_picked":["Doppelganger","Flying Knee","Eviscerate"],"picked":"SKIP","floor":14.0},{"not_picked":["Envenom","Night Terror"],"picked":"Malaise","floor":16.0},{"not_picked":["Dagger Spray","Flying Knee"],"picked":"Backflip","floor":18.0},{"not_picked":["Bane","Flying Knee","Eviscerate"],"picked":"SKIP","floor":18.0},{"not_picked":["Caltrops","Deflect"],"picked":"PiercingWail","floor":19.0},{"not_picked":["Dagger Throw","Sucker Punch","Dagger Spray"],"picked":"SKIP","floor":19.0},{"not_picked":["Reflex","Choke"],"picked":"Backflip","floor":22.0},{"not_picked":["Venomology","Expertise"],"picked":"Deflect+1","floor":22.0},{"not_picked":["Deflect","Endless Agony"],"picked":"Footwork+1","floor":23.0},{"not_picked":["Sucker Punch+1","Finisher"],"picked":"Adrenaline","floor":25.0},{"not_picked":["Blade Dance","Slice"],"picked":"Distraction+1","floor":28.0},{"not_picked":["Flying Knee","Sucker Punch"],"picked":"Noxious Fumes","floor":29.0},{"not_picked":["Sucker Punch","Skewer"],"picked":"Bouncing Flask+1","floor":29.0},{"not_picked":["Deflect","Accuracy"],"picked":"Escape Plan","floor":30.0},{"not_picked":["Doppelganger","PiercingWail"],"picked":"Escape Plan","floor":30.0},{"not_picked":["Underhanded Strike","Slice","Quick Slash"],"picked":"SKIP","floor":31.0},{"not_picked":["Heel Hook","Sucker Punch","Underhanded Strike"],"picked":"SKIP","floor":31.0},{"not_picked":["Grand Finale","Doppelganger"],"picked":"Tools of the Trade","floor":33.0},{"not_picked":["Outmaneuver","Masterful Stab"],"picked":"PiercingWail","floor":35.0},{"not_picked":["Slice+1","Acrobatics","Prepared"],"picked":"SKIP","floor":35.0},{"not_picked":["Prepared+1","Heel Hook+1"],"picked":"Escape Plan","floor":38.0},{"not_picked":["Finisher+1","Slice"],"picked":"Escape Plan","floor":38.0},{"not_picked":["Sucker Punch","Flying Knee"],"picked":"Wraith Form v2","floor":41.0},{"not_picked":["Calculated Gamble","Flying Knee+1","Sucker Punch"],"picked":"SKIP","floor":42.0},{"not_picked":["Eviscerate","Underhanded Strike","All Out Attack"],"picked":"SKIP","floor":42.0},{"not_picked":["Prepared","Leg Sweep"],"picked":"Well Laid Plans","floor":45.0},{"not_picked":["Masterful Stab","Sucker Punch+1","Dagger Throw"],"picked":"SKIP","floor":45.0},{"not_picked":["Slice","Acrobatics+1"],"picked":"Noxious Fumes+1","floor":48.0},{"not_picked":["Bane","Skewer"],"picked":"Acrobatics","floor":48.0},{"not_picked":["Distraction","Tactician","Quick Slash"],"picked":"SKIP","floor":55}],"player_experience":2696364,"relics_obtained":[{"floor":7.0,"key":"Blood Vial"},{"floor":9.0,"key":"Oddly Smooth Stone"},{"floor":11.0,"key":"Prayer Wheel"},{"floor":13.0,"key":"Boot"},{"floor":23.0,"key":"Tiny Chest"},{"floor":25.0,"key":"Tingsha"},{"floor":26.0,"key":"Potion Belt"},{"floor":28.0,"key":"Darkstone Periapt"},{"floor":41.0,"key":"Thread and Needle"},{"floor":55,"key":"Torii"}],"event_choices":[{"damage_healed":0.0,"max_hp_gain":0.0,"max_hp_loss":0.0,"gold_gain":0.0,"event_name":"Liars Game","player_choice":"Ignored","floor":2.0,"gold_loss":0.0,"damage_taken":0.0},{"cards_removed":["Strike_G"],"damage_healed":0.0,"max_hp_gain":0.0,"max_hp_loss":0.0,"gold_gain":0.0,"event_name":"Golden Wing","player_choice":"Card Removal","floor":3.0,"gold_loss":0.0,"damage_taken":7.0},{"damage_healed":0.0,"max_hp_gain":0.0,"max_hp_loss":0.0,"gold_gain":0.0,"event_name":"Shining Light","player_choice":"Entered Light","floor":5.0,"gold_loss":0.0,"damage_taken":20.0,"cards_upgraded":["Deadly Poison","Defend_G"]},{"damage_healed":0.0,"max_hp_gain":0.0,"max_hp_loss":0.0,"gold_gain":0.0,"event_name":"Match and Keep!","player_choice":"3 cards matched","floor":20.0,"gold_loss":0.0,"damage_taken":0.0,"cards_obtained":["Riddle With Holes","Neutralize","Wraith Form v2"]},{"cards_removed":["Riddle With Holes"],"damage_healed":0.0,"max_hp_gain":0.0,"max_hp_loss":0.0,"gold_gain":0.0,"event_name":"Falling","player_choice":"Removed Attack","floor":36.0,"gold_loss":0.0,"damage_taken":0.0},{"cards_removed":["Endless Agony"],"damage_healed":12.0,"max_hp_gain":0.0,"max_hp_loss":0.0,"gold_gain":0.0,"event_name":"Bonfire Elementals","player_choice":"Offered Uncommon","floor":39.0,"gold_loss":0.0,"damage_taken":0.0},{"damage_healed":0.0,"max_hp_gain":0.0,"max_hp_loss":0.0,"gold_gain":0.0,"event_name":"Tomb of Lord Red Mask","player_choice":"Paid","floor":47.0,"gold_loss":134.0,"damage_taken":0.0,"relics_obtained":["Red Mask"]}],"is_beta":true,"boss_relics":[{"not_picked":["Runic Pyramid","Lizard Tail"],"picked":"Cursed Key"},{"not_picked":["Velvet Choker","Fusion Hammer"],"picked":"Tiny House"}],"items_purged_floors":[12,21,37],"is_endless":false,"potions_floor_spawned":[7,10,13,16,19,23,28,33,38,42,45,48],"ascension_level":20}