{"gold_per_floor":[10,10,185,215,180,205,222,222,222,222,40,58,58,77,77,149,149,162,162,175,195,30,30,47,47,47,47,74,26,40,60,60,60],"floor_reached":33,"playtime":750,"items_purged":["Doubt"],"score":551,"play_id":"4a64d249-6682-4100-a539-86f859c79973","local_time":"20181021020236","is_ascension_mode":true,"campfire_choices":[{"data":"Inflame","floor":8,"key":"SMITH"},{"data":"Disarm","floor":10,"key":"SMITH"},{"floor":15,"key":"REST"},{"floor":23,"key":"REST"},{"floor":25,"key":"REST"},{"floor":32,"key":"REST"}],"neow_cost":"NO_GOLD","seed_source_timestamp":892912627753103,"circlet_count":0,"master_deck":["Strike_R","Strike_R","Strike_R","Strike_R","Strike_R","Defend_R","Defend_R","Defend_R","Bash","AscendersBane","Inflame+1","Doubt","Disarm+1","Heavy Blade","Infernal Blade","Bludgeon","Twin Strike","Sword Boomerang","Headbutt","Limit Break","Injury","Decay","Perfected Strike","Decay","Armaments","Clash","Dramatic Entrance","Pommel Strike+1","Wild Strike","Second Wind+1","Metallicize","Twin Strike","Thunderclap","Shrug It Off"],"relics":["Burning Blood","Thread and Needle","Tiny Chest","Dream Catcher","Blue Candle","Mercury Hourglass","Calling Bell","Centennial Puzzle","Kunai","Nunchaku","Pocketwatch","Incense Burner","Calipers"],"potions_floor_usage":[16,16,20,21,30,33],"damage_taken":[{"damage":2,"enemies":"Cultist","floor":1,"turns":3},{"damage":31,"enemies":"Gremlin Nob","floor":6,"turns":5},{"damage":0,"enemies":"Small Slimes","floor":7,"turns":4},{"damage":8,"enemies":"Jaw Worm","floor":12,"turns":3},{"damage":14,"enemies":"Large Slime","floor":14,"turns":2},{"damage":22,"enemies":"Hexaghost","floor":16,"turns":6},{"damage":10,"enemies":"Chosen","floor":18,"turns":4},{"damage":31,"enemies":"Spheric Guardian","floor":20,"turns":4},{"damage":32,"enemies":"Snecko","floor":21,"turns":5},{"damage":10,"enemies":"Chosen and Byrds","floor":24,"turns":4},{"damage":34,"enemies":"Book of Stabbing","floor":28,"turns":5},{"damage":2,"enemies":"Centurion and Healer","floor":30,"turns":4},{"damage":5,"enemies":"Cultist and Chosen","floor":31,"turns":6},{"damage":50,"enemies":"Champ","floor":33,"turns":6}],"seed_played":"5326637905382265694","potions_obtained":[{"floor":7,"key":"LiquidBronze"},{"floor":14,"key":"Poison Potion"},{"floor":16,"key":"SkillPotion"},{"floor":18,"key":"Weak Potion"},{"floor":31,"key":"Explosive Potion"}],"is_trial":false,"path_per_floor":["M","?","?","?","?","E","M","R","T","R","$","M","T","M","R","B",null,"M","?","M","M","$","R","M","R","T","T","E","$","M","M","R"],"character_chosen":"IRONCLAD","items_purchased":["Infernal Blade","Bludgeon","Dramatic Entrance","AttackPotion"],"campfire_rested":4,"item_purchase_floors":[11,11,22,29],"current_hp_per_floor":[72,65,65,40,58,33,39,39,39,39,39,37,37,29,51,35,65,61,61,36,10,10,32,28,50,50,50,22,22,26,27,49,0],"gold":60,"neow_bonus":"ONE_RARE_RELIC","is_prod":false,"is_daily":false,"chose_seed":false,"campfire_upgraded":2,"win_rate":0,"timestamp":1540112556,"path_taken":["M","?","?","?","?","E","M","R","T","R","$","M","?","?","R","BOSS","M","?","M","M","$","R","M","R","T","?","E","$","M","?","R","BOSS"],"build_version":"2018-10-18","purchased_purges":1,"victory":false,"max_hp_per_floor":[75,75,75,75,75,75,75,75,75,75,75,75,75,75,75,75,75,75,75,75,75,75,75,75,75,75,75,75,75,75,75,75,75],"card_choices":[{"not_picked":["True Grit","Anger"],"picked":"Inflame","floor":1},{"not_picked":["Wild Strike","Twin Strike"],"picked":"Disarm","floor":6},{"not_picked":["True Grit","Anger"],"picked":"Heavy Blade","floor":7},{"not_picked":["Bloodletting","Whirlwind"],"picked":"Twin Strike","floor":12},{"not_picked":["Disarm","Clothesline"],"picked":"Sword Boomerang","floor":14},{"not_picked":["Havoc","Clothesline"],"picked":"Headbutt","floor":15},{"not_picked":["Exhume","Double Tap"],"picked":"Limit Break","floor":16},{"not_picked":["Battle Trance","Anger"],"picked":"Perfected Strike","floor":18},{"not_picked":["Shrug It Off","Evolve"],"picked":"Armaments","floor":20},{"not_picked":["Feel No Pain","Sentinel"],"picked":"Clash","floor":21},{"not_picked":["Brutality","Pummel"],"picked":"Pommel Strike+1","floor":23},{"not_picked":["Headbutt","Uppercut"],"picked":"Wild Strike","floor":24},{"not_picked":["Havoc","Burning Pact+1"],"picked":"Second Wind+1","floor":25},{"not_picked":["Anger+1","Rampage"],"picked":"Metallicize","floor":28},{"not_picked":["Infernal Blade","Ghostly Armor"],"picked":"Twin Strike","floor":30},{"not_picked":["Berserk","Body Slam"],"picked":"Thunderclap","floor":31},{"not_picked":["Warcry","Havoc"],"picked":"Shrug It Off","floor":32}],"player_experience":591575,"relics_obtained":[{"floor":6,"key":"Dream Catcher"},{"floor":9,"key":"Blue Candle"},{"floor":13,"key":"Mercury Hourglass"},{"floor":17,"key":"Centennial Puzzle"},{"floor":17,"key":"Kunai"},{"floor":17,"key":"Nunchaku"},{"floor":26,"key":"Pocketwatch"},{"floor":27,"key":"Incense Burner"},{"floor":28,"key":"Calipers"}],"event_choices":[{"cards_removed":["Defend_R"],"damage_healed":0,"gold_gain":0,"player_choice":"Card Removal","damage_taken":7,"max_hp_gain":0,"max_hp_loss":0,"event_name":"Golden Wing","floor":2,"gold_loss":0},{"damage_healed":0,"gold_gain":175,"player_choice":"AGREE","damage_taken":0,"max_hp_gain":0,"max_hp_loss":0,"event_name":"Liars Game","floor":3,"gold_loss":0,"cards_obtained":["Doubt"]},{"damage_healed":0,"gold_gain":0,"player_choice":"Success","damage_taken":25,"relics_obtained":["Tiny Chest"],"max_hp_gain":0,"max_hp_loss":0,"event_name":"Scrap Ooze","floor":4,"gold_loss":0},{"damage_healed":18,"gold_gain":0,"player_choice":"Healed","damage_taken":0,"max_hp_gain":0,"max_hp_loss":0,"event_name":"The Cleric","floor":5,"gold_loss":35},{"damage_healed":0,"gold_gain":0,"player_choice":"Smashed Altar","damage_taken":0,"max_hp_gain":0,"max_hp_loss":0,"event_name":"Forgotten Altar","floor":19,"gold_loss":0,"cards_obtained":["Decay"]}],"is_beta":false,"boss_relics":[{"not_picked":["Coffee Dripper","Sozu"],"picked":"Calling Bell"}],"items_purged_floors":[22],"is_endless":false,"potions_floor_spawned":[7,14,16,18,31],"killed_by":"Champ","ascension_level":14}