{"gold_per_floor":[119,129,8,8,21,21,41,41,64,84,84,115,127,127,127,256,256,281,300,79,102,116,137,156,156],"floor_reached":25,"playtime":724,"items_purged":[],"score":209,"play_id":"2bd6164c-2b30-48c9-af02-fc7d3086759e","local_time":"20181012062604","is_ascension_mode":false,"campfire_choices":[{"data":"Storm","floor":6,"key":"SMITH"},{"floor":15,"key":"REST"}],"neow_cost":"NONE","seed_source_timestamp":131145646254114,"circlet_count":0,"master_deck":["Strike_B","Strike_B","Defend_B","Defend_B","Defend_B","Zap","Dualcast","Storm+1","Redo","Ball Lightning","Hello World","Ball Lightning","Tempest","Gash","Gash","Rainbow","Barrage","Ball Lightning","Machine Learning","Loop+1","Defragment","Storm","Genetic Algorithm+1","Streamline","Gash","Cold Snap"],"relics":["Cracked Core","Lantern","Regal Pillow","Golden Idol","Cursed Key","Bag of Preparation"],"potions_floor_usage":[19,23],"damage_taken":[{"damage":1,"enemies":"Cultist","floor":1,"turns":3},{"damage":0,"enemies":"2 Louse","floor":2,"turns":1},{"damage":10,"enemies":"Small Slimes","floor":5,"turns":2},{"damage":12,"enemies":"Blue Slaver","floor":7,"turns":2},{"damage":14,"enemies":"3 Louse","floor":10,"turns":2},{"damage":9,"enemies":"Gremlin Nob","floor":12,"turns":3},{"damage":14,"enemies":"Lots of Slimes","floor":13,"turns":3},{"damage":50,"enemies":"Hexaghost","floor":16,"turns":6},{"damage":15,"enemies":"Shell Parasite","floor":18,"turns":3},{"damage":18,"enemies":"3 Byrds","floor":19,"turns":3},{"damage":3,"enemies":"Snecko","floor":21,"turns":3},{"damage":15,"enemies":"Centurion and Healer","floor":22,"turns":4},{"damage":6,"enemies":"3 Cultists","floor":23,"turns":4},{"damage":7,"enemies":"Sentry and Sphere","floor":24,"turns":3},{"damage":8,"enemies":"Shelled Parasite and Fungi","floor":25,"turns":1}],"seed_played":"-3729039570489730514","potions_obtained":[{"floor":1,"key":"SpeedPotion"},{"floor":5,"key":"FearPotion"},{"floor":12,"key":"FearPotion"},{"floor":18,"key":"SkillPotion"},{"floor":22,"key":"SkillPotion"},{"floor":24,"key":"EntropicBrew"}],"is_trial":false,"path_per_floor":["M","M","$","?","M","R","M","?","T","M","?","E","M","?","R","B",null,"M","M","$","M","M","M","M"],"character_chosen":"DEFECT","items_purchased":["Hello World","Ball Lightning","Storm","Bag of Preparation"],"campfire_rested":1,"item_purchase_floors":[3,3,20,20],"current_hp_per_floor":[74,74,74,74,64,64,52,75,75,61,61,52,38,38,69,19,69,54,36,36,33,18,12,5,0],"gold":156,"neow_bonus":"TRANSFORM_CARD","is_prod":false,"is_daily":false,"chose_seed":false,"campfire_upgraded":1,"win_rate":0.0,"timestamp":1539350764,"path_taken":["M","M","$","?","M","R","M","?","T","?","?","E","M","?","R","BOSS","M","M","$","M","?","M","M","M"],"build_version":"2018-10-11","purchased_purges":0,"victory":false,"max_hp_per_floor":[75,75,75,75,75,75,75,75,75,75,75,75,75,69,69,69,69,69,69,69,69,69,69,69,69],"card_choices":[{"not_picked":["Steam","Glacier"],"picked":"Redo","floor":1},{"not_picked":["Turbo","Consume"],"picked":"Ball Lightning","floor":2},{"not_picked":["Cold Snap","Coolheaded"],"picked":"Tempest","floor":5},{"not_picked":["Compile Driver","Aggregate"],"picked":"Gash","floor":7},{"not_picked":["Fusion","Conserve Battery"],"picked":"Gash","floor":10},{"not_picked":["Blizzard","Creative AI"],"picked":"Barrage","floor":12},{"not_picked":["Leap","Tempest"],"picked":"Ball Lightning","floor":13},{"not_picked":["Core Surge","Creative AI"],"picked":"Machine Learning","floor":16},{"not_picked":["Defragment","Redo"],"picked":"Loop+1","floor":18},{"not_picked":["Static Discharge","Go for the Eyes"],"picked":"Defragment","floor":19},{"not_picked":["Sweeping Beam","Stack"],"picked":"Genetic Algorithm+1","floor":21},{"not_picked":["Skim","Stack"],"picked":"Streamline","floor":22},{"not_picked":["Streamline","Turbo+1"],"picked":"Gash","floor":23},{"not_picked":["Darkness","Double Energy"],"picked":"Cold Snap","floor":24}],"player_experience":476426,"relics_obtained":[{"floor":9,"key":"Lantern"},{"floor":12,"key":"Regal Pillow"}],"event_choices":[{"event_name":"Purifier","player_choice":"One Purge","floor":4,"damage_taken":0},{"event_name":"Big Fish","player_choice":"Banana","floor":8,"damage_taken":0},{"event_name":"Transmorgrifier","player_choice":"Transform","floor":11,"damage_taken":0},{"event_name":"Golden Idol","player_choice":"Lose Max HP","floor":14,"damage_taken":0}],"is_beta":false,"boss_relics":[{"not_picked":["Snecko Eye","Runic Dome"],"picked":"Cursed Key"}],"items_purged_floors":[],"is_endless":false,"potions_floor_spawned":[1,5,12,18,22,24],"killed_by":"Shelled Parasite and Fungi","ascension_level":0}