{"gold_per_floor":[113,113,128,29,46,46,46,46,46,77,87,87,99,117,117,212,212,226,258,14,14,14,14,45,15],"floor_reached":25,"playtime":1420,"items_purged":[],"score":241,"play_id":"b9eb8e5a-5b5f-451d-8375-50b2af0b4f2c","local_time":"20181231055350","is_ascension_mode":true,"campfire_choices":[{"data":"Conserve Battery","floor":6,"key":"SMITH"},{"floor":12,"key":"REST"},{"data":"Double Energy","floor":15,"key":"SMITH"},{"floor":23,"key":"REST"}],"neow_cost":"NONE","seed_source_timestamp":270949796569761,"circlet_count":0,"master_deck":["Strike_B","Strike_B","Defend_B","Defend_B","Defend_B","Defend_B","Zap","Dualcast","Doom and Gloom","Conserve Battery+1","Heatsinks","Coolheaded","Chill","Double Energy+1","Redo","Consume","Cold Snap","Machine Learning","Hello World","Chaos","Turbo","White Noise","Glacier","Reprogram","Static Discharge","Storm","Redo","Coolheaded","Jack Of All Trades","Tempest"],"relics":["Cracked Core","Lantern","Oddly Smooth Stone","Orrery","Red Mask","Bottled Tornado"],"potions_floor_usage":[10,16,18,19],"damage_taken":[{"damage":5,"enemies":"Small Slimes","floor":1,"turns":3},{"damage":1,"enemies":"Cultist","floor":3,"turns":3},{"damage":7,"enemies":"2 Louse","floor":5,"turns":2},{"damage":25,"enemies":"Lagavulin","floor":10,"turns":5},{"damage":2,"enemies":"Red Slaver","floor":11,"turns":3},{"damage":1,"enemies":"3 Louse","floor":13,"turns":4},{"damage":9,"enemies":"2 Fungi Beasts","floor":14,"turns":3},{"damage":15,"enemies":"Slime Boss","floor":16,"turns":9},{"damage":9,"enemies":"3 Byrds","floor":18,"turns":5},{"damage":68,"enemies":"Masked Bandits","floor":19,"turns":6},{"damage":17,"enemies":"Book of Stabbing","floor":24,"turns":8},{"damage":16,"enemies":"2 Thieves","floor":25,"turns":1}],"seed_played":"-8561185866819834524","potions_obtained":[{"floor":5,"key":"SkillPotion"},{"floor":10,"key":"PowerPotion"},{"floor":16,"key":"Explosive Potion"},{"floor":18,"key":"EssenceOfSteel"}],"is_trial":false,"path_per_floor":["M","?","M","$","M","R","T","?","T","E","M","R","M","M","R","B",null,"M","?","$","?","$","R","E","M"],"character_chosen":"DEFECT","items_purchased":["Conserve Battery","Heatsinks","Storm","Redo","Coolheaded","Jack Of All Trades"],"campfire_rested":2,"item_purchase_floors":[4,4,20,20,20,20],"current_hp_per_floor":[77,77,76,76,69,69,69,69,69,44,42,66,65,56,56,41,82,73,5,5,5,5,29,12,0],"gold":15,"neow_bonus":"TEN_PERCENT_HP_BONUS","is_prod":false,"is_daily":false,"chose_seed":false,"campfire_upgraded":2,"win_rate":0,"timestamp":1546264430,"path_taken":["M","?","M","?","?","R","?","?","T","E","?","R","M","M","R","BOSS","M","?","$","?","$","R","E","M"],"build_version":"2018-12-20","purchased_purges":0,"victory":false,"max_hp_per_floor":[82,82,82,82,82,82,82,82,82,82,82,82,82,82,82,82,82,82,82,82,82,82,82,82,82],"card_choices":[{"not_picked":["Go for the Eyes","Rip and Tear","Barrage"],"picked":"SKIP","floor":1},{"not_picked":["Leap","Recycle"],"picked":"Doom and Gloom","floor":3},{"not_picked":["Rip and Tear","Cold Snap"],"picked":"Coolheaded","floor":5},{"not_picked":["Steam","Glacier"],"picked":"Double Energy","floor":10},{"not_picked":["Turbo","Go for the Eyes"],"picked":"Redo","floor":11},{"not_picked":["Streamline","Leap"],"picked":"Consume","floor":13},{"not_picked":["Hologram","Rebound"],"picked":"Cold Snap","floor":14},{"not_picked":["Hyperbeam","All For One"],"picked":"Machine Learning","floor":16},{"not_picked":["Gash","Hologram"],"picked":"Hello World","floor":17},{"not_picked":["Compile Driver","Coolheaded"],"picked":"Chaos","floor":17},{"not_picked":["Compile Driver","Chill"],"picked":"Turbo","floor":17},{"not_picked":["Ball Lightning","BootSequence"],"picked":"White Noise","floor":17},{"not_picked":["Compile Driver","Hologram"],"picked":"Glacier","floor":17},{"not_picked":["Hologram","Rip and Tear"],"picked":"Reprogram","floor":18},{"not_picked":["Streamline","Meteor Strike"],"picked":"Static Discharge","floor":19},{"not_picked":["Hologram","Go for the Eyes+1"],"picked":"Tempest","floor":24}],"player_experience":57299,"relics_obtained":[{"floor":9,"key":"Lantern"},{"floor":10,"key":"Oddly Smooth Stone"},{"floor":19,"key":"Red Mask"},{"floor":24,"key":"Bottled Tornado"}],"event_choices":[{"cards_removed":["Strike_B"],"damage_healed":0,"gold_gain":0,"player_choice":"Purged","damage_taken":0,"max_hp_gain":0,"max_hp_loss":0,"event_name":"Purifier","floor":2,"gold_loss":0},{"damage_healed":0,"gold_gain":0,"cards_transformed":["Strike_B"],"player_choice":"Transformed","damage_taken":0,"max_hp_gain":0,"max_hp_loss":0,"event_name":"Transmorgrifier","floor":8,"gold_loss":0,"cards_obtained":["Chill"]},{"damage_healed":0,"gold_gain":0,"player_choice":"Fought Bandits","damage_taken":0,"max_hp_gain":0,"max_hp_loss":0,"event_name":"Masked Bandits","floor":19,"gold_loss":0},{"damage_healed":0,"gold_gain":0,"player_choice":"Ignored","damage_taken":0,"max_hp_gain":0,"max_hp_loss":0,"event_name":"Ghosts","floor":21,"gold_loss":0}],"is_beta":false,"boss_relics":[{"not_picked":["Snecko Eye","Fusion Hammer"],"picked":"Orrery"}],"items_purged_floors":[],"is_endless":false,"potions_floor_spawned":[5,10,16,18],"killed_by":"2 Thieves","ascension_level":2}