{"gold_per_floor":[114,39,39,50,63,92,92,123,172,185,205,224,38,72,72,144,144,164,7,37,37,57,57,82,82,131,131,163,177,177],"floor_reached":30,"playtime":792,"items_purged":["Defend_R","Strike_R"],"score":481,"play_id":"2c595145-72e6-4aea-893d-f3392d247c88","local_time":"20181022181558","is_ascension_mode":true,"campfire_choices":[{"data":"Cleave","floor":7.0,"key":"SMITH"},{"data":"Rampage","floor":15,"key":"SMITH"},{"data":"Offering","floor":23,"key":"SMITH"},{"data":"Feed","floor":25,"key":"SMITH"},{"data":"Pommel Strike","floor":27,"key":"SMITH"}],"neow_cost":"NONE","seed_source_timestamp":0,"circlet_count":0,"master_deck":["Strike_R","Strike_R+1","Strike_R","Defend_R+1","Defend_R","Defend_R","Bash","AscendersBane","Cleave+1","Wild Strike","Shrug It Off","Pommel Strike+1","Feed+1","Battle Trance","Rampage+1","Dramatic Entrance","Reaper","Offering+1","Writhe","Spot Weakness","Ghostly Armor+1"],"special_seed":0,"relics":["Burning Blood","Pear","Ancient Tea Set","Lantern","Nunchaku","Black Star","Vajra","Tiny Chest","Bag of Marbles","Juzu Bracelet","Letter Opener","Pantograph"],"potions_floor_usage":[28],"damage_taken":[{"damage":0.0,"enemies":"2 Louse","floor":1.0,"turns":4.0},{"damage":4.0,"enemies":"Jaw Worm","floor":4.0,"turns":3.0},{"damage":5.0,"enemies":"Small Slimes","floor":5.0,"turns":3.0},{"damage":12.0,"enemies":"Gremlin Nob","floor":6.0,"turns":4.0},{"damage":24.0,"enemies":"3 Sentries","floor":8.0,"turns":7.0},{"damage":0.0,"enemies":"Exordium Wildlife","floor":10.0,"turns":2.0},{"damage":7.0,"enemies":"Large Slime","floor":11.0,"turns":4.0},{"damage":5.0,"enemies":"Blue Slaver","floor":12.0,"turns":3.0},{"damage":32,"enemies":"Lagavulin","floor":14,"turns":4},{"damage":36,"enemies":"Slime Boss","floor":16,"turns":8},{"damage":9,"enemies":"Spheric Guardian","floor":18,"turns":3},{"damage":15,"enemies":"2 Thieves","floor":22,"turns":3},{"damage":60,"enemies":"Slavers","floor":28,"turns":6},{"damage":6,"enemies":"Shelled Parasite and Fungi","floor":29,"turns":1},{"damage":41,"enemies":"Book of Stabbing","floor":30,"turns":4}],"seed_played":"2479671920566486467","potions_obtained":[{"floor":5.0,"key":"Block Potion"},{"floor":8.0,"key":"Strength Potion"},{"floor":11.0,"key":"Dexterity Potion"},{"floor":16,"key":"Ancient Potion"}],"is_trial":false,"path_per_floor":["M","$","?","M","M","E","R","E","T","M","M","M","$","E","R","B",null,"M","$","?","$","M","R","T","R","T","R","E","M"],"character_chosen":"IRONCLAD","items_purchased":["Dramatic Entrance","Vajra"],"campfire_rested":0,"item_purchase_floors":[13,19],"current_hp_per_floor":[74,74,59,61,62,66,66,48,48,57,59,60,60,34,34,12,71,68,68,68,68,62,62,62,62,62,62,33,37,0],"gold":177,"neow_bonus":"REMOVE_CARD","is_prod":false,"is_daily":false,"chose_seed":false,"campfire_upgraded":5,"win_rate":0,"timestamp":1540257358,"path_taken":["M","$","?","M","M","E","R","E","T","M","M","M","$","E","R","BOSS","M","$","?","$","M","R","?","R","T","R","E","M","E"],"build_version":"2018-10-18","purchased_purges":2,"victory":false,"max_hp_per_floor":[75,75,75,75,75,85,85,85,85,88,91,91,91,91,91,91,91,91,91,91,91,94,94,94,94,94,94,98,102,102],"card_choices":[{"not_picked":["Perfected Strike","Whirlwind"],"picked":"Cleave","floor":1.0},{"not_picked":["Anger","Rupture"],"picked":"Wild Strike","floor":4.0},{"not_picked":["Entrench","Clash"],"picked":"Shrug It Off","floor":5.0},{"not_picked":["Anger","Reckless Charge"],"picked":"Pommel Strike","floor":6.0},{"not_picked":["Pummel","Rage"],"picked":"Feed","floor":8.0},{"not_picked":["Heavy Blade","Clothesline","Anger"],"picked":"SKIP","floor":10.0},{"not_picked":["Metallicize","Anger"],"picked":"Battle Trance","floor":11.0},{"not_picked":["Sentinel","Metallicize"],"picked":"Rampage","floor":12.0},{"not_picked":["Perfected Strike","Twin Strike"],"picked":"Reaper","floor":14},{"not_picked":["Demon Form","Double Tap"],"picked":"Offering","floor":16},{"not_picked":["Clothesline","True Grit","Reckless Charge"],"picked":"SKIP","floor":18},{"not_picked":["Cleave","Sword Boomerang"],"picked":"Spot Weakness","floor":22},{"not_picked":["Infernal Blade","Thunderclap+1"],"picked":"Ghostly Armor+1","floor":28},{"not_picked":["Anger+1","Iron Wave","Flex"],"picked":"SKIP","floor":29}],"player_experience":618179,"relics_obtained":[{"floor":6.0,"key":"Pear"},{"floor":8.0,"key":"Ancient Tea Set"},{"floor":9.0,"key":"Lantern"},{"floor":14,"key":"Nunchaku"},{"floor":24,"key":"Bag of Marbles"},{"floor":26,"key":"Juzu Bracelet"},{"floor":28,"key":"Letter Opener"},{"floor":28,"key":"Pantograph"}],"event_choices":[{"damage_healed":0.0,"max_hp_gain":0.0,"max_hp_loss":0.0,"gold_gain":0.0,"event_name":"Shining Light","player_choice":"Entered Light","floor":3.0,"gold_loss":0.0,"damage_taken":15.0,"cards_upgraded":["Strike_R","Defend_R"]},{"damage_healed":0,"gold_gain":0,"player_choice":"Opened","damage_taken":0,"relics_obtained":["Tiny Chest"],"max_hp_gain":0,"max_hp_loss":0,"event_name":"The Mausoleum","floor":20,"gold_loss":0,"cards_obtained":["Writhe"]}],"is_beta":false,"boss_relics":[{"not_picked":["Eternal Feather","Velvet Choker"],"picked":"Black Star"}],"items_purged_floors":[2,13],"is_endless":false,"potions_floor_spawned":[5,8,11,16,18],"killed_by":"Book of Stabbing","ascension_level":14}