{"gold_per_floor":[113,129,148,148,148,182,195,216,216,235,235,235,248,43,43,166,166,187,23,122,25,49,49],"floor_reached":23,"playtime":622,"items_purged":[],"score":241,"play_id":"2f771962-9b36-417c-a78e-9c37f827a872","local_time":"20181015114003","is_ascension_mode":true,"campfire_choices":[{"data":"All For One","floor":11,"key":"SMITH"},{"data":"Hologram","floor":15,"key":"SMITH"}],"neow_cost":"NONE","seed_source_timestamp":409283893822059,"circlet_count":0,"master_deck":["Strike_B","Strike_B","Defend_B","Defend_B","Defend_B","Zap","Dualcast","Streamline","Redo","Beam Cell","Steam","All For One+1","Leap","Hologram+1","Ball Lightning","Leap","All For One","Streamline","Ball Lightning","Dramatic Entrance","Jack Of All Trades","Chill"],"relics":["Cracked Core","Ancient Tea Set","Golden Idol","Blood Vial","Pocketwatch","StoneCalendar","Centennial Puzzle","Empty Cage"],"potions_floor_usage":[6,16,16,23,23,23],"damage_taken":[{"damage":1,"enemies":"Cultist","floor":1,"turns":3},{"damage":0,"enemies":"2 Louse","floor":2,"turns":2},{"damage":5,"enemies":"Small Slimes","floor":3,"turns":3},{"damage":30,"enemies":"Lagavulin","floor":6,"turns":4},{"damage":1,"enemies":"3 Louse","floor":7,"turns":2},{"damage":1,"enemies":"2 Fungi Beasts","floor":8,"turns":3},{"damage":0,"enemies":"Large Slime","floor":10,"turns":4},{"damage":0,"enemies":"Red Slaver","floor":13,"turns":2},{"damage":38,"enemies":"The Guardian","floor":16,"turns":8},{"damage":10,"enemies":"Shell Parasite","floor":18,"turns":5},{"damage":33,"enemies":"2 Thieves","floor":22,"turns":4},{"damage":29,"enemies":"Slavers","floor":23,"turns":1}],"seed_played":"-5287554341882837494","potions_obtained":[{"floor":1,"key":"SteroidPotion"},{"floor":2,"key":"Dexterity Potion"},{"floor":6,"key":"Block Potion"},{"floor":18,"key":"Ancient Potion"},{"floor":22,"key":"Energy Potion"}],"is_trial":false,"path_per_floor":["M","M","M","?","?","E","M","M","T","M","R","?","M","$","R","B",null,"M","$","?","$","M"],"character_chosen":"DEFECT","items_purchased":["Leap","Centennial Puzzle","Ball Lightning","Dramatic Entrance","Poison Potion","Jack Of All Trades"],"campfire_rested":0,"item_purchase_floors":[14,14,19,19,19,21],"current_hp_per_floor":[74,74,69,69,62,34,35,36,36,38,38,38,40,40,40,4,53,45,45,45,45,14,0],"gold":49,"neow_bonus":"RANDOM_COMMON_RELIC","is_prod":false,"is_daily":false,"chose_seed":false,"campfire_upgraded":2,"win_rate":0,"timestamp":1539628803,"path_taken":["M","?","M","?","?","E","M","M","T","M","R","?","M","$","R","BOSS","M","$","?","$","?","E"],"build_version":"2018-10-11","purchased_purges":0,"victory":false,"max_hp_per_floor":[75,75,75,69,69,69,69,69,69,69,69,69,69,69,69,69,69,69,69,69,69,69,69],"card_choices":[{"not_picked":["Go for the Eyes","Reprogram"],"picked":"Streamline","floor":1},{"not_picked":["Conserve Battery","Rebound"],"picked":"Redo","floor":2},{"not_picked":["Chill","Hello World"],"picked":"Beam Cell","floor":3},{"not_picked":["Blizzard","Coolheaded"],"picked":"Steam","floor":6},{"not_picked":["Reinforced Body","Hologram"],"picked":"All For One","floor":7},{"not_picked":["Double Energy","Darkness"],"picked":"Leap","floor":8},{"not_picked":["Glacier","Auto Shields"],"picked":"Hologram","floor":10},{"not_picked":["Steam","Chaos"],"picked":"Ball Lightning","floor":13},{"not_picked":["Hyperbeam","Thunder Strike"],"picked":"All For One","floor":16},{"not_picked":["Coolheaded","Stack+1"],"picked":"Streamline","floor":18},{"not_picked":["Blizzard+1","Barrage"],"picked":"Chill","floor":22}],"player_experience":515453,"relics_obtained":[{"floor":6,"key":"Pocketwatch"},{"floor":9,"key":"StoneCalendar"}],"event_choices":[{"event_name":"Golden Idol","player_choice":"Lose Max HP","floor":4,"damage_taken":0},{"event_name":"Scrap Ooze","player_choice":"success","floor":5,"damage_taken":7},{"event_name":"Bonfire Elementals","player_choice":"BASIC","floor":12,"damage_taken":0},{"event_name":"Nest","player_choice":"Stole From Cult","floor":20,"damage_taken":0}],"is_beta":false,"boss_relics":[{"not_picked":["Nuclear Battery","FrozenCore"],"picked":"Empty Cage"}],"items_purged_floors":[],"is_endless":false,"potions_floor_spawned":[1,2,6,18,22],"killed_by":"Slavers","ascension_level":5}