{"path_per_floor":["M","$","?","M","?","R","E","?","T","M","R","E","M","M","R","B",null,"M","?","$","M","M","R","M"],"character_chosen":"THE_SILENT","items_purchased":["Quick Slash","Escape Plan","Underhanded Strike","Sucker Punch"],"gold_per_floor":[113,19,19,29,29,29,60,60,60,77,77,102,114,132,132,231,231,245,145,52,65,84,84,94],"floor_reached":25,"campfire_rested":1,"playtime":810,"current_hp_per_floor":[68,68,68,68,68,68,47,35,35,35,35,23,23,23,44,14,56,39,39,39,30,13,13,1],"items_purged":[],"gold":94,"score":266,"play_id":"3a59bfe8-7ad5-407c-8e44-b3842dbbc143","is_prod":false,"is_daily":false,"is_ascension_mode":true,"campfire_upgraded":3,"path_taken":["M","$","?","M","?","R","E","?","T","M","R","E","M","M","R","BOSS","M","?","$","?","M","R","M","?"],"build_version":"2018-02-15-PROD1","purchased_purges":0,"victory":false,"master_deck":["Defend_G","Defend_G","Defend_G","Defend_G","Strike_G","Strike_G","Strike_G","Strike_G","Survivor","Neutralize+1","Expertise","Backstab","Quick Slash","Escape Plan+1","Dagger Throw","Unload+1","Underhanded Strike","Dagger Throw","Dodge and Roll","Backflip","Wraith Form+1","Underhanded Strike","J.A.X.","Underhanded Strike","Sucker Punch","Heel Hook+1","Eviscerate","Escape Plan+1"],"max_hp_per_floor":[70,70,70,70,70,70,70,70,70,70,70,70,70,70,70,70,70,70,70,70,70,70,70,70],"relics":["Ring of the Snake","Gambling Chip","Mummified Hand","Ginger","Unceasing Top","Philosopher\u0027s Stone"],"card_choices":[{"not_picked":["PiercingWail","Accuracy"],"picked":"Backstab"},{"not_picked":["Cloak And Dagger","Flying Knee"],"picked":"Dagger Throw"},{"not_picked":["Dash","Dodge and Roll"],"picked":"Unload"},{"not_picked":["Backflip","Infinite Blades"],"picked":"Underhanded Strike"},{"not_picked":["Backflip","Well Laid Plans"],"picked":"Dagger Throw"},{"not_picked":["Flying Knee","Bane"],"picked":"Dodge and Roll"},{"not_picked":["Expertise","Infinite Blades"],"picked":"Backflip"},{"not_picked":["Grand Finale","Night Terror"],"picked":"Wraith Form"},{"not_picked":["Noxious Fumes","Terror"],"picked":"Underhanded Strike"},{"not_picked":["Noxious Fumes","PiercingWail"],"picked":"Heel Hook"},{"not_picked":["Dagger Spray","Dagger Throw"],"picked":"Eviscerate"},{"not_picked":["Footwork","Well Laid Plans"],"picked":"Escape Plan"}],"player_experience":184636,"potions_floor_usage":[7,16,18,25],"damage_taken":[{"damage":2,"enemies":"2 Louse","floor":1,"turns":3},{"damage":0,"enemies":"Cultist","floor":4,"turns":3},{"damage":21,"enemies":"Gremlin Nob","floor":7,"turns":4},{"damage":0,"enemies":"Jaw Worm","floor":10,"turns":2},{"damage":12,"enemies":"Lagavulin","floor":12,"turns":5},{"damage":0,"enemies":"3 Louse","floor":13,"turns":2},{"damage":0,"enemies":"Exordium Thugs","floor":14,"turns":3},{"damage":30,"enemies":"The Guardian","floor":16,"turns":13},{"damage":17,"enemies":"2 Thieves","floor":18,"turns":3},{"damage":9,"enemies":"Chosen","floor":21,"turns":3},{"damage":17,"enemies":"Centurion and Healer","floor":22,"turns":5},{"damage":12,"enemies":"Snake Plant","floor":24,"turns":3},{"damage":3,"enemies":"Cultist and Chosen","floor":25,"turns":3}],"event_choices":[{"event_name":"Bonfire Elementals","player_choice":"BASIC","floor":3,"damage_taken":0},{"event_name":"Upgrade Shrine","player_choice":"Upgraded","floor":5,"damage_taken":0},{"event_name":"Scrap Ooze","player_choice":"success","floor":8,"damage_taken":12},{"event_name":"Drug Dealer","player_choice":"Got JAXXED","floor":19,"damage_taken":0}],"boss_relics":[{"not_picked":["Runic Dome","White Beast Statue"],"picked":"Philosopher\u0027s Stone"}],"potions_floor_spawned":[4,12,13,14,24],"seed_played":"-7144371460386131318","killed_by":"Cultist and Chosen","ascension_level":5,"is_trial":false}