{"gold_per_floor":[112,132,144,164,182,207,207,207,207,227,257,292,292,321,321,425,425,435,435,710,723,723],"floor_reached":22,"playtime":744,"items_purged":[],"score":252,"play_id":"a8e9635a-9b91-481e-b5ad-30bc1ca5e5d1","local_time":"20190415033935","is_ascension_mode":true,"campfire_choices":[{"floor":7,"key":"REST"},{"data":"Biased Cognition","floor":13,"key":"SMITH"},{"floor":15,"key":"REST"}],"neow_cost":"NONE","seed_source_timestamp":263274930928300,"circlet_count":0,"master_deck":["Strike_B","Strike_B+1","Strike_B+1","Strike_B","Defend_B","Defend_B","Defend_B","Defend_B","Zap","Dualcast","Cold Snap","Core Surge","Ball Lightning","Ball Lightning","Biased Cognition+1","Double Energy","Redo","Reinforced Body","Conserve Battery","Double Energy","BootSequence","Machine Learning","Ball Lightning","Regret","Ball Lightning+1"],"relics":["Cracked Core","Whetstone","Gremlin Horn","Blood Vial","Odd Mushroom","Ancient Tea Set","Dodecahedron","Philosopher\u0027s Stone"],"potions_floor_usage":[6,6,6,12,22],"damage_taken":[{"damage":6,"enemies":"2 Louse","floor":1,"turns":2},{"damage":0,"enemies":"Cultist","floor":2,"turns":3},{"damage":2,"enemies":"Small Slimes","floor":3,"turns":3},{"damage":9,"enemies":"Blue Slaver","floor":4,"turns":3},{"damage":11,"enemies":"Lots of Slimes","floor":5,"turns":3},{"damage":14,"enemies":"Lagavulin","floor":6,"turns":4},{"damage":11,"enemies":"Looter","floor":10,"turns":2},{"damage":5,"enemies":"The Mushroom Lair","floor":11,"turns":4},{"damage":3,"enemies":"Gremlin Nob","floor":12,"turns":3},{"damage":11,"enemies":"Lagavulin","floor":14,"turns":4},{"damage":31,"enemies":"Hexaghost","floor":16,"turns":8},{"damage":13,"enemies":"3 Byrds","floor":18,"turns":3},{"damage":37,"enemies":"2 Thieves","floor":21,"turns":4},{"damage":17,"enemies":"3 Cultists","floor":22,"turns":2}],"seed_played":"6573980111332177064","potions_obtained":[{"floor":2,"key":"EssenceOfSteel"},{"floor":4,"key":"Poison Potion"},{"floor":5,"key":"Fire Potion"},{"floor":11,"key":"SkillPotion"},{"floor":12,"key":"Energy Potion"}],"is_trial":false,"path_per_floor":["M","M","M","M","M","E","R","?","T","M","?","E","R","E","R","B",null,"M","?","?","M","M"],"character_chosen":"DEFECT","items_purchased":[],"campfire_rested":2,"item_purchase_floors":[],"current_hp_per_floor":[69,69,67,58,47,33,55,55,55,46,43,42,42,33,55,26,75,62,48,48,13,0],"gold":723,"neow_bonus":"RANDOM_COMMON_RELIC","is_prod":false,"is_daily":false,"chose_seed":false,"campfire_upgraded":1,"win_rate":0,"timestamp":1555324775,"path_taken":["M","M","M","M","M","E","R","?","T","?","?","E","R","E","R","BOSS","M","?","?","?","?"],"build_version":"2019-01-23","purchased_purges":0,"victory":false,"max_hp_per_floor":[75,75,75,75,75,75,75,75,75,75,75,75,75,75,75,75,75,75,80,80,80,80],"card_choices":[{"not_picked":["Coolheaded","Leap"],"picked":"Cold Snap","floor":1},{"not_picked":["Aggregate","Stack","Barrage"],"picked":"SKIP","floor":2},{"not_picked":["Streamline","Steam"],"picked":"Core Surge","floor":3},{"not_picked":["Rebound","Leap"],"picked":"Ball Lightning","floor":4},{"not_picked":["Rip and Tear","Compile Driver"],"picked":"Ball Lightning","floor":5},{"not_picked":["Coolheaded","Core Surge"],"picked":"Biased Cognition","floor":6},{"not_picked":["Turbo","Darkness"],"picked":"Reinforced Body","floor":10},{"not_picked":["Hologram","Stack"],"picked":"Conserve Battery","floor":11},{"not_picked":["Barrage","Gash"],"picked":"Double Energy","floor":12},{"not_picked":["Streamline","Static Discharge"],"picked":"BootSequence","floor":14},{"not_picked":["Core Surge","Amplify"],"picked":"Machine Learning","floor":16},{"not_picked":["Reinforced Body+1","Chill"],"picked":"Ball Lightning","floor":18},{"not_picked":["FTL","Rebound"],"picked":"Ball Lightning+1","floor":21}],"player_experience":113782,"relics_obtained":[{"floor":6,"key":"Gremlin Horn"},{"floor":9,"key":"Blood Vial"},{"floor":11,"key":"Odd Mushroom"},{"floor":12,"key":"Ancient Tea Set"},{"floor":14,"key":"Dodecahedron"}],"event_choices":[{"damage_healed":0,"gold_gain":0,"player_choice":"2 cards matched","damage_taken":0,"max_hp_gain":0,"max_hp_loss":0,"event_name":"Match and Keep!","floor":8,"gold_loss":0,"cards_obtained":["Double Energy","Redo"]},{"damage_healed":0,"gold_gain":0,"player_choice":"Fought Mushrooms","damage_taken":0,"max_hp_gain":0,"max_hp_loss":0,"event_name":"Mushrooms","floor":11,"gold_loss":0},{"damage_healed":0,"gold_gain":0,"player_choice":"Shed Blood","damage_taken":19,"max_hp_gain":5,"max_hp_loss":0,"event_name":"Forgotten Altar","floor":19,"gold_loss":0},{"damage_healed":0,"gold_gain":275,"player_choice":"Desecrate","damage_taken":0,"max_hp_gain":0,"max_hp_loss":0,"event_name":"Golden Shrine","floor":20,"gold_loss":0,"cards_obtained":["Regret"]}],"is_beta":false,"boss_relics":[{"not_picked":["Cursed Key","Orrery"],"picked":"Philosopher\u0027s Stone"}],"items_purged_floors":[],"is_endless":false,"potions_floor_spawned":[2,4,5,11,12],"killed_by":"3 Cultists","ascension_level":2}