{"gold_per_floor":[118,193,211,386,10,45,58,58,58,90,90,90,117,117,117,213,213,227,237,217,117,129,129,129,129,129,0,20,37,37,72,72,171,171,186,204,48,0,0,0,10,10,10,10],"floor_reached":44,"playtime":2408,"items_purged":["Doubt","Strike_R"],"score":654,"play_id":"a77feb47-2d75-4e5b-9f1f-f0e857928b3a","local_time":"20190305231817","is_ascension_mode":true,"campfire_choices":[{"data":"Bash","floor":8,"key":"SMITH"},{"data":"Metallicize","floor":11,"key":"SMITH"},{"data":"Immolate","floor":15,"key":"SMITH"},{"data":"Inflame","floor":23,"key":"SMITH"},{"floor":25,"key":"REST"},{"data":"Limit Break","floor":30,"key":"SMITH"},{"floor":32,"key":"REST"},{"floor":40,"key":"REST"}],"neow_cost":"NONE","seed_source_timestamp":118501217095604,"circlet_count":0,"master_deck":["Strike_R+1","Strike_R","Strike_R","Strike_R","Defend_R+1","Defend_R+1","Defend_R","Defend_R","Bash+1","Metallicize+1","Headbutt","Offering+1","Pommel Strike","Cleave","Immolate+1","Limit Break+1","Whirlwind","Inflame+1","Flex","Heavy Blade","Flex+1","Metallicize","Demon Form","Sentinel+1","Shockwave","Parasite"],"relics":["Burning Blood","NeowsBlessing","FossilizedHelix","Centennial Puzzle","Question Card","Ornamental Fan","War Paint","Snecko Eye","Incense Burner","Sundial","Sozu","Blood Vial","Red Mask","Shovel"],"potions_floor_usage":[16,31,33,33,33],"damage_taken":[{"damage":0,"enemies":"2 Louse","floor":1,"turns":1},{"damage":0,"enemies":"Small Slimes","floor":3,"turns":1},{"damage":0,"enemies":"Gremlin Nob","floor":6,"turns":1},{"damage":0,"enemies":"Cultist","floor":7,"turns":2},{"damage":17,"enemies":"3 Sentries","floor":10,"turns":8},{"damage":8,"enemies":"Gremlin Nob","floor":13,"turns":3},{"damage":34,"enemies":"Hexaghost","floor":16,"turns":7},{"damage":21,"enemies":"Shell Parasite","floor":18,"turns":3},{"damage":0,"enemies":"2 Thieves","floor":19,"turns":2},{"damage":0,"enemies":"Centurion and Healer","floor":22,"turns":4},{"damage":12,"enemies":"3 Cultists","floor":28,"turns":3},{"damage":0,"enemies":"Sentry and Sphere","floor":29,"turns":3},{"damage":46,"enemies":"Gremlin Leader","floor":31,"turns":6},{"damage":48,"enemies":"Collector","floor":33,"turns":5},{"damage":9,"enemies":"3 Shapes","floor":35,"turns":2},{"damage":41,"enemies":"3 Darklings","floor":36,"turns":5},{"damage":6,"enemies":"Transient","floor":41,"turns":5},{"damage":77,"enemies":"Writhing Mass","floor":44,"turns":6}],"seed_played":"-5797404627026849590","potions_obtained":[{"floor":1,"key":"FearPotion"},{"floor":7,"key":"LiquidBronze"},{"floor":18,"key":"AttackPotion"},{"floor":20,"key":"GamblersBrew"},{"floor":29,"key":"Energy Potion"},{"floor":31,"key":"Energy Potion"}],"is_trial":false,"path_per_floor":["M","?","M","?","$","E","M","R","T","E","R","?","E","?","R","B",null,"M","M","?","$","M","R","?","R","T","?","M","M","R","E","R","B",null,"M","M","$","?","?","R","M","?","T","M"],"character_chosen":"IRONCLAD","items_purchased":["FossilizedHelix","Blood Vial"],"campfire_rested":3,"item_purchase_floors":[5,37],"current_hp_per_floor":[78,67,73,73,73,79,80,80,80,69,69,53,51,51,51,23,66,51,57,57,57,63,63,48,73,73,73,67,73,73,33,58,16,68,65,30,30,30,30,54,56,56,56,0],"gold":10,"neow_bonus":"THREE_ENEMY_KILL","is_prod":false,"is_daily":false,"chose_seed":false,"campfire_upgraded":5,"win_rate":0,"timestamp":1551845897,"path_taken":["M","?","M","?","$","E","M","R","T","E","R","?","E","?","R","BOSS","M","M","?","?","?","R","?","R","T","?","M","M","R","E","R","BOSS","M","M","$","?","?","R","M","?","T","M"],"build_version":"2019-01-23","purchased_purges":2,"victory":false,"max_hp_per_floor":[80,80,80,80,80,80,80,80,80,80,80,80,80,80,80,80,80,80,80,80,80,80,80,85,85,85,85,85,85,85,85,85,85,85,85,85,85,85,81,81,81,81,81,81],"card_choices":[{"not_picked":["Wild Strike","Headbutt"],"picked":"Metallicize","floor":1},{"not_picked":["Twin Strike","Havoc"],"picked":"Headbutt","floor":3},{"not_picked":["Havoc","Pummel"],"picked":"Offering","floor":6},{"not_picked":["True Grit","Infernal Blade"],"picked":"Pommel Strike","floor":7},{"not_picked":["Infernal Blade","Battle Trance","Combust"],"picked":"Cleave","floor":10},{"not_picked":["Body Slam","Thunderclap","Cleave"],"picked":"Immolate","floor":13},{"not_picked":["Immolate","Barricade","Brutality"],"picked":"Limit Break","floor":16},{"not_picked":["Carnage","Feel No Pain","Body Slam"],"picked":"Whirlwind","floor":18},{"not_picked":["Iron Wave","Carnage","Battle Trance"],"picked":"Inflame","floor":19},{"not_picked":["Warcry","Bloodletting+1","Wild Strike+1"],"picked":"Flex","floor":22},{"not_picked":["Rupture","Cleave","Pommel Strike"],"picked":"Heavy Blade","floor":28},{"not_picked":["Sword Boomerang","Entrench","Cleave"],"picked":"Flex+1","floor":29},{"not_picked":["Pommel Strike","Brutality","Entrench"],"picked":"Metallicize","floor":31},{"not_picked":["Brutality","Feed","Juggernaut"],"picked":"Demon Form","floor":33},{"not_picked":["Inflame","Twin Strike","Evolve","Cleave"],"picked":"SKIP","floor":35},{"not_picked":["Searing Blow","True Grit","Headbutt"],"picked":"Sentinel+1","floor":36},{"not_picked":["Hemokinesis+1","Shrug It Off","Wild Strike"],"picked":"Shockwave","floor":41}],"player_experience":222900,"relics_obtained":[{"floor":6,"key":"Centennial Puzzle"},{"floor":9,"key":"Question Card"},{"floor":10,"key":"Ornamental Fan"},{"floor":13,"key":"War Paint"},{"floor":26,"key":"Incense Burner"},{"floor":31,"key":"Sundial"},{"floor":43,"key":"Shovel"}],"event_choices":[{"damage_healed":0,"gold_gain":75,"player_choice":"Gather Gold","damage_taken":11,"max_hp_gain":0,"max_hp_loss":0,"event_name":"World of Goop","floor":2,"gold_loss":0},{"damage_healed":0,"gold_gain":175,"player_choice":"AGREE","damage_taken":0,"max_hp_gain":0,"max_hp_loss":0,"event_name":"Liars Game","floor":4,"gold_loss":0,"cards_obtained":["Doubt"]},{"damage_healed":0,"gold_gain":0,"player_choice":"Entered Light","damage_taken":16,"max_hp_gain":0,"max_hp_loss":0,"event_name":"Shining Light","floor":12,"gold_loss":0,"cards_upgraded":["Strike_R","Offering"]},{"damage_healed":0,"gold_gain":0,"player_choice":"Ignored","damage_taken":0,"max_hp_gain":0,"max_hp_loss":0,"event_name":"Golden Idol","floor":14,"gold_loss":0},{"damage_healed":0,"gold_gain":0,"player_choice":"Bought 1 Potion","damage_taken":0,"max_hp_gain":0,"max_hp_loss":0,"event_name":"The Woman in Blue","floor":20,"gold_loss":0},{"damage_healed":0,"gold_gain":0,"player_choice":"Shed Blood","damage_taken":20,"max_hp_gain":5,"max_hp_loss":0,"event_name":"Forgotten Altar","floor":24,"gold_loss":0},{"damage_healed":0,"gold_gain":0,"player_choice":"Paid Fearfully","damage_taken":0,"max_hp_gain":0,"max_hp_loss":0,"event_name":"Masked Bandits","floor":27,"gold_loss":129},{"damage_healed":0,"gold_gain":0,"player_choice":"Paid","damage_taken":0,"relics_obtained":["Red Mask"],"max_hp_gain":0,"max_hp_loss":0,"event_name":"Tomb of Lord Red Mask","floor":38,"gold_loss":48},{"damage_healed":0,"gold_gain":0,"player_choice":"Max HP","damage_taken":0,"max_hp_gain":0,"max_hp_loss":4,"event_name":"Winding Halls","floor":39,"gold_loss":0},{"damage_healed":0,"gold_gain":0,"player_choice":"Ignored","damage_taken":0,"max_hp_gain":0,"max_hp_loss":0,"event_name":"WeMeetAgain","floor":42,"gold_loss":0}],"is_beta":false,"boss_relics":[{"not_picked":["Eternal Feather","Coffee Dripper"],"picked":"Snecko Eye"},{"not_picked":["Busted Crown","Empty Cage"],"picked":"Sozu"}],"items_purged_floors":[5,21],"is_endless":false,"potions_floor_spawned":[1,7,18,29,31,36,41],"killed_by":"Writhing Mass","ascension_level":8}