{"gold_per_floor":[109,109,69,1,16,16,47,47,47,112,131,147,147,157,157,252,252,268,284,5,5,16,16,16,16,16,49,49,59,75,24,24,123,123,141,9,9,9,9,40,40,40,65,81,6,6],"floor_reached":46,"playtime":1063,"items_purged":["Normality"],"score":546,"play_id":"06af975a-e7dd-4909-9e37-0264fab7363e","local_time":"20181014141455","is_ascension_mode":true,"campfire_choices":[{"data":"Defragment","floor":6,"key":"SMITH"},{"data":"Rainbow","floor":8,"key":"SMITH"},{"floor":13,"key":"REST"},{"data":"Fusion","floor":15,"key":"SMITH"},{"floor":23,"key":"REST"},{"floor":25,"key":"REST"},{"data":"White Noise","floor":28,"key":"SMITH"},{"floor":32,"key":"REST"},{"floor":41,"key":"REST"}],"neow_cost":"NONE","seed_source_timestamp":331736387844988,"circlet_count":0,"master_deck":["Strike_B","Strike_B","Strike_B","Strike_B","Defend_B","Defend_B","Defend_B","Defend_B","Zap+1","Dualcast+1","Ball Lightning","Defragment+1","Steam","Rainbow+1","Ball Lightning+1","Fusion+1","All For One+1","White Noise+1","Echo Form","Doom and Gloom+1","Cold Snap+1","Melter+1","Streamline+1","RitualDagger+1","Compile Driver+1","J.A.X.","Streamline+1","Static Discharge","Redo","Go for the Eyes+1","Electrodynamics","Static Discharge+1","Capacitor","Go for the Eyes+1","Parasite","Steam","Consume+1","Chaos+1"],"relics":["Cracked Core","Cables","Molten Egg 2","Tiny Chest","Lizard Tail","DataDisk","Gremlin Horn","Ornamental Fan","Cursed Key","Torii","Shuriken","Nunchaku","Orichalcum"],"potions_floor_usage":[12,18,29,30,33,33,40,40,46],"damage_taken":[{"damage":10,"enemies":"Small Slimes","floor":1,"turns":3},{"damage":0,"enemies":"Cultist","floor":5,"turns":2},{"damage":10,"enemies":"Lagavulin","floor":7,"turns":6},{"damage":9,"enemies":"3 Sentries","floor":10,"turns":6},{"damage":8,"enemies":"Jaw Worm","floor":11,"turns":2},{"damage":0,"enemies":"Looter","floor":12,"turns":2},{"damage":4,"enemies":"Gremlin Gang","floor":14,"turns":3},{"damage":10,"enemies":"The Guardian","floor":16,"turns":7},{"damage":23,"enemies":"2 Thieves","floor":18,"turns":4},{"damage":2,"enemies":"Spheric Guardian","floor":19,"turns":3},{"damage":24,"enemies":"Snake Plant","floor":22,"turns":2},{"damage":11,"enemies":"Gremlin Leader","floor":27,"turns":4},{"damage":27,"enemies":"Sentry and Sphere","floor":29,"turns":4},{"damage":34,"enemies":"Shelled Parasite and Fungi","floor":30,"turns":3},{"damage":53,"enemies":"Collector","floor":33,"turns":6},{"damage":23,"enemies":"3 Darklings","floor":35,"turns":4},{"damage":44,"enemies":"Nemesis","floor":40,"turns":5},{"damage":3,"enemies":"Mind Bloom Boss Battle","floor":42,"turns":5},{"damage":20,"enemies":"3 Shapes","floor":44,"turns":2},{"damage":12,"enemies":"3 Darklings","floor":46,"turns":1}],"seed_played":"7204801501740481040","potions_obtained":[{"floor":3,"key":"Swift Potion"},{"floor":3,"key":"Strength Potion"},{"floor":3,"key":"Fruit Juice"},{"floor":12,"key":"SkillPotion"},{"floor":22,"key":"EssenceOfSteel"},{"floor":30,"key":"Energy Potion"},{"floor":33,"key":"Strength Potion"},{"floor":35,"key":"AttackPotion"},{"floor":44,"key":"Fire Potion"}],"is_trial":false,"path_per_floor":["M","?","?","$","M","R","E","R","T","E","M","M","R","M","R","B",null,"M","M","$","?","M","R","?","R","T","E","R","M","M","$","R","B",null,"M","$","?","T","?","E","R","?","T","M","$"],"character_chosen":"DEFECT","items_purchased":["Defragment","Melter+1","DataDisk","Streamline+1","Go for the Eyes+1","Capacitor","Go for the Eyes+1"],"campfire_rested":5,"item_purchase_floors":[4,20,20,20,31,36,36],"current_hp_per_floor":[65,65,65,65,65,65,55,55,55,46,38,43,67,63,63,53,80,57,55,55,49,25,49,49,73,73,62,62,35,1,1,25,13,80,57,57,57,57,57,13,35,32,32,12,12,0],"gold":6,"neow_bonus":"UPGRADE_CARD","is_prod":false,"is_daily":false,"chose_seed":false,"campfire_upgraded":4,"win_rate":0,"timestamp":1539551695,"path_taken":["M","?","?","$","M","R","E","R","T","E","M","M","R","M","R","BOSS","M","M","$","?","M","R","?","R","T","E","R","M","?","$","R","BOSS","M","$","?","?","?","E","R","?","T","M","$","M"],"build_version":"2018-10-11","purchased_purges":1,"victory":false,"max_hp_per_floor":[75,75,75,75,75,75,75,75,75,75,75,80,80,80,80,80,80,80,80,80,80,80,80,80,80,80,80,80,80,80,80,80,80,80,80,80,76,76,76,76,76,76,76,76,76,76],"card_choices":[{"not_picked":["Hologram","Steam"],"picked":"Ball Lightning","floor":1},{"not_picked":["Stack","Loop"],"picked":"Steam","floor":5},{"not_picked":["Fusion","Turbo"],"picked":"Rainbow","floor":7},{"not_picked":["Heatsinks","Beam Cell+1"],"picked":"Ball Lightning+1","floor":10},{"not_picked":["Rebound+1","Streamline+1"],"picked":"Fusion","floor":11},{"not_picked":["Compile Driver+1","White Noise"],"picked":"All For One+1","floor":12},{"not_picked":["Steam","BootSequence"],"picked":"White Noise","floor":14},{"not_picked":["Rainbow","Meteor Strike+1"],"picked":"Echo Form","floor":16},{"not_picked":["Recycle","Ball Lightning+1"],"picked":"Doom and Gloom+1","floor":18},{"not_picked":["Consume","Barrage+1"],"picked":"Cold Snap+1","floor":19},{"not_picked":["Go for the Eyes+1","Recycle"],"picked":"Compile Driver+1","floor":22},{"not_picked":["Seek","Coolheaded+1"],"picked":"Streamline+1","floor":27},{"not_picked":["Streamline+1","Cold Snap+1"],"picked":"Static Discharge","floor":29},{"not_picked":["Streamline+1","Storm"],"picked":"Redo","floor":30},{"not_picked":["Thunder Strike+1","Core Surge+1"],"picked":"Electrodynamics","floor":33},{"not_picked":["Scrape+1","Doom and Gloom+1"],"picked":"Static Discharge+1","floor":35},{"not_picked":["Lockon+1","Ball Lightning+1"],"picked":"Steam","floor":40},{"not_picked":["Aggregate+1","Cold Snap+1"],"picked":"Consume+1","floor":42},{"not_picked":["Cold Snap+1","Gash+1"],"picked":"Chaos+1","floor":44}],"player_experience":498457,"relics_obtained":[{"floor":7,"key":"Cables"},{"floor":9,"key":"Molten Egg 2"},{"floor":10,"key":"Tiny Chest"},{"floor":26,"key":"Gremlin Horn"},{"floor":27,"key":"Ornamental Fan"},{"floor":38,"key":"Torii"},{"floor":40,"key":"Shuriken"},{"floor":42,"key":"Nunchaku"},{"floor":43,"key":"Orichalcum"}],"event_choices":[{"event_name":"Upgrade Shrine","player_choice":"Upgraded","floor":2,"damage_taken":0},{"event_name":"The Woman in Blue","player_choice":"Bought 3 Potions","floor":3,"damage_taken":0},{"event_name":"Nest","player_choice":"Joined the Cult","floor":21,"damage_taken":0},{"event_name":"Drug Dealer","player_choice":"Got JAX","floor":24,"damage_taken":0},{"event_name":"Winding Halls","player_choice":"Max HP","floor":37,"damage_taken":0},{"event_name":"Mysterious Sphere","player_choice":"Ignore","floor":39,"damage_taken":0},{"event_name":"MindBloom","player_choice":"Fight","floor":42,"damage_taken":0}],"is_beta":false,"boss_relics":[{"not_picked":["Runic Pyramid","Eternal Feather"],"picked":"Lizard Tail"},{"not_picked":["Calling Bell","Philosopher\u0027s Stone"],"picked":"Cursed Key"}],"items_purged_floors":[45],"is_endless":false,"potions_floor_spawned":[11,12,14,16,22,30,33,35,44],"killed_by":"3 Darklings","ascension_level":2}