{"gold_per_floor":[116,71,86,86,86,86,116,133,133,167,63,23,83,83],"floor_reached":14,"playtime":249,"items_purged":[],"score":127,"play_id":"6d49ea94-c046-47c0-b7dc-48ef7163a58a","local_time":"20181016120942","is_ascension_mode":true,"campfire_choices":[{"data":"Gash","floor":6,"key":"SMITH"}],"neow_cost":"TEN_PERCENT_HP_LOSS","seed_source_timestamp":497836909562825,"circlet_count":0,"master_deck":["Strike_B","Strike_B","Strike_B","Defend_B","Defend_B","Defend_B","Defend_B","Zap","Dualcast","All For One","Defragment","Go for the Eyes","Gash+1","Hologram","Static Discharge","Hyperbeam","Dark Shackles","FTL"],"relics":["Cracked Core","SsserpentHead","Nunchaku","Sundial","Mercury Hourglass","Matryoshka"],"potions_floor_usage":[10,14],"damage_taken":[{"damage":6,"enemies":"Cultist","floor":1,"turns":3},{"damage":0,"enemies":"Small Slimes","floor":3,"turns":3},{"damage":25,"enemies":"Lagavulin","floor":7,"turns":5},{"damage":4,"enemies":"Jaw Worm","floor":8,"turns":2},{"damage":27,"enemies":"3 Sentries","floor":10,"turns":4},{"damage":0,"enemies":"2 Fungi Beasts","floor":13,"turns":1},{"damage":8,"enemies":"Exordium Thugs","floor":14,"turns":2}],"seed_played":"5319890886133219948","potions_obtained":[{"floor":7,"key":"FocusPotion"},{"floor":10,"key":"Energy Potion"},{"floor":13,"key":"PowerPotion"}],"is_trial":false,"path_per_floor":["M","$","M","?","?","R","E","M","T","E","$","?","M"],"character_chosen":"DEFECT","items_purchased":["Go for the Eyes","Dark Shackles"],"campfire_rested":0,"item_purchase_floors":[2,11],"current_hp_per_floor":[62,62,62,62,62,62,37,33,33,6,6,6,6,0],"gold":83,"neow_bonus":"THREE_RARE_CARDS","is_prod":false,"is_daily":false,"chose_seed":false,"campfire_upgraded":1,"win_rate":0,"timestamp":1539716982,"path_taken":["M","$","?","?","?","R","E","M","T","E","$","?","?","M"],"build_version":"2018-10-11","purchased_purges":0,"victory":false,"max_hp_per_floor":[68,68,68,68,68,68,68,68,68,68,68,68,68,68],"card_choices":[{"not_picked":["Creative AI","Machine Learning"],"picked":"All For One","floor":0},{"not_picked":["Coolheaded","Force Field"],"picked":"Defragment","floor":1},{"not_picked":["Darkness","White Noise"],"picked":"Gash","floor":3},{"not_picked":["Auto Shields","Streamline"],"picked":"Hologram","floor":7},{"not_picked":["Sweeping Beam","Steam"],"picked":"Static Discharge","floor":8},{"not_picked":["Stack","Glacier"],"picked":"Hyperbeam","floor":10},{"not_picked":["Barrage","Beam Cell"],"picked":"FTL","floor":13}],"player_experience":532301,"relics_obtained":[{"floor":7,"key":"Nunchaku"},{"floor":9,"key":"Sundial"},{"floor":10,"key":"Mercury Hourglass"}],"event_choices":[{"event_name":"FaceTrader","player_choice":"Trade","floor":4,"damage_taken":0},{"event_name":"The Cleric","player_choice":"Card Removal","floor":5,"damage_taken":0},{"event_name":"WeMeetAgain","player_choice":"Gold","floor":12,"damage_taken":0}],"is_beta":false,"boss_relics":[],"items_purged_floors":[],"is_endless":false,"potions_floor_spawned":[7,10,13],"killed_by":"Exordium Thugs","ascension_level":6}