{"gold_per_floor":[109,129,204,154,174,174,208,208,285,285,298,318,328,348,348,348],"floor_reached":16,"playtime":545,"items_purged":[],"score":117,"play_id":"fc251d67-b83c-4282-963a-7d892afb2258","local_time":"20190130203958","is_ascension_mode":true,"campfire_choices":[{"data":"Limit Break","floor":6,"key":"SMITH"},{"floor":8,"key":"REST"},{"floor":10,"key":"REST"},{"floor":15,"key":"REST"}],"neow_cost":"CURSE","seed_source_timestamp":287804090338700,"circlet_count":0,"master_deck":["Strike_R","Strike_R+1","Strike_R+1","Strike_R","Defend_R","Defend_R","Defend_R","Defend_R","Bash","Clumsy","Limit Break+1","Battle Trance","Armaments","Flame Barrier","Thunderclap","Dual Wield","Dropkick"],"relics":["Burning Blood","Whetstone","Odd Mushroom"],"potions_floor_usage":[11],"damage_taken":[{"damage":11,"enemies":"Cultist","floor":1,"turns":4},{"damage":10,"enemies":"Small Slimes","floor":2,"turns":5},{"damage":0,"enemies":"2 Louse","floor":5,"turns":3},{"damage":62,"enemies":"3 Sentries","floor":7,"turns":19},{"damage":3,"enemies":"Blue Slaver","floor":11,"turns":6},{"damage":13,"enemies":"Lots of Slimes","floor":12,"turns":4},{"damage":11,"enemies":"Looter","floor":13,"turns":3},{"damage":44,"enemies":"The Mushroom Lair","floor":14,"turns":4},{"damage":51,"enemies":"Hexaghost","floor":16,"turns":13}],"seed_played":"-7284096215805430325","potions_obtained":[{"floor":5,"key":"FairyPotion"},{"floor":7,"key":"Weak Potion"},{"floor":14,"key":"Ancient Potion"}],"is_trial":false,"path_per_floor":["M","M","?","?","M","R","E","R","T","R","M","M","M","?","R","B"],"character_chosen":"IRONCLAD","items_purchased":[],"campfire_rested":3,"item_purchase_floors":[],"current_hp_per_floor":[75,71,60,60,66,66,10,34,34,58,61,54,49,11,35,0],"gold":348,"neow_bonus":"THREE_RARE_CARDS","is_prod":false,"is_daily":false,"chose_seed":false,"campfire_upgraded":1,"win_rate":0,"timestamp":1548909598,"path_taken":["M","?","?","?","M","R","E","R","T","R","M","M","M","?","R","BOSS"],"build_version":"2019-01-23","purchased_purges":0,"victory":false,"max_hp_per_floor":[80,80,80,80,80,80,80,80,80,80,80,80,80,80,80,80],"card_choices":[{"not_picked":["Bludgeon","Reaper"],"picked":"Limit Break","floor":0},{"not_picked":["Perfected Strike","Body Slam"],"picked":"Battle Trance","floor":1},{"not_picked":["Body Slam","Heavy Blade"],"picked":"Armaments","floor":2},{"not_picked":["Body Slam","Sword Boomerang"],"picked":"Flame Barrier","floor":5},{"not_picked":["Seeing Red","Bloodletting","Brutality"],"picked":"SKIP","floor":7},{"not_picked":["Sever Soul","True Grit"],"picked":"Thunderclap","floor":11},{"not_picked":["True Grit","Burning Pact"],"picked":"Dual Wield","floor":12},{"not_picked":["Shrug It Off","Clothesline"],"picked":"Dropkick","floor":13}],"player_experience":427514,"relics_obtained":[{"floor":7,"key":"Whetstone"},{"floor":14,"key":"Odd Mushroom"}],"event_choices":[{"damage_healed":0,"gold_gain":75,"player_choice":"Gather Gold","damage_taken":11,"max_hp_gain":0,"max_hp_loss":0,"event_name":"World of Goop","floor":3,"gold_loss":0},{"cards_removed":["Strike_R"],"damage_healed":0,"gold_gain":0,"player_choice":"Card Removal","damage_taken":0,"max_hp_gain":0,"max_hp_loss":0,"event_name":"The Cleric","floor":4,"gold_loss":50},{"damage_healed":0,"gold_gain":0,"player_choice":"Fought Mushrooms","damage_taken":0,"max_hp_gain":0,"max_hp_loss":0,"event_name":"Mushrooms","floor":14,"gold_loss":0}],"is_beta":true,"boss_relics":[],"items_purged_floors":[],"is_endless":false,"potions_floor_spawned":[5,7,14],"killed_by":"Hexaghost","ascension_level":3}