{"path_per_floor":["M","$","?","M","M","R","E","R","T","R","M","M","?","M","R","B",null,"M","$","M","?","?","R","E","R","T","M","?"],"character_chosen":"THE_SILENT","items_purchased":["Backflip","Bottled Tornado","Slice"],"gold_per_floor":[112,14,14,30,42,42,73,73,98,98,109,121,121,141,141,260,298,322,35,55,55,55,55,93,93,393,413,313],"floor_reached":29,"campfire_rested":3,"playtime":851,"current_hp_per_floor":[64,64,50,50,48,48,13,34,34,34,33,15,15,7,26,2,70,66,66,38,38,38,38,6,27,27,15,15],"items_purged":["Pain"],"gold":313,"score":292,"play_id":"6a30087a-63d9-4b0e-bd8e-d26256d96c1d","is_prod":false,"is_daily":false,"is_ascension_mode":true,"campfire_upgraded":0,"path_taken":["M","$","?","M","?","R","E","R","T","R","?","M","?","M","R","BOSS","M","$","M","?","?","R","E","R","T","M","?","E"],"build_version":"2018-02-15-PROD1","purchased_purges":1,"victory":false,"master_deck":["Defend_G","Defend_G+1","Defend_G","Defend_G+1","Strike_G","Strike_G","Strike_G","Strike_G","Survivor","Neutralize","Distraction","Backflip+1","Cloak And Dagger","Cloak And Dagger","Bouncing Flask","Dagger Spray","Noxious Fumes","A Thousand Cuts","Catalyst","All Out Attack","Slice","Escape Plan","Backstab","Dodge and Roll+1","Catalyst","J.A.X."],"max_hp_per_floor":[70,70,70,70,70,70,70,70,70,70,70,70,65,65,65,65,70,70,70,70,70,70,70,70,70,70,70,70],"relics":["Ring of the Snake","Peace Pipe","Tingsha","Ancient Tea Set","Golden Idol","Tiny House","Bottled Tornado","Snake Skull","Vajra","Old Coin"],"card_choices":[{"not_picked":["Dodge and Roll","Underhanded Strike"],"picked":"Distraction"},{"not_picked":["Well Laid Plans","Outmaneuver"],"picked":"Cloak And Dagger"},{"not_picked":["Dodge and Roll","Choke"],"picked":"Cloak And Dagger"},{"not_picked":["Blade Dance","Slice"],"picked":"Bouncing Flask"},{"not_picked":["All Out Attack","Blur"],"picked":"Dagger Spray"},{"not_picked":["Dodge and Roll","Bane"],"picked":"Noxious Fumes"},{"not_picked":["Glass Knife","Corpse Explosion"],"picked":"A Thousand Cuts"},{"not_picked":["Quick Slash","Acrobatics"],"picked":"Catalyst"},{"not_picked":["Reflex","Underhanded Strike"],"picked":"All Out Attack"},{"not_picked":["Dodge and Roll","Well Laid Plans"],"picked":"Escape Plan"},{"not_picked":["Eviscerate","Tactician"],"picked":"Dodge and Roll"},{"not_picked":["Poisoned Stab","Endless Agony"],"picked":"Catalyst"}],"player_experience":169208,"potions_floor_usage":[7,7,16,24,27,29],"damage_taken":[{"damage":6,"enemies":"Small Slimes","floor":1,"turns":3},{"damage":0,"enemies":"2 Louse","floor":4,"turns":2},{"damage":2,"enemies":"Cultist","floor":5,"turns":4},{"damage":35,"enemies":"Gremlin Nob","floor":7,"turns":5},{"damage":1,"enemies":"Red Slaver","floor":11,"turns":3},{"damage":18,"enemies":"Lots of Slimes","floor":12,"turns":6},{"damage":8,"enemies":"3 Louse","floor":14,"turns":3},{"damage":24,"enemies":"Hexaghost","floor":16,"turns":9},{"damage":4,"enemies":"Shell Parasite","floor":18,"turns":6},{"damage":28,"enemies":"Chosen","floor":20,"turns":5},{"damage":32,"enemies":"Slavers","floor":24,"turns":5},{"damage":12,"enemies":"3 Cultists","floor":27,"turns":4},{"damage":18,"enemies":"Book of Stabbing","floor":29,"turns":3}],"event_choices":[{"event_name":"Shining Light","player_choice":"Entered Light","floor":3,"damage_taken":0},{"event_name":"Golden Idol","player_choice":"Lose Max HP","floor":13,"damage_taken":0},{"event_name":"The Library","player_choice":"Read","floor":21,"damage_taken":0},{"event_name":"The Mausoleum","player_choice":"Yes","floor":22,"damage_taken":0},{"event_name":"Drug Dealer","player_choice":"Got JAXXED","floor":28,"damage_taken":0}],"boss_relics":[{"not_picked":["Question Card","Pandora\u0027s Box"],"picked":"Tiny House"}],"potions_floor_spawned":[1,5,7,20,27],"seed_played":"8658848010155899585","killed_by":"Book of Stabbing","ascension_level":4,"is_trial":false}