{"gold_per_floor":[115,128,128,146,146,171,171,191,191,218,218,218,58,78,78,152,152,172,172],"floor_reached":19,"playtime":908,"items_purged":["Strike_R"],"score":327,"play_id":"6f7177b5-c58c-419d-b422-530902756066","local_time":"20190318081338","is_ascension_mode":true,"campfire_choices":[{"floor":7,"key":"REST"},{"data":"True Grit","floor":15,"key":"SMITH"}],"neow_cost":"NONE","seed_source_timestamp":1185316982517441,"circlet_count":0,"master_deck":["AscendersBane","Strike_R","Strike_R","Strike_R","Strike_R","Defend_R","Defend_R","Defend_R","Defend_R","Bash+1","Clothesline","Anger","Reaper","Shrug It Off","Cleave","Whirlwind","Shockwave","True Grit+1","Juggernaut","Headbutt"],"relics":["Burning Blood","NeowsBlessing","Strawberry","Vajra","Bottled Flame","Paper Frog","Velvet Choker"],"potions_floor_usage":[10,19],"damage_taken":[{"damage":0,"enemies":"Cultist","floor":1,"turns":1},{"damage":0,"enemies":"Jaw Worm","floor":2,"turns":1},{"damage":0,"enemies":"2 Louse","floor":4,"turns":1},{"damage":50,"enemies":"Lagavulin","floor":6,"turns":6},{"damage":4,"enemies":"Looter","floor":8,"turns":4},{"damage":37,"enemies":"3 Sentries","floor":10,"turns":7},{"damage":16,"enemies":"Exordium Wildlife","floor":14,"turns":3},{"damage":53,"enemies":"The Guardian","floor":16,"turns":10},{"damage":23,"enemies":"Chosen","floor":18,"turns":5},{"damage":61,"enemies":"Masked Bandits","floor":19,"turns":3}],"seed_played":"-8714209156852470456","potions_obtained":[{"floor":2,"key":"EssenceOfSteel"},{"floor":6,"key":"SneckoOil"},{"floor":10,"key":"LiquidBronze"}],"is_trial":false,"path_per_floor":["M","M","?","M","?","E","R","M","T","E","?","T","$","M","R","B",null,"M","?"],"character_chosen":"IRONCLAD","items_purchased":["Shockwave"],"campfire_rested":1,"item_purchase_floors":[13],"current_hp_per_floor":[74,75,80,80,80,43,69,75,75,54,54,54,54,47,47,8,67,58,0],"gold":172,"neow_bonus":"THREE_ENEMY_KILL","is_prod":false,"is_daily":false,"chose_seed":false,"campfire_upgraded":1,"win_rate":0,"timestamp":1552911218,"path_taken":["M","?","?","M","?","E","R","M","T","E","?","?","$","M","R","BOSS","M","?"],"build_version":"2019-01-23","purchased_purges":1,"victory":false,"max_hp_per_floor":[75,75,80,80,80,87,87,87,87,87,87,87,87,87,87,87,87,87,87],"card_choices":[{"not_picked":["Flex","Thunderclap"],"picked":"Clothesline","floor":1},{"not_picked":["Sentinel","Infernal Blade"],"picked":"Anger","floor":2},{"not_picked":["Dual Wield","Second Wind"],"picked":"Reaper","floor":4},{"not_picked":["Intimidate","Pommel Strike"],"picked":"Shrug It Off","floor":6},{"not_picked":["Headbutt","Iron Wave"],"picked":"Cleave","floor":8},{"not_picked":["Rupture","Pummel"],"picked":"Whirlwind","floor":10},{"not_picked":["Power Through","Sword Boomerang"],"picked":"True Grit","floor":14},{"not_picked":["Fiend Fire","Bludgeon"],"picked":"Juggernaut","floor":16},{"not_picked":["Flex","Clothesline"],"picked":"Headbutt","floor":18}],"player_experience":326560,"relics_obtained":[{"floor":6,"key":"Strawberry"},{"floor":9,"key":"Vajra"},{"floor":10,"key":"Bottled Flame"},{"floor":12,"key":"Paper Frog"}],"event_choices":[{"damage_healed":0,"gold_gain":0,"player_choice":"Donut","damage_taken":0,"max_hp_gain":5,"max_hp_loss":0,"event_name":"Big Fish","floor":3,"gold_loss":0},{"damage_healed":0,"gold_gain":0,"player_choice":"Grow","damage_taken":0,"max_hp_gain":0,"max_hp_loss":0,"event_name":"Living Wall","floor":5,"gold_loss":0,"cards_upgraded":["Bash"]},{"damage_healed":0,"gold_gain":0,"player_choice":"Searched \u00271\u0027 times","damage_taken":0,"max_hp_gain":0,"max_hp_loss":0,"event_name":"Dead Adventurer","floor":11,"gold_loss":0},{"damage_healed":0,"gold_gain":0,"player_choice":"Fought Bandits","damage_taken":0,"max_hp_gain":0,"max_hp_loss":0,"event_name":"Masked Bandits","floor":19,"gold_loss":0}],"is_beta":false,"boss_relics":[{"not_picked":["Black Star","Black Blood"],"picked":"Velvet Choker"}],"items_purged_floors":[13],"is_endless":false,"potions_floor_spawned":[2,6,10],"killed_by":"Masked Bandits","ascension_level":17}