{"gold_per_floor":[115,115,134,151,0,0,30,30,30,30,61,74,101,119,119,215,215,225,225],"floor_reached":19,"playtime":433,"items_purged":[],"score":196,"play_id":"2c165cea-38c0-4fd9-a20e-45ccce768e35","local_time":"20181014025235","is_ascension_mode":true,"campfire_choices":[{"data":"Fusion","floor":6,"key":"SMITH"},{"floor":15,"key":"REST"}],"neow_cost":"NONE","seed_source_timestamp":291426315121427,"circlet_count":0,"master_deck":["Strike_B","Strike_B","Strike_B","Strike_B","Defend_B","Defend_B","Defend_B","Zap+1","Dualcast","Darkness","Auto Shields","Gash","Fusion+1","Rip and Tear","Amplify","Gash","Gash","Go for the Eyes","Redo","Echo Form","Lockon"],"relics":["Cracked Core","Bottled Flame","Blood Vial","Potion Belt","Blue Candle","Cursed Key"],"potions_floor_usage":[7,13,13,16],"damage_taken":[{"damage":0,"enemies":"2 Louse","floor":1,"turns":2},{"damage":8,"enemies":"Jaw Worm","floor":3,"turns":3},{"damage":1,"enemies":"Cultist","floor":4,"turns":3},{"damage":5,"enemies":"Gremlin Nob","floor":7,"turns":3},{"damage":18,"enemies":"3 Sentries","floor":11,"turns":6},{"damage":11,"enemies":"Red Slaver","floor":12,"turns":3},{"damage":14,"enemies":"Gremlin Nob","floor":13,"turns":3},{"damage":7,"enemies":"Blue Slaver","floor":14,"turns":3},{"damage":21,"enemies":"Slime Boss","floor":16,"turns":6},{"damage":10,"enemies":"Spheric Guardian","floor":18,"turns":3},{"damage":68,"enemies":"Masked Bandits","floor":19,"turns":4}],"seed_played":"-702215535249693815","potions_obtained":[{"floor":1,"key":"Fire Potion"},{"floor":4,"key":"PowerPotion"},{"floor":12,"key":"Explosive Potion"},{"floor":13,"key":"Dexterity Potion"}],"is_trial":false,"path_per_floor":["M","?","M","M","$","R","E","$","T","?","E","M","E","M","R","B",null,"M"],"character_chosen":"DEFECT","items_purchased":["Fusion","Rip and Tear"],"campfire_rested":1,"item_purchase_floors":[5,5],"current_hp_per_floor":[75,68,60,59,59,59,54,54,54,75,57,48,36,31,53,34,75,65,0],"gold":225,"neow_bonus":"UPGRADE_CARD","is_prod":false,"is_daily":false,"chose_seed":false,"campfire_upgraded":1,"win_rate":0,"timestamp":1539510755,"path_taken":["M","?","M","?","$","R","E","?","T","?","E","M","E","M","R","BOSS","M","?"],"build_version":"2018-10-11","purchased_purges":0,"victory":false,"max_hp_per_floor":[75,75,75,75,75,75,75,75,75,75,75,75,75,75,75,75,75,75,75],"card_choices":[{"not_picked":["Leap","Melter"],"picked":"Darkness","floor":1},{"not_picked":["Gash","Turbo"],"picked":"Auto Shields","floor":3},{"not_picked":["Steam","Undo"],"picked":"Gash","floor":4},{"not_picked":["Double Energy","Lockon"],"picked":"Amplify","floor":7},{"not_picked":["BootSequence","Aggregate"],"picked":"Gash","floor":11},{"not_picked":["Steam Power","Beam Cell"],"picked":"Gash","floor":12},{"not_picked":["Coolheaded","Double Energy"],"picked":"Go for the Eyes","floor":13},{"not_picked":["Streamline","Leap"],"picked":"Redo","floor":14},{"not_picked":["Buffer","Meteor Strike"],"picked":"Echo Form","floor":16},{"not_picked":["Cold Snap","Stack"],"picked":"Lockon","floor":18}],"player_experience":488657,"relics_obtained":[{"floor":7,"key":"Bottled Flame"},{"floor":9,"key":"Blood Vial"},{"floor":11,"key":"Potion Belt"},{"floor":13,"key":"Blue Candle"}],"event_choices":[{"event_name":"Golden Wing","player_choice":"Card Removal","floor":2,"damage_taken":0},{"event_name":"Big Fish","player_choice":"Banana","floor":10,"damage_taken":0},{"event_name":"Masked Bandits","player_choice":"Fought Bandits","floor":19,"damage_taken":0}],"is_beta":false,"boss_relics":[{"not_picked":["Astrolabe","Runic Pyramid"],"picked":"Cursed Key"}],"items_purged_floors":[],"is_endless":false,"potions_floor_spawned":[1,4,12,13],"killed_by":"Masked Bandits","ascension_level":1}