{"path_per_floor":["M","?","M","?","?","R","E","M","T","R","E","M","M","M","R","B",null,"M","M","$","?","M"],"character_chosen":"THE_SILENT","items_purchased":["Molten Egg 2","Dagger Throw"],"gold_per_floor":[116,116,129,129,79,79,108,120,166,166,191,204,214,233,233,331,361,376,394,8,8,22],"floor_reached":23,"campfire_rested":0,"playtime":773,"current_hp_per_floor":[70,56,56,56,56,56,56,52,52,52,49,49,49,49,49,36,75,55,47,47,39,21],"items_purged":["Strike_G"],"gold":22,"score":274,"play_id":"9542f562-83c7-47a8-97ba-1fd2047f337b","is_prod":false,"is_daily":false,"is_ascension_mode":true,"campfire_upgraded":3,"path_taken":["M","?","M","?","?","R","E","M","T","R","E","M","M","M","R","BOSS","M","M","$","?","M","E"],"build_version":"2018-02-15-PROD1","purchased_purges":1,"victory":false,"master_deck":["Defend_G+1","Defend_G","Defend_G+1","Defend_G+1","Defend_G","Strike_G","Strike_G","Strike_G","Survivor+1","Neutralize+1","Quick Slash+1","Blade Dance","Die Die Die","Sucker Punch+1","Heel Hook","Poisoned Stab","Dagger Throw","Concentrate","Storm of Steel","All Out Attack","Eviscerate","Distraction","Dagger Throw+1","Underhanded Strike+1"],"max_hp_per_floor":[70,70,70,70,70,70,70,70,70,70,70,70,70,70,70,70,75,75,75,75,75,75],"relics":["Ring of the Snake","NeowsBlessing","Unceasing Top","Anchor","Art of War","Tiny House","Molten Egg 2"],"card_choices":[{"not_picked":["Flying Knee","Setup"],"picked":"Quick Slash"},{"not_picked":["Flechettes","Masterful Stab"],"picked":"Blade Dance"},{"not_picked":["Quick Slash","Flying Knee"],"picked":"Die Die Die"},{"not_picked":["Well Laid Plans","PiercingWail"],"picked":"Sucker Punch"},{"not_picked":["Slice","Quick Slash"],"picked":"Heel Hook"},{"not_picked":["Slice","Backflip"],"picked":"Poisoned Stab"},{"not_picked":["PiercingWail","Outmaneuver"],"picked":"Dagger Throw"},{"not_picked":["Quick Slash","Sucker Punch"],"picked":"Concentrate"},{"not_picked":["A Thousand Cuts","Burst"],"picked":"Storm of Steel"},{"not_picked":["Acrobatics","Poisoned Stab"],"picked":"All Out Attack"},{"not_picked":["Underhanded Strike","Predator"],"picked":"Eviscerate"},{"not_picked":["Dodge and Roll","Quick Slash"],"picked":"Distraction"},{"not_picked":["Deadly Poison","Acrobatics"],"picked":"Underhanded Strike"}],"player_experience":156583,"potions_floor_usage":[16,16,18,22,22,23,23],"damage_taken":[{"damage":0,"enemies":"Cultist","floor":1,"turns":1},{"damage":0,"enemies":"2 Louse","floor":3,"turns":1},{"damage":0,"enemies":"Gremlin Nob","floor":7,"turns":1},{"damage":4,"enemies":"Jaw Worm","floor":8,"turns":3},{"damage":3,"enemies":"3 Sentries","floor":11,"turns":6},{"damage":0,"enemies":"3 Louse","floor":12,"turns":2},{"damage":0,"enemies":"Looter","floor":13,"turns":2},{"damage":0,"enemies":"2 Fungi Beasts","floor":14,"turns":2},{"damage":13,"enemies":"Hexaghost","floor":16,"turns":7},{"damage":20,"enemies":"Shell Parasite","floor":18,"turns":6},{"damage":8,"enemies":"Chosen","floor":19,"turns":4},{"damage":18,"enemies":"Sentry and Sphere","floor":22,"turns":5},{"damage":29,"enemies":"Gremlin Leader","floor":23,"turns":6}],"event_choices":[{"event_name":"Shining Light","player_choice":"Entered Light","floor":2,"damage_taken":0},{"event_name":"Accursed Blacksmith","player_choice":"Forge","floor":4,"damage_taken":0},{"event_name":"The Cleric","player_choice":"Card Removal","floor":5,"damage_taken":0},{"event_name":"Knowing Skull","player_choice":"","floor":21,"damage_taken":0}],"boss_relics":[{"not_picked":["Eternal Feather","Philosopher\u0027s Stone"],"picked":"Tiny House"}],"potions_floor_spawned":[3,8,11,13,14,16,18,22],"seed_played":"-4539976025122651123","killed_by":"Gremlin Leader","ascension_level":4,"is_trial":false}