{"gold_per_floor":[110,72,72,72,72,72,93,56,81,10,41,41,72,85,85,215,215,235,360,360],"floor_reached":20,"playtime":1431,"items_purged":[],"score":168,"play_id":"aa486fa7-d9ee-480b-8d03-a24c1777313e","local_time":"20181206135545","is_ascension_mode":false,"campfire_choices":[{"floor":6,"key":"REST"},{"data":"Crippling Poison","floor":15,"key":"SMITH"}],"neow_cost":"NONE","seed_source_timestamp":1187305598546453,"circlet_count":0,"master_deck":["Defend_G+1","Defend_G+1","Defend_G","Defend_G+1","Defend_G","Strike_G","Strike_G","Strike_G","Strike_G+1","Strike_G","Survivor","Neutralize","Acrobatics","Crippling Poison+1","Injury","Noxious Fumes","Crippling Poison+1","Noxious Fumes","Poisoned Stab","Blur","Bullet Time","Bouncing Flask","Blade Dance+1"],"relics":["Ring of the Snake","Orichalcum","Golden Idol","War Paint","Odd Mushroom","Gremlin Horn","HoveringKite","Mango","Toxic Egg 2"],"potions_floor_usage":[16,16,19],"damage_taken":[{"damage":0,"enemies":"Jaw Worm","floor":1,"turns":8},{"damage":0,"enemies":"Small Slimes","floor":7,"turns":3},{"damage":4,"enemies":"The Mushroom Lair","floor":11,"turns":3},{"damage":7,"enemies":"Gremlin Nob","floor":13,"turns":5},{"damage":2,"enemies":"2 Louse","floor":14,"turns":3},{"damage":10,"enemies":"Slime Boss","floor":16,"turns":9},{"damage":1,"enemies":"Chosen","floor":18,"turns":5},{"damage":14,"enemies":"Colosseum Slavers","floor":19,"turns":4},{"damage":42,"enemies":"Colosseum Nobs","floor":19,"turns":5},{"damage":33,"enemies":"Masked Bandits","floor":20,"turns":3}],"seed_played":"-147141246616746590","potions_obtained":[{"floor":7,"key":"SteroidPotion"},{"floor":11,"key":"SkillPotion"},{"floor":16,"key":"FearPotion"}],"is_trial":false,"path_per_floor":["M","$","?","?","?","R","M","$","T","$","?","$","E","M","R","B",null,"M","?","?"],"character_chosen":"THE_SILENT","items_purchased":["Crippling Poison","Crippling Poison","Noxious Fumes"],"campfire_rested":1,"item_purchase_floors":[2,8,10],"current_hp_per_floor":[70,70,70,70,56,70,70,70,70,70,66,66,59,57,57,47,70,69,27,0],"gold":360,"neow_bonus":"RANDOM_COMMON_RELIC","is_prod":false,"is_daily":false,"chose_seed":false,"campfire_upgraded":1,"win_rate":0.0,"timestamp":1544133345,"path_taken":["M","$","?","?","?","R","M","?","T","?","?","$","E","M","R","BOSS","M","?","?"],"build_version":"2018-11-15","purchased_purges":0,"victory":false,"max_hp_per_floor":[70,70,70,70,70,70,70,70,70,70,70,70,70,70,70,70,70,70,84,84],"card_choices":[{"not_picked":["Dagger Throw","Endless Agony"],"picked":"Acrobatics","floor":1},{"not_picked":["PiercingWail","Heel Hook"],"picked":"Noxious Fumes","floor":7},{"not_picked":["Distraction","Dodge and Roll"],"picked":"Poisoned Stab","floor":11},{"not_picked":["Deflect","Predator"],"picked":"Blur","floor":13},{"not_picked":["Tactician","Deflect","Reflex"],"picked":"SKIP","floor":14},{"not_picked":["Malaise","Phantasmal Killer"],"picked":"Bullet Time","floor":16},{"not_picked":["Calculated Gamble","Outmaneuver"],"picked":"Bouncing Flask","floor":18},{"not_picked":["Skewer","Finisher"],"picked":"Blade Dance+1","floor":19}],"player_experience":35922,"relics_obtained":[{"floor":9,"key":"War Paint"},{"floor":11,"key":"Odd Mushroom"},{"floor":13,"key":"Gremlin Horn"},{"floor":19,"key":"Mango"},{"floor":19,"key":"Toxic Egg 2"}],"event_choices":[{"damage_healed":0,"gold_gain":0,"player_choice":"Grow","damage_taken":0,"max_hp_gain":0,"max_hp_loss":0,"event_name":"Living Wall","floor":3,"gold_loss":0,"cards_upgraded":["Crippling Poison"]},{"damage_healed":0,"gold_gain":0,"player_choice":"Take Wound","damage_taken":0,"relics_obtained":["Golden Idol"],"max_hp_gain":0,"max_hp_loss":0,"event_name":"Golden Idol","floor":4,"gold_loss":0,"cards_obtained":["Injury"]},{"damage_healed":0,"gold_gain":0,"player_choice":"Entered Light","damage_taken":14,"max_hp_gain":0,"max_hp_loss":0,"event_name":"Shining Light","floor":5,"gold_loss":0,"cards_upgraded":["Defend_G","Strike_G"]},{"damage_healed":0,"gold_gain":0,"player_choice":"Fought Mushrooms","damage_taken":0,"max_hp_gain":0,"max_hp_loss":0,"event_name":"Mushrooms","floor":11,"gold_loss":0},{"damage_healed":0,"gold_gain":0,"player_choice":"Fight","damage_taken":0,"max_hp_gain":0,"max_hp_loss":0,"event_name":"Colosseum","floor":19,"gold_loss":0},{"damage_healed":0,"gold_gain":0,"player_choice":"Fought Nobs","damage_taken":0,"max_hp_gain":0,"max_hp_loss":0,"event_name":"Colosseum","floor":19,"gold_loss":0},{"damage_healed":0,"gold_gain":0,"player_choice":"Fought Bandits","damage_taken":0,"max_hp_gain":0,"max_hp_loss":0,"event_name":"Masked Bandits","floor":20,"gold_loss":0}],"is_beta":false,"boss_relics":[{"not_picked":["Snecko Eye","Runic Pyramid"],"picked":"HoveringKite"}],"items_purged_floors":[],"is_endless":false,"potions_floor_spawned":[7,11,16,19],"killed_by":"Masked Bandits","ascension_level":0}