{"gold_per_floor":[117,117,392,392,406,437,437,2,2,2,12,44,61,72,72,146,146,157,157,169,188,21,56,11,40,40,40,69,69,83,83],"floor_reached":31,"playtime":923,"items_purged":["Regret","Regret"],"score":558,"play_id":"af86b578-f3d8-469b-b276-32a519be71e7","local_time":"20181023125518","is_ascension_mode":true,"campfire_choices":[{"data":"Cleave","floor":7,"key":"SMITH"},{"data":"Uppercut","floor":15,"key":"SMITH"}],"neow_cost":"NONE","seed_source_timestamp":1104699922836124,"circlet_count":0,"master_deck":["Strike_R+1","Strike_R+1","Defend_R+1","Defend_R+1","Defend_R+1","Defend_R+1","Bash","AscendersBane","Cleave+1","Battle Trance","Twin Strike","Headbutt","Disarm","Shrug It Off","Uppercut+1","Offering","Brutality+1","Heavy Blade+1","Clothesline+1","Cleave","Necronomicurse","Flex","Dropkick","Pommel Strike","Seeing Red","Pommel Strike","Offering","Jack Of All Trades"],"relics":["Burning Blood","NeowsBlessing","Happy Flower","Mercury Hourglass","Ginger","Smiling Mask","Anchor","Astrolabe","Necronomicon","Unceasing Top","Vajra","Kunai","Dodecahedron"],"potions_floor_usage":[12,16,16,18,23,23,25],"damage_taken":[{"damage":0,"enemies":"2 Louse","floor":1,"turns":1},{"damage":0,"enemies":"Jaw Worm","floor":5,"turns":1},{"damage":0,"enemies":"3 Sentries","floor":6,"turns":1},{"damage":0,"enemies":"Cultist","floor":11,"turns":2},{"damage":20,"enemies":"Lagavulin","floor":12,"turns":3},{"damage":0,"enemies":"Lots of Slimes","floor":13,"turns":1},{"damage":0,"enemies":"Large Slime","floor":14,"turns":3},{"damage":43,"enemies":"Hexaghost","floor":16,"turns":8},{"damage":12,"enemies":"2 Thieves","floor":18,"turns":2},{"damage":13,"enemies":"3 Byrds","floor":20,"turns":3},{"damage":9,"enemies":"Snake Plant","floor":21,"turns":3},{"damage":4,"enemies":"Gremlin Leader","floor":23,"turns":3},{"damage":18,"enemies":"Book of Stabbing","floor":25,"turns":3},{"damage":24,"enemies":"Slavers","floor":28,"turns":4},{"damage":6,"enemies":"Snecko","floor":30,"turns":3},{"damage":23,"enemies":"Sentry and Sphere","floor":31,"turns":2}],"seed_played":"5842638663201589390","potions_obtained":[{"floor":5,"key":"Weak Potion"},{"floor":12,"key":"AttackPotion"},{"floor":16,"key":"AttackPotion"},{"floor":18,"key":"Regen Potion"},{"floor":21,"key":"Strength Potion"},{"floor":23,"key":"SneckoOil"}],"is_trial":false,"path_per_floor":["M","?","?","?","M","E","R","$","T","?","M","E","M","M","R","B",null,"M","?","M","M","$","E","$","E","T","?","E","?","M"],"character_chosen":"IRONCLAD","items_purchased":["Mercury Hourglass","Twin Strike","AttackPotion","Pommel Strike","Dramatic Entrance","Pommel Strike"],"campfire_rested":0,"item_purchase_floors":[8,8,8,22,22,24],"current_hp_per_floor":[74,59,59,59,65,71,71,71,71,71,75,61,67,73,73,36,65,59,43,36,33,33,44,44,32,32,32,14,14,14,0],"gold":83,"neow_bonus":"THREE_ENEMY_KILL","is_prod":false,"is_daily":false,"chose_seed":false,"campfire_upgraded":2,"win_rate":0,"timestamp":1540324518,"path_taken":["M","?","?","?","?","E","R","$","T","?","M","E","M","M","R","BOSS","M","?","?","M","$","E","?","E","T","?","E","?","?","M"],"build_version":"2018-10-18","purchased_purges":2,"victory":false,"max_hp_per_floor":[75,75,75,75,75,75,75,75,75,75,75,75,75,75,75,75,75,75,75,75,75,75,75,75,75,75,75,75,75,75,75],"card_choices":[{"not_picked":["Dual Wield","Thunderclap"],"picked":"Cleave","floor":1},{"not_picked":["Havoc","Blood for Blood","Anger"],"picked":"SKIP","floor":5},{"not_picked":["Brutality","Burning Pact"],"picked":"Battle Trance","floor":6},{"not_picked":["Sword Boomerang","Body Slam"],"picked":"Headbutt","floor":11},{"not_picked":["Pommel Strike","Metallicize"],"picked":"Disarm","floor":12},{"not_picked":["Anger","Warcry"],"picked":"Shrug It Off","floor":13},{"not_picked":["Searing Blow","Flex"],"picked":"Uppercut","floor":14},{"not_picked":["Limit Break","Brutality"],"picked":"Offering","floor":16},{"not_picked":["Warcry","Blood for Blood"],"picked":"Cleave","floor":18},{"not_picked":["Warcry","Body Slam"],"picked":"Flex","floor":20},{"not_picked":["Twin Strike","Thunderclap"],"picked":"Dropkick","floor":21},{"not_picked":["Havoc","Fiend Fire"],"picked":"Seeing Red","floor":23},{"not_picked":["Rampage","Second Wind"],"picked":"Offering","floor":25},{"not_picked":["Brutality","Body Slam","Cleave"],"picked":"SKIP","floor":28},{"not_picked":["Anger","Clash","Warcry"],"picked":"SKIP","floor":30}],"player_experience":622662,"relics_obtained":[{"floor":6,"key":"Happy Flower"},{"floor":9,"key":"Ginger"},{"floor":12,"key":"Anchor"},{"floor":19,"key":"Necronomicon"},{"floor":23,"key":"Unceasing Top"},{"floor":25,"key":"Vajra"},{"floor":26,"key":"Kunai"},{"floor":28,"key":"Dodecahedron"}],"event_choices":[{"damage_healed":0,"gold_gain":0,"player_choice":"Entered Light","damage_taken":15,"max_hp_gain":0,"max_hp_loss":0,"event_name":"Shining Light","floor":2,"gold_loss":0,"cards_upgraded":["Defend_R","Strike_R"]},{"damage_healed":0,"gold_gain":275,"player_choice":"Desecrate","damage_taken":0,"max_hp_gain":0,"max_hp_loss":0,"event_name":"Golden Shrine","floor":3,"gold_loss":0,"cards_obtained":["Regret"]},{"damage_healed":0,"gold_gain":0,"player_choice":"0 cards matched","damage_taken":0,"max_hp_gain":0,"max_hp_loss":0,"event_name":"Match and Keep!","floor":4,"gold_loss":0,"cards_obtained":[]},{"damage_healed":0,"gold_gain":0,"player_choice":"Box","damage_taken":0,"relics_obtained":["Smiling Mask"],"max_hp_gain":0,"max_hp_loss":0,"event_name":"Big Fish","floor":10,"gold_loss":0,"cards_obtained":["Regret"]},{"damage_healed":0,"gold_gain":0,"player_choice":"Obtained Book","damage_taken":16,"max_hp_gain":0,"max_hp_loss":0,"event_name":"Cursed Tome","floor":19,"gold_loss":0},{"damage_healed":0,"gold_gain":0,"cards_transformed":["Dramatic Entrance"],"player_choice":"Transformed","damage_taken":0,"max_hp_gain":0,"max_hp_loss":0,"event_name":"Transmorgrifier","floor":27,"gold_loss":0,"cards_obtained":["Jack Of All Trades"]},{"damage_healed":0,"gold_gain":0,"player_choice":"Simplicity","damage_taken":0,"max_hp_gain":0,"max_hp_loss":0,"event_name":"Back to Basics","floor":29,"gold_loss":0,"cards_upgraded":["Strike_R","Defend_R","Defend_R","Defend_R"]}],"is_beta":false,"boss_relics":[{"not_picked":["Ectoplasm","Calling Bell"],"picked":"Astrolabe"}],"items_purged_floors":[8,22],"is_endless":false,"potions_floor_spawned":[5,12,16,18,21,23],"killed_by":"Sentry and Sphere","ascension_level":14}