{"gold_per_floor":[111,41,58,12,22,22,56,56,56,84,102,117,18,31,31,108,108,96,21,21,33,33,33],"floor_reached":23,"playtime":711,"items_purged":["Strike_G"],"score":352,"play_id":"16581d32-6dc3-4c7d-8836-7768dfa81254","local_time":"20181206132739","is_ascension_mode":true,"campfire_choices":[{"data":"Accuracy","floor":6,"key":"SMITH"},{"data":"Footwork","floor":8,"key":"SMITH"},{"floor":15,"key":"REST"}],"neow_cost":"NONE","seed_source_timestamp":79039953813984,"circlet_count":0,"master_deck":["AscendersBane","Defend_G","Defend_G","Defend_G","Defend_G","Defend_G","Strike_G","Strike_G","Strike_G","Strike_G","Survivor","Neutralize","Storm of Steel","Dash","Accuracy+1","Footwork+1","Blade Dance","Bouncing Flask","Well Laid Plans","Leg Sweep","Deflect","Infinite Blades","Blade Dance","Storm of Steel","Accuracy","Corpse Explosion","Prepared","After Image"],"relics":["Ring of the Snake","Pear","Bag of Preparation","Pen Nib","Orrery"],"potions_floor_usage":[7,16,16,18,23],"damage_taken":[{"damage":0,"enemies":"Small Slimes","floor":1,"turns":5},{"damage":0,"enemies":"Cultist","floor":3,"turns":3},{"damage":0,"enemies":"2 Louse","floor":5,"turns":2},{"damage":30,"enemies":"Gremlin Nob","floor":7,"turns":5},{"damage":24,"enemies":"Lagavulin","floor":10,"turns":5},{"damage":1,"enemies":"Looter","floor":11,"turns":3},{"damage":0,"enemies":"Exordium Thugs","floor":12,"turns":2},{"damage":1,"enemies":"Blue Slaver","floor":14,"turns":4},{"damage":29,"enemies":"The Guardian","floor":16,"turns":10},{"damage":20,"enemies":"2 Thieves","floor":18,"turns":4},{"damage":1,"enemies":"Spheric Guardian","floor":21,"turns":3},{"damage":27,"enemies":"Shelled Parasite and Fungi","floor":23,"turns":7}],"seed_played":"4086247822065253902","potions_obtained":[{"floor":5,"key":"Block Potion"},{"floor":7,"key":"GamblersBrew"},{"floor":10,"key":"Energy Potion"},{"floor":16,"key":"SkillPotion"},{"floor":21,"key":"Weak Potion"}],"is_trial":false,"path_per_floor":["M","$","M","$","M","R","E","R","T","E","M","M","$","M","R","B",null,"M","$","?","M","$","M"],"character_chosen":"THE_SILENT","items_purchased":["Accuracy","Blade Dance","Deflect","Infinite Blades"],"campfire_rested":1,"item_purchase_floors":[2,4,13,13],"current_hp_per_floor":[59,59,59,59,59,59,39,39,39,15,14,14,14,13,35,6,59,39,39,39,38,38,11],"gold":33,"neow_bonus":"ONE_RANDOM_RARE_CARD","is_prod":false,"is_daily":false,"chose_seed":false,"campfire_upgraded":2,"win_rate":0,"timestamp":1544131659,"path_taken":["M","$","M","$","M","R","E","R","T","E","M","M","$","M","R","BOSS","M","$","?","?","$","M"],"build_version":"2018-11-15","purchased_purges":1,"victory":false,"max_hp_per_floor":[66,66,66,66,66,66,76,76,76,76,76,76,76,76,76,76,76,76,76,76,76,76,76],"card_choices":[{"not_picked":["Dodge and Roll","Backflip"],"picked":"Dash","floor":1},{"not_picked":["Underhanded Strike","Quick Slash"],"picked":"Footwork","floor":3},{"not_picked":["Outmaneuver","Caltrops","Flechettes"],"picked":"SKIP","floor":5},{"not_picked":["Burst","Skewer"],"picked":"Bouncing Flask","floor":7},{"not_picked":["Blade Dance","Cloak And Dagger"],"picked":"Well Laid Plans","floor":10},{"not_picked":["Prepared","Acrobatics"],"picked":"Leg Sweep","floor":11},{"not_picked":["Dodge and Roll","Poisoned Stab","Tactician"],"picked":"SKIP","floor":12},{"not_picked":["Prepared","Calculated Gamble"],"picked":"Blade Dance","floor":14},{"not_picked":["Phantasmal Killer","Glass Knife"],"picked":"Storm of Steel","floor":16},{"not_picked":["Riddle With Holes","Cloak And Dagger"],"picked":"Accuracy","floor":17},{"not_picked":["Heel Hook","Cloak And Dagger"],"picked":"Corpse Explosion","floor":17},{"not_picked":["Quick Slash","Flying Knee"],"picked":"Prepared","floor":18},{"not_picked":["Acrobatics","Leg Sweep","Underhanded Strike"],"picked":"SKIP","floor":21}],"player_experience":991582,"relics_obtained":[{"floor":7,"key":"Pear"},{"floor":9,"key":"Bag of Preparation"},{"floor":10,"key":"Pen Nib"}],"event_choices":[{"damage_healed":0,"gold_gain":0,"player_choice":"1 cards matched","damage_taken":0,"max_hp_gain":0,"max_hp_loss":0,"event_name":"Match and Keep!","floor":20,"gold_loss":0,"cards_obtained":["After Image"]}],"is_beta":false,"boss_relics":[{"not_picked":["Velvet Choker","Philosopher\u0027s Stone"],"picked":"Orrery"}],"items_purged_floors":[19],"is_endless":false,"potions_floor_spawned":[5,7,10,16,21],"killed_by":"Shelled Parasite and Fungi","ascension_level":15}