{"gold_per_floor":[109,109,128,203,128,160,160,193,193,209,226,253,273,273,273,368,368,388,32,51,51,70,97,97,128,151,167,185,215,230,264,264,362,362,377,53,70,170,187,220,220,220,270,297,313,313,313,344,344,344],"floor_reached":51,"playtime":11289,"items_purged":["Strike_B"],"score":1063,"play_id":"e255dd99-76c6-48b2-ade7-d32fdb493ac9","local_time":"20190323191623","is_ascension_mode":true,"campfire_choices":[{"data":"Sunder","floor":7.0,"key":"SMITH"},{"data":"Seek","floor":15.0,"key":"SMITH"},{"data":"Coolheaded","floor":32.0,"key":"SMITH"},{"data":"Double Energy","floor":42.0,"key":"SMITH"},{"data":"Creative AI","floor":46.0,"key":"SMITH"},{"data":"Madness","floor":49.0,"key":"SMITH"}],"neow_cost":"NONE","seed_source_timestamp":0,"circlet_count":0,"master_deck":["Defend_B","Defend_B","Zap","Dualcast","Self Repair","Multi-Cast","Chill","Sunder+1","Seek+1","Defragment","Streamline","Rebound","Echo Form","Double Energy+1","Machine Learning","Conserve Battery","Coolheaded+1","Hologram","Reprogram","Lockon","Self Repair+1","Coolheaded+1","Go for the Eyes+1","Stack","Creative AI+1","Go for the Eyes+1","Undo+1","Fusion+1","Ball Lightning","Compile Driver+1","Master of Strategy","Force Field+1","Madness+1","Madness","Reprogram+1"],"special_seed":0,"relics":["Cracked Core","Darkstone Periapt","Boot","Vajra","Blood Vial","Coffee Dripper","DataDisk","Strange Spoon","Incense Burner","Ornamental Fan","Centennial Puzzle","Meat on the Bone","Bag of Preparation","Astrolabe","Cables","Pocketwatch","Anchor","Oddly Smooth Stone","Bronze Scales","Bag of Marbles"],"potions_floor_usage":[50],"damage_taken":[{"damage":3.0,"enemies":"2 Louse","floor":1.0,"turns":2.0},{"damage":4.0,"enemies":"Small Slimes","floor":3.0,"turns":4.0},{"damage":25.0,"enemies":"3 Sentries","floor":6.0,"turns":11.0},{"damage":21.0,"enemies":"Lagavulin","floor":8.0,"turns":6.0},{"damage":2.0,"enemies":"Jaw Worm","floor":10.0,"turns":3.0},{"damage":9.0,"enemies":"Red Slaver","floor":11.0,"turns":2.0},{"damage":14.0,"enemies":"3 Sentries","floor":12.0,"turns":8.0},{"damage":6.0,"enemies":"Blue Slaver","floor":13.0,"turns":4.0},{"damage":18.0,"enemies":"Slime Boss","floor":16.0,"turns":9.0},{"damage":28.0,"enemies":"Chosen","floor":18.0,"turns":7.0},{"damage":13.0,"enemies":"Shell Parasite","floor":20.0,"turns":4.0},{"damage":21.0,"enemies":"Centurion and Healer","floor":22.0,"turns":8.0},{"damage":48.0,"enemies":"Book of Stabbing","floor":23.0,"turns":6.0},{"damage":20.0,"enemies":"Slavers","floor":25.0,"turns":8.0},{"damage":3.0,"enemies":"3 Cultists","floor":27.0,"turns":7.0},{"damage":22.0,"enemies":"Snake Plant","floor":28.0,"turns":5.0},{"damage":9.0,"enemies":"Gremlin Leader","floor":29.0,"turns":8.0},{"damage":0.0,"enemies":"Cultist and Chosen","floor":30.0,"turns":7.0},{"damage":0.0,"enemies":"Slavers","floor":31.0,"turns":6.0},{"damage":19.0,"enemies":"Automaton","floor":33.0,"turns":12.0},{"damage":2.0,"enemies":"Orb Walker","floor":35.0,"turns":5.0},{"damage":1.0,"enemies":"3 Shapes","floor":37.0,"turns":5.0},{"damage":0.0,"enemies":"Mind Bloom Boss Battle","floor":38.0,"turns":4.0},{"damage":16.0,"enemies":"Sphere and 2 Shapes","floor":39.0,"turns":4.0},{"damage":28.0,"enemies":"Giant Head","floor":40.0,"turns":8.0},{"damage":3.0,"enemies":"Nemesis","floor":44.0,"turns":7.0},{"damage":10.0,"enemies":"Transient","floor":45.0,"turns":5.0},{"damage":3.0,"enemies":"Giant Head","floor":48.0,"turns":7.0},{"damage":32,"enemies":"Awakened One","floor":50,"turns":12}],"seed_played":"-1209565053445071148","potions_obtained":[{"floor":1.0,"key":"Block Potion"},{"floor":6.0,"key":"Weak Potion"},{"floor":8.0,"key":"PowerPotion"},{"floor":12.0,"key":"GamblersBrew"},{"floor":18.0,"key":"Energy Potion"},{"floor":22.0,"key":"Fire Potion"},{"floor":28.0,"key":"Energy Potion"},{"floor":29.0,"key":"Fire Potion"},{"floor":30.0,"key":"SkillPotion"},{"floor":37.0,"key":"Swift Potion"},{"floor":38.0,"key":"SpeedPotion"},{"floor":39.0,"key":"LiquidBronze"}],"is_trial":false,"path_per_floor":["M","?","M","?","$","E","R","E","T","M","M","E","M","?","R","B",null,"M","$","M","?","M","E","?","E","T","M","M","E","M","E","R","B",null,"M","$","M","?","M","E","?","R","T","E","M","R","?","E","R","B",null],"character_chosen":"DEFECT","items_purchased":["Sunder","DataDisk","Strange Spoon","Cables"],"campfire_rested":0,"item_purchase_floors":[5,19,19,36],"current_hp_per_floor":[72,72,75,64,64,46,46,32,32,37,35,28,38,43,43,34,69,57,57,60,60,55,23,23,19,19,45,45,65,80,80,80,80,80,80,80,80,80,80,79,74,74,74,80,80,80,70,80,80,65],"gold":344,"neow_bonus":"REMOVE_CARD","is_prod":false,"is_daily":false,"chose_seed":false,"campfire_upgraded":6,"win_rate":0,"timestamp":1553368583,"path_taken":["M","?","M","?","$","E","R","E","T","M","M","E","M","?","R","BOSS","M","$","M","?","M","E","?","E","T","M","M","E","M","E","R","BOSS","M","$","M","?","M","E","?","R","T","E","M","R","?","E","R","BOSS"],"build_version":"2019-01-23","purchased_purges":1,"victory":true,"max_hp_per_floor":[75,75,75,75,75,75,75,75,75,75,75,75,75,80,80,80,80,80,80,80,80,80,80,80,80,80,80,80,80,80,80,80,80,80,80,80,80,80,80,80,80,80,80,80,80,80,80,80,80,80],"card_choices":[{"not_picked":["Heatsinks","Gash"],"picked":"Self Repair","floor":1.0},{"not_picked":["Cold Snap","Hello World"],"picked":"Chill","floor":3.0},{"not_picked":["Consume","Darkness"],"picked":"Seek","floor":6.0},{"not_picked":["Undo","Sweeping Beam"],"picked":"Defragment","floor":8.0},{"not_picked":["Leap","Barrage"],"picked":"Streamline","floor":10.0},{"not_picked":["Force Field","Streamline"],"picked":"Rebound","floor":11.0},{"not_picked":["Steam Power","Streamline"],"picked":"Echo Form","floor":12.0},{"not_picked":["Skim","Darkness"],"picked":"Double Energy","floor":13.0},{"not_picked":["All For One","Buffer"],"picked":"Machine Learning","floor":16.0},{"not_picked":["Sunder","Cold Snap"],"picked":"Conserve Battery","floor":18.0},{"not_picked":["Leap","Beam Cell+1"],"picked":"Coolheaded+1","floor":20.0},{"not_picked":["Chaos","Leap"],"picked":"Reprogram","floor":22.0},{"not_picked":["Double Energy+1","Coolheaded"],"picked":"Lockon","floor":23.0},{"not_picked":["Storm","Leap"],"picked":"Self Repair+1","floor":25.0},{"not_picked":["Beam Cell","Creative AI"],"picked":"Coolheaded","floor":27.0},{"not_picked":["Aggregate","Leap"],"picked":"Go for the Eyes+1","floor":28.0},{"not_picked":["Hyperbeam","Fission"],"picked":"Stack","floor":29.0},{"not_picked":["Leap","Skim","Streamline"],"picked":"SKIP","floor":30.0},{"not_picked":["Meteor Strike","Lockon","Beam Cell"],"picked":"SKIP","floor":31.0},{"not_picked":["Machine Learning","Rainbow"],"picked":"Creative AI","floor":33.0},{"not_picked":["Doom and Gloom","Rebound","Go for the Eyes+1"],"picked":"SKIP","floor":35.0},{"not_picked":["Go for the Eyes+1","Steam Power+1","Rebound+1"],"picked":"SKIP","floor":37.0},{"not_picked":["Sweeping Beam","Fusion+1"],"picked":"Ball Lightning","floor":39.0},{"not_picked":["Thunder Strike","BootSequence+1"],"picked":"Compile Driver+1","floor":40.0},{"not_picked":["Violence","Sadistic Nature"],"picked":"Master of Strategy","floor":41.0},{"not_picked":["Tempest+1","BootSequence"],"picked":"Force Field+1","floor":44.0},{"not_picked":["Streamline","Turbo","Rebound"],"picked":"SKIP","floor":45.0},{"not_picked":["Creative AI","Sweeping Beam+1"],"picked":"Reprogram+1","floor":48.0}],"player_experience":726251,"relics_obtained":[{"floor":6.0,"key":"Darkstone Periapt"},{"floor":8.0,"key":"Boot"},{"floor":9.0,"key":"Vajra"},{"floor":12.0,"key":"Blood Vial"},{"floor":23.0,"key":"Incense Burner"},{"floor":25.0,"key":"Ornamental Fan"},{"floor":26.0,"key":"Centennial Puzzle"},{"floor":29.0,"key":"Meat on the Bone"},{"floor":31.0,"key":"Bag of Preparation"},{"floor":38.0,"key":"Pocketwatch"},{"floor":40.0,"key":"Anchor"},{"floor":43.0,"key":"Oddly Smooth Stone"},{"floor":44.0,"key":"Bronze Scales"},{"floor":48.0,"key":"Bag of Marbles"}],"event_choices":[{"damage_healed":0.0,"max_hp_gain":0.0,"max_hp_loss":0.0,"gold_gain":0.0,"cards_transformed":["Defend_B"],"event_name":"Living Wall","player_choice":"Change","floor":2.0,"gold_loss":0.0,"damage_taken":0.0,"cards_obtained":["Multi-Cast"]},{"damage_healed":0.0,"max_hp_gain":0.0,"max_hp_loss":0.0,"gold_gain":75.0,"event_name":"World of Goop","player_choice":"Gather Gold","floor":4.0,"gold_loss":0.0,"damage_taken":11.0},{"damage_healed":0.0,"max_hp_gain":5.0,"max_hp_loss":0.0,"gold_gain":0.0,"event_name":"Big Fish","player_choice":"Donut","floor":14.0,"gold_loss":0.0,"damage_taken":0.0},{"damage_healed":0.0,"max_hp_gain":0.0,"max_hp_loss":0.0,"gold_gain":0.0,"event_name":"The Library","player_choice":"Read","floor":21.0,"gold_loss":0.0,"damage_taken":0.0,"cards_obtained":["Hologram"]},{"damage_healed":0.0,"max_hp_gain":0.0,"max_hp_loss":0.0,"gold_gain":0.0,"event_name":"Cursed Tome","player_choice":"Ignored","floor":24.0,"gold_loss":0.0,"damage_taken":0.0},{"damage_healed":0.0,"max_hp_gain":0.0,"max_hp_loss":0.0,"gold_gain":0.0,"event_name":"MindBloom","player_choice":"Fight","floor":38.0,"gold_loss":0.0,"damage_taken":0.0},{"damage_healed":0.0,"max_hp_gain":0.0,"max_hp_loss":0.0,"gold_gain":0.0,"event_name":"SensoryStone","player_choice":"Memory 2","floor":41.0,"gold_loss":0.0,"damage_taken":5.0},{"damage_healed":0.0,"max_hp_gain":0.0,"max_hp_loss":0.0,"gold_gain":0.0,"event_name":"Winding Halls","player_choice":"Embrace Madness","floor":47.0,"gold_loss":0.0,"damage_taken":10.0,"cards_obtained":["Madness","Madness"]}],"is_beta":false,"boss_relics":[{"not_picked":["Runic Pyramid","Black Star"],"picked":"Coffee Dripper"},{"not_picked":["Tiny House","Lizard Tail"],"picked":"Astrolabe"}],"items_purged_floors":[36],"is_endless":false,"potions_floor_spawned":[1,6,8,12,18,22,28,29,30,37,38,39],"ascension_level":5}