{"gold_per_floor":[118,131,131,142,44,44,76,89,161,161,32,51,83,83,83,202,202,217,142,167,190,203,228,228,188,188,188,213,213,234,278,278,278],"floor_reached":33,"playtime":3254,"items_purged":["Injury"],"score":378,"play_id":"410bd982-2bf5-4ceb-bf5a-22398ecfc9f9","local_time":"20190216003451","is_ascension_mode":true,"campfire_choices":[{"data":"Bash","floor":6,"key":"SMITH"},{"data":"Inflame","floor":10,"key":"SMITH"},{"floor":15,"key":"REST"},{"floor":24,"key":"REST"},{"floor":27,"key":"REST"},{"data":"Demon Form","floor":29,"key":"SMITH"},{"floor":32,"key":"REST"}],"neow_cost":"NONE","seed_source_timestamp":2564428458012225,"circlet_count":0,"master_deck":["Strike_R","Strike_R","Strike_R","Strike_R","Strike_R","Defend_R","Defend_R","Defend_R","Defend_R","Bash+1","Offering","Perfected Strike","Whirlwind","Perfected Strike","Shrug It Off","Spot Weakness","Inflame+1","Wild Strike","Disarm","Whirlwind","Armaments","Wild Strike","Fiend Fire","Second Wind+1","Pommel Strike+1","Pommel Strike","Clothesline+1","Demon Form+1","Pommel Strike","Inflame+1","Shrug It Off+1","Perfected Strike+1","Heavy Blade"],"relics":["Burning Blood","CultistMask","Shovel","Bottled Flame","Dream Catcher","Golden Idol","Mark of Pain","Art of War","Red Skull"],"potions_floor_usage":[8,13,21,23,23,30,31,31,33],"damage_taken":[{"damage":10,"enemies":"Jaw Worm","floor":1,"turns":3},{"damage":0,"enemies":"Cultist","floor":2,"turns":2},{"damage":6,"enemies":"2 Louse","floor":4,"turns":2},{"damage":30,"enemies":"3 Sentries","floor":7,"turns":6},{"damage":3,"enemies":"Looter","floor":8,"turns":2},{"damage":26,"enemies":"Lots of Slimes","floor":12,"turns":3},{"damage":22,"enemies":"Gremlin Nob","floor":13,"turns":3},{"damage":6,"enemies":"Slime Boss","floor":16,"turns":6},{"damage":22,"enemies":"Spheric Guardian","floor":18,"turns":4},{"damage":44,"enemies":"Shell Parasite","floor":20,"turns":5},{"damage":13,"enemies":"Snake Plant","floor":21,"turns":3},{"damage":23,"enemies":"Centurion and Healer","floor":22,"turns":3},{"damage":17,"enemies":"Snecko","floor":23,"turns":4},{"damage":0,"enemies":"Snake Plant","floor":28,"turns":2},{"damage":36,"enemies":"Shelled Parasite and Fungi","floor":30,"turns":5},{"damage":21,"enemies":"Slavers","floor":31,"turns":3},{"damage":75,"enemies":"Champ","floor":33,"turns":6}],"seed_played":"-4460490302168505897","potions_obtained":[{"floor":7,"key":"Strength Potion"},{"floor":8,"key":"Fruit Juice"},{"floor":13,"key":"FearPotion"},{"floor":16,"key":"EssenceOfSteel"},{"floor":20,"key":"FairyPotion"},{"floor":22,"key":"SpeedPotion"},{"floor":25,"key":"Strength Potion"},{"floor":25,"key":"Regen Potion"},{"floor":25,"key":"Dexterity Potion"},{"floor":28,"key":"EssenceOfSteel"},{"floor":30,"key":"SneckoOil"}],"is_trial":false,"path_per_floor":["M","M","?","M","$","R","E","M","T","R","$","M","E","?","R","B",null,"M","$","M","M","M","M","R","?","T","R","M","R","M","E","R","B"],"character_chosen":"IRONCLAD","items_purchased":["Perfected Strike","Shrug It Off","Wild Strike","Disarm"],"campfire_rested":4,"item_purchase_floors":[5,5,11,11],"current_hp_per_floor":[76,80,80,80,80,80,56,64,64,64,64,44,28,28,53,53,85,69,69,31,24,7,7,32,32,32,57,63,63,47,32,57,0],"gold":278,"neow_bonus":"ONE_RANDOM_RARE_CARD","is_prod":false,"is_daily":false,"chose_seed":false,"campfire_upgraded":3,"win_rate":0,"timestamp":1550295291,"path_taken":["M","M","?","M","$","R","E","M","T","R","$","?","E","?","R","BOSS","M","$","M","M","M","M","R","?","T","R","M","R","?","E","R","BOSS"],"build_version":"2019-01-23","purchased_purges":1,"victory":false,"max_hp_per_floor":[80,80,80,80,80,80,80,85,85,85,85,85,85,85,85,85,85,85,85,85,85,85,85,85,85,85,85,85,85,85,85,85,85],"card_choices":[{"not_picked":["Cleave","Thunderclap"],"picked":"Perfected Strike","floor":1},{"not_picked":["Cleave","Thunderclap"],"picked":"Whirlwind","floor":2},{"not_picked":["Feel No Pain","Sword Boomerang","Warcry"],"picked":"SKIP","floor":4},{"not_picked":["Headbutt","Burning Pact"],"picked":"Spot Weakness","floor":7},{"not_picked":["Feel No Pain","Perfected Strike"],"picked":"Inflame","floor":8},{"not_picked":["Dual Wield","True Grit"],"picked":"Whirlwind","floor":12},{"not_picked":["Shrug It Off","Sever Soul"],"picked":"Armaments","floor":13},{"not_picked":["True Grit","Dropkick"],"picked":"Wild Strike","floor":15},{"not_picked":["Brutality","Impervious"],"picked":"Fiend Fire","floor":16},{"not_picked":["Body Slam","Sever Soul"],"picked":"Second Wind+1","floor":18},{"not_picked":["Body Slam","Havoc","Ghostly Armor"],"picked":"SKIP","floor":20},{"not_picked":["Shrug It Off","Rupture+1"],"picked":"Pommel Strike+1","floor":21},{"not_picked":["Warcry","Uppercut"],"picked":"Pommel Strike","floor":22},{"not_picked":["Headbutt","Iron Wave"],"picked":"Clothesline+1","floor":23},{"not_picked":["Whirlwind+1","Heavy Blade"],"picked":"Demon Form","floor":24},{"not_picked":["Flame Barrier+1","Pummel"],"picked":"Pommel Strike","floor":27},{"not_picked":["Clothesline+1","Cleave"],"picked":"Inflame+1","floor":28},{"not_picked":["Thunderclap","Searing Blow+1"],"picked":"Shrug It Off+1","floor":30},{"not_picked":["Cleave","Pummel"],"picked":"Perfected Strike+1","floor":31},{"not_picked":["Pummel","Reckless Charge"],"picked":"Heavy Blade","floor":32}],"player_experience":177752,"relics_obtained":[{"floor":7,"key":"Shovel"},{"floor":9,"key":"Bottled Flame"},{"floor":13,"key":"Dream Catcher"},{"floor":26,"key":"Art of War"},{"floor":31,"key":"Red Skull"}],"event_choices":[{"damage_healed":0,"gold_gain":0,"player_choice":"Trade","damage_taken":0,"relics_obtained":["CultistMask"],"max_hp_gain":0,"max_hp_loss":0,"event_name":"FaceTrader","floor":3,"gold_loss":0},{"damage_healed":0,"gold_gain":0,"player_choice":"Take Wound","damage_taken":0,"relics_obtained":["Golden Idol"],"max_hp_gain":0,"max_hp_loss":0,"event_name":"Golden Idol","floor":14,"gold_loss":0,"cards_obtained":["Injury"]},{"damage_healed":0,"gold_gain":0,"player_choice":"Bought 3 Potions","damage_taken":0,"max_hp_gain":0,"max_hp_loss":0,"event_name":"The Woman in Blue","floor":25,"gold_loss":0}],"is_beta":false,"boss_relics":[{"not_picked":["Tiny House","Runic Pyramid"],"picked":"Mark of Pain"}],"items_purged_floors":[19],"is_endless":false,"potions_floor_spawned":[7,8,13,16,20,22,28,30],"killed_by":"Champ","ascension_level":3}