{"gold_per_floor":[109,123,143,73,73,73,101,117,141,168,247,247,278,288,288,392,392,374,390,67,87,87,114,114,125,125,156,156,186,200,212,212,312,612,626,626,12,92,92,117,67,98,123,123,134,159,172,189,189,189],"floor_reached":51,"playtime":7574,"items_purged":["Strike_G","Injury","Pain"],"score":1181,"play_id":"67ca0cce-82d2-4238-a19b-5948ca976e9c","local_time":"20190310215536","is_ascension_mode":true,"campfire_choices":[{"data":"Riddle With Holes","floor":6.0,"key":"SMITH"},{"data":"Predator","floor":12.0,"key":"SMITH"},{"floor":15.0,"key":"REST"},{"data":"Footwork","floor":24.0,"key":"SMITH"},{"data":"After Image","floor":28.0,"key":"SMITH"},{"data":"Sucker Punch","floor":32,"key":"SMITH"},{"data":"Accuracy","floor":44,"key":"SMITH"},{"data":"Noxious Fumes","floor":49,"key":"SMITH"}],"neow_cost":"NONE","seed_source_timestamp":0,"circlet_count":0,"master_deck":["Defend_G","Defend_G","Defend_G","Defend_G","Defend_G","Survivor","Neutralize+1","Finisher","Accuracy+1","Backflip","Footwork+1","Riddle With Holes+1","Predator+1","Backstab","PiercingWail","Dodge and Roll","After Image+1","Terror+1","Backflip+1","Bite","Bite","Bite+1","Bite+1","Bite","Blade Dance","Noxious Fumes+1","Acrobatics","Blur","Dodge and Roll","Sucker Punch+1","Tools of the Trade","Blade Dance+1","Noxious Fumes+1","Clumsy","Catalyst"],"special_seed":0,"relics":["Ring of the Snake","Oddly Smooth Stone","PreservedInsect","Centennial Puzzle","Torii","Cursed Key","Ninja Scroll","Gambling Chip","Omamori","Gremlin Horn","Mercury Hourglass","Calling Bell","Smiling Mask","Sundial","Old Coin","Matryoshka","Ice Cream","Whetstone","Pantograph","Calipers","Pear","Dream Catcher","Juzu Bracelet","Strawberry"],"potions_floor_usage":[33,35,35,46,47,50],"damage_taken":[{"damage":0.0,"enemies":"Jaw Worm","floor":1.0,"turns":5.0},{"damage":4.0,"enemies":"Small Slimes","floor":2.0,"turns":4.0},{"damage":0.0,"enemies":"Cultist","floor":3.0,"turns":3.0},{"damage":19.0,"enemies":"3 Sentries","floor":7.0,"turns":13.0},{"damage":7.0,"enemies":"Large Slime","floor":8.0,"turns":7.0},{"damage":3.0,"enemies":"Gremlin Nob","floor":10.0,"turns":3.0},{"damage":15.0,"enemies":"3 Sentries","floor":13.0,"turns":6.0},{"damage":0.0,"enemies":"Looter","floor":14.0,"turns":2.0},{"damage":32.0,"enemies":"Slime Boss","floor":16.0,"turns":18.0},{"damage":12.0,"enemies":"2 Thieves","floor":18.0,"turns":4.0},{"damage":6.0,"enemies":"Spheric Guardian","floor":19.0,"turns":5.0},{"damage":1.0,"enemies":"Snake Plant","floor":21.0,"turns":3.0},{"damage":15.0,"enemies":"Book of Stabbing","floor":23.0,"turns":5.0},{"damage":0.0,"enemies":"Centurion and Healer","floor":25.0,"turns":8.0},{"damage":4.0,"enemies":"Gremlin Leader","floor":27.0,"turns":6.0},{"damage":7,"enemies":"Slavers","floor":29,"turns":4},{"damage":4,"enemies":"Cultist and Chosen","floor":30,"turns":6},{"damage":1,"enemies":"3 Cultists","floor":31,"turns":5},{"damage":26,"enemies":"Automaton","floor":33,"turns":13},{"damage":12,"enemies":"3 Darklings","floor":35,"turns":7},{"damage":14,"enemies":"Giant Head","floor":40,"turns":8},{"damage":1,"enemies":"Reptomancer","floor":42,"turns":4},{"damage":0,"enemies":"3 Shapes","floor":45,"turns":4},{"damage":11,"enemies":"Giant Head","floor":46,"turns":8},{"damage":6,"enemies":"3 Darklings","floor":47,"turns":5},{"damage":10,"enemies":"Spire Growth","floor":48,"turns":5},{"damage":73,"enemies":"Awakened One","floor":50,"turns":17}],"seed_played":"3654524681708424475","potions_obtained":[{"floor":3.0,"key":"Poison Potion"},{"floor":7.0,"key":"Weak Potion"},{"floor":8.0,"key":"Ancient Potion"},{"floor":10.0,"key":"Regen Potion"},{"floor":16.0,"key":"Fire Potion"},{"floor":18.0,"key":"Poison Potion"},{"floor":19.0,"key":"SpeedPotion"},{"floor":21.0,"key":"EssenceOfSteel"},{"floor":25.0,"key":"EssenceOfSteel"},{"floor":33,"key":"Block Potion"},{"floor":40,"key":"EssenceOfSteel"},{"floor":45,"key":"Regen Potion"},{"floor":46,"key":"Block Potion"}],"is_trial":false,"path_per_floor":["M","M","M","$","?","R","E","M","T","E","?","R","E","M","R","B",null,"M","M","$","M","?","E","R","M","T","E","R","E","M","M","R","B",null,"M","?","$","T","?","E","$","E","T","R","M","E","M","M","R","B",null],"character_chosen":"THE_SILENT","items_purchased":["Footwork","Ninja Scroll","Matryoshka","Ice Cream"],"campfire_rested":1,"item_purchase_floors":[4,20,37,37],"current_hp_per_floor":[63,59,59,59,59,59,40,33,33,30,30,30,15,15,36,19,57,45,39,39,38,38,33,33,49,49,47,47,49,48,49,49,38,46,46,46,46,46,46,47,47,59,59,59,59,57,65,56,56,31],"gold":189,"neow_bonus":"UPGRADE_CARD","is_prod":false,"is_daily":false,"chose_seed":false,"campfire_upgraded":7,"win_rate":0,"timestamp":1552254936,"path_taken":["M","M","M","$","?","R","E","M","T","E","?","R","E","M","R","BOSS","M","M","$","M","?","E","R","M","T","E","R","E","M","M","R","BOSS","M","?","$","?","?","E","$","E","T","R","M","E","M","M","R","BOSS"],"build_version":"2019-01-23","purchased_purges":3,"victory":true,"max_hp_per_floor":[70,70,70,70,70,70,70,70,70,70,70,70,70,70,70,70,70,70,70,70,70,49,49,49,49,49,49,49,49,49,49,49,49,49,49,49,49,49,49,49,49,59,59,59,59,66,66,66,66,66],"card_choices":[{"not_picked":["Quick Slash","Bane"],"picked":"Finisher","floor":1.0},{"not_picked":["Flying Knee","Blade Dance"],"picked":"Accuracy","floor":2.0},{"not_picked":["Choke","Bane"],"picked":"Backflip","floor":3.0},{"not_picked":["Distraction","Underhanded Strike"],"picked":"Predator","floor":7.0},{"not_picked":["Acrobatics","PiercingWail"],"picked":"Backstab","floor":8.0},{"not_picked":["Grand Finale","Skewer"],"picked":"PiercingWail","floor":10.0},{"not_picked":["Dagger Spray","Sucker Punch"],"picked":"Dodge and Roll","floor":13.0},{"not_picked":["Distraction","Skewer","Flying Knee"],"picked":"SKIP","floor":14.0},{"not_picked":["Phantasmal Killer","Doppelganger"],"picked":"After Image","floor":16.0},{"not_picked":["Skewer+1","Bane"],"picked":"Terror+1","floor":18.0},{"not_picked":["Dagger Throw+1","Acrobatics"],"picked":"Backflip+1","floor":19.0},{"not_picked":["Underhanded Strike","Sucker Punch","Slice"],"picked":"SKIP","floor":21.0},{"not_picked":["Dash+1","Doppelganger"],"picked":"Blade Dance","floor":23.0},{"not_picked":["Acrobatics","Dash"],"picked":"Noxious Fumes+1","floor":25.0},{"not_picked":["Distraction","Skewer"],"picked":"Acrobatics","floor":27.0},{"not_picked":["Wraith Form v2","Infinite Blades"],"picked":"Blur","floor":29},{"not_picked":["Riddle With Holes","Deadly Poison+1"],"picked":"Dodge and Roll","floor":30},{"not_picked":["Skewer","Dagger Spray"],"picked":"Sucker Punch","floor":31},{"not_picked":["Night Terror","Doppelganger"],"picked":"Tools of the Trade","floor":33},{"not_picked":["PiercingWail+1","Terror+1"],"picked":"Blade Dance+1","floor":35},{"not_picked":["Sucker Punch","Flying Knee+1","Well Laid Plans"],"picked":"SKIP","floor":40},{"not_picked":["Dodge and Roll+1","Bane"],"picked":"Noxious Fumes","floor":42},{"not_picked":["Deadly Poison+1","Poisoned Stab","Choke"],"picked":"SKIP","floor":45},{"not_picked":["Poisoned Stab+1","Underhanded Strike+1","Choke+1"],"picked":"SKIP","floor":46},{"not_picked":["Quick Slash","Blade Dance"],"picked":"Catalyst","floor":47},{"not_picked":["Grand Finale","Deflect","PiercingWail+1"],"picked":"SKIP","floor":48}],"player_experience":549865,"relics_obtained":[{"floor":7.0,"key":"Oddly Smooth Stone"},{"floor":9.0,"key":"PreservedInsect"},{"floor":10.0,"key":"Centennial Puzzle"},{"floor":13.0,"key":"Torii"},{"floor":23.0,"key":"Gambling Chip"},{"floor":26.0,"key":"Omamori"},{"floor":27.0,"key":"Gremlin Horn"},{"floor":29,"key":"Mercury Hourglass"},{"floor":34,"key":"Smiling Mask"},{"floor":34,"key":"Sundial"},{"floor":34,"key":"Old Coin"},{"floor":38,"key":"Whetstone"},{"floor":38,"key":"Pantograph"},{"floor":40,"key":"Calipers"},{"floor":42,"key":"Pear"},{"floor":43,"key":"Dream Catcher"},{"floor":43,"key":"Juzu Bracelet"},{"floor":46,"key":"Strawberry"}],"event_choices":[{"damage_healed":0.0,"max_hp_gain":0.0,"max_hp_loss":0.0,"gold_gain":0.0,"cards_transformed":["Strike_G"],"event_name":"Living Wall","player_choice":"Change","floor":5.0,"gold_loss":0.0,"damage_taken":0.0,"cards_obtained":["Riddle With Holes"]},{"damage_healed":0.0,"max_hp_gain":0.0,"max_hp_loss":0.0,"gold_gain":79.0,"event_name":"Golden Wing","player_choice":"Gained Gold","floor":11.0,"gold_loss":0.0,"damage_taken":0.0},{"damage_healed":0.0,"max_hp_gain":0.0,"max_hp_loss":21.0,"gold_gain":0.0,"event_name":"Vampires","player_choice":"Became a vampire","floor":22.0,"gold_loss":0.0,"damage_taken":0.0,"cards_obtained":["Bite","Bite","Bite","Bite","Bite"]},{"cards_removed":["Regret"],"damage_healed":0,"gold_gain":0,"player_choice":"Purged","damage_taken":0,"max_hp_gain":0,"max_hp_loss":0,"event_name":"Purifier","floor":36,"gold_loss":0},{"damage_healed":0,"gold_gain":0,"player_choice":"Ignored","damage_taken":0,"max_hp_gain":0,"max_hp_loss":0,"event_name":"Tomb of Lord Red Mask","floor":39,"gold_loss":0}],"is_beta":false,"boss_relics":[{"not_picked":["Snecko Eye","White Beast Statue"],"picked":"Cursed Key"},{"not_picked":["Astrolabe","Pandora\u0027s Box"],"picked":"Calling Bell"}],"items_purged_floors":[20,37,41],"is_endless":false,"potions_floor_spawned":[3,7,8,10,16,18,19,21,25,30,33,40,45,46],"ascension_level":8}