{"gold_per_floor":[118,118,118,43,43,70,70,86,86,98,124,124,137,49,49,123,123,135,150,150,150,40,67,67,14,14,14,42,55,72,85,85,85],"floor_reached":33,"playtime":1321,"items_purged":[],"score":509,"play_id":"38ab2b8a-98f7-4dc4-adf3-9e315f67cdd0","local_time":"20190112202947","is_ascension_mode":true,"campfire_choices":[{"floor":7.0,"key":"REST"},{"data":"Deadly Poison","floor":12.0,"key":"SMITH"},{"data":"Glass Knife","floor":15.0,"key":"SMITH"},{"floor":24,"key":"REST"},{"data":"Tactician","floor":27,"key":"SMITH"},{"floor":32,"key":"REST"}],"neow_cost":"NONE","seed_source_timestamp":0,"circlet_count":0,"master_deck":["AscendersBane","Defend_G+1","Defend_G+1","Defend_G+1","Defend_G+1","Defend_G+1","Strike_G+1","Strike_G+1","Strike_G+1","Strike_G+1","Survivor","Neutralize","Deadly Poison+1","Bane","Dagger Spray","Calculated Gamble","Cloak And Dagger","Acrobatics","Glass Knife+1","Burst","Tactician+1","Deflect+1","Backflip","Crippling Poison","Well Laid Plans","Acrobatics+1","Underhanded Strike","Unload","PiercingWail+1","Deflect","Deflect+1","Reflex"],"special_seed":0,"relics":["Ring of the Snake","Mercury Hourglass","Ancient Tea Set","Dream Catcher","Odd Mushroom","Sozu","FossilizedHelix","Bird Faced Urn"],"potions_floor_usage":[31],"damage_taken":[{"damage":3.0,"enemies":"Small Slimes","floor":1.0,"turns":5.0},{"damage":24.0,"enemies":"3 Sentries","floor":6.0,"turns":9.0},{"damage":0.0,"enemies":"Jaw Worm","floor":8.0,"turns":2.0},{"damage":0.0,"enemies":"2 Louse","floor":10.0,"turns":2.0},{"damage":11.0,"enemies":"The Mushroom Lair","floor":11.0,"turns":3.0},{"damage":0.0,"enemies":"2 Fungi Beasts","floor":13.0,"turns":2.0},{"damage":24.0,"enemies":"Slime Boss","floor":16.0,"turns":10.0},{"damage":0.0,"enemies":"Chosen","floor":18.0,"turns":4.0},{"damage":2.0,"enemies":"Shell Parasite","floor":19.0,"turns":6.0},{"damage":35.0,"enemies":"Slavers","floor":23.0,"turns":7.0},{"damage":28,"enemies":"Gremlin Leader","floor":28,"turns":7},{"damage":0,"enemies":"Shelled Parasite and Fungi","floor":29,"turns":4},{"damage":6,"enemies":"Snake Plant","floor":30,"turns":3},{"damage":26,"enemies":"Sentry and Sphere","floor":31,"turns":6},{"damage":42,"enemies":"Automaton","floor":33,"turns":6}],"seed_played":"-1953155882016514341","potions_obtained":[{"floor":10.0,"key":"SneckoOil"},{"floor":16.0,"key":"Regen Potion"}],"is_trial":false,"path_per_floor":["M","?","T","?","?","E","R","M","T","M","?","R","M","$","R","B",null,"M","M","?","?","$","E","R","$","T","R","E","M","M","M","R","B"],"character_chosen":"THE_SILENT","items_purchased":["Glass Knife","Backflip","Crippling Poison","Underhanded Strike"],"campfire_rested":3,"item_purchase_floors":[14,22,22,25],"current_hp_per_floor":[62,40,40,40,45,21,44,44,44,44,33,33,33,33,33,9,60,60,58,58,58,58,23,46,46,46,46,18,20,16,6,29,0],"gold":85,"neow_bonus":"TEN_PERCENT_HP_BONUS","is_prod":false,"is_daily":false,"chose_seed":false,"campfire_upgraded":3,"win_rate":0,"timestamp":1547353787,"path_taken":["M","?","?","?","?","E","R","M","T","M","?","R","?","$","R","BOSS","M","M","?","?","?","E","R","$","T","R","E","M","M","M","R","BOSS"],"build_version":"2019-01-10","purchased_purges":0,"victory":false,"max_hp_per_floor":[72,72,72,72,77,77,77,77,77,77,77,77,77,77,77,77,77,77,77,77,77,77,77,77,77,77,77,77,77,77,77,77,77],"card_choices":[{"not_picked":["Acrobatics","Quick Slash"],"picked":"Deadly Poison","floor":1.0},{"not_picked":["Dodge and Roll","PiercingWail"],"picked":"Bane","floor":6.0},{"not_picked":["Flechettes","Deadly Poison"],"picked":"Dagger Spray","floor":8.0},{"not_picked":["Flechettes","Sucker Punch"],"picked":"Calculated Gamble","floor":10.0},{"not_picked":["Quick Slash","Eviscerate"],"picked":"Cloak And Dagger","floor":11.0},{"not_picked":["Quick Slash","Dagger Throw"],"picked":"Acrobatics","floor":13.0},{"not_picked":["Grand Finale","Bullet Time"],"picked":"Burst","floor":16.0},{"not_picked":["All Out Attack","Deadly Poison"],"picked":"Tactician","floor":18.0},{"not_picked":["Dagger Throw","Deadly Poison"],"picked":"Deflect+1","floor":19.0},{"not_picked":["Deflect","Leg Sweep"],"picked":"Well Laid Plans","floor":23.0},{"not_picked":["Quick Slash+1","Expertise"],"picked":"Acrobatics+1","floor":24},{"not_picked":["Slice","Underhanded Strike"],"picked":"Unload","floor":28},{"not_picked":["Masterful Stab+1","Choke"],"picked":"PiercingWail+1","floor":29},{"not_picked":["Accuracy","Blade Dance"],"picked":"Deflect","floor":30},{"not_picked":["Quick Slash","Dagger Throw"],"picked":"Deflect+1","floor":31},{"not_picked":["Deflect","Caltrops"],"picked":"Reflex","floor":32}],"player_experience":1065303,"relics_obtained":[{"floor":3.0,"key":"Mercury Hourglass"},{"floor":6.0,"key":"Ancient Tea Set"},{"floor":9.0,"key":"Dream Catcher"},{"floor":11.0,"key":"Odd Mushroom"},{"floor":26,"key":"FossilizedHelix"},{"floor":28,"key":"Bird Faced Urn"}],"event_choices":[{"damage_healed":0.0,"max_hp_gain":0.0,"max_hp_loss":0.0,"gold_gain":0.0,"event_name":"Shining Light","player_choice":"Entered Light","floor":2.0,"gold_loss":0.0,"damage_taken":22.0,"cards_upgraded":["Defend_G","Strike_G"]},{"cards_removed":["Strike_G"],"damage_healed":0.0,"max_hp_gain":0.0,"max_hp_loss":0.0,"gold_gain":0.0,"event_name":"The Cleric","player_choice":"Card Removal","floor":4.0,"gold_loss":75.0,"damage_taken":0.0},{"damage_healed":0.0,"max_hp_gain":5.0,"max_hp_loss":0.0,"gold_gain":0.0,"event_name":"Big Fish","player_choice":"Donut","floor":5.0,"gold_loss":0.0,"damage_taken":0.0},{"damage_healed":0.0,"max_hp_gain":0.0,"max_hp_loss":0.0,"gold_gain":0.0,"event_name":"Mushrooms","player_choice":"Fought Mushrooms","floor":11.0,"gold_loss":0.0,"damage_taken":0.0},{"damage_healed":0.0,"max_hp_gain":0.0,"max_hp_loss":0.0,"gold_gain":0.0,"event_name":"Vampires","player_choice":"Ignored","floor":20.0,"gold_loss":0.0,"damage_taken":0.0},{"damage_healed":0.0,"max_hp_gain":0.0,"max_hp_loss":0.0,"gold_gain":0.0,"event_name":"Back to Basics","player_choice":"Simplicity","floor":21.0,"gold_loss":0.0,"damage_taken":0.0,"cards_upgraded":["Defend_G","Defend_G","Defend_G","Defend_G","Strike_G","Strike_G","Strike_G","Strike_G"]}],"is_beta":false,"boss_relics":[{"not_picked":["Philosopher\u0027s Stone","HoveringKite"],"picked":"Sozu"}],"items_purged_floors":[],"is_endless":false,"potions_floor_spawned":[10,16,23,28,29,30],"killed_by":"Automaton","ascension_level":16}