{"gold_per_floor":[213,163,177,4,19,19,19,19,46,46,79,91,103,132,144,156],"floor_reached":16,"playtime":732,"items_purged":["Strike_R"],"score":118,"play_id":"83acbdd6-4b54-4feb-abea-de20b85f2c4b","local_time":"20190414133353","is_ascension_mode":true,"campfire_choices":[{"data":"Body Slam","floor":6,"key":"SMITH"},{"data":"Inflame","floor":8,"key":"SMITH"},{"data":"Bash","floor":10,"key":"SMITH"},{"data":"Body Slam","floor":15,"key":"SMITH"}],"neow_cost":"NONE","seed_source_timestamp":675896220405847,"circlet_count":0,"master_deck":["Strike_R","Strike_R","Strike_R","Defend_R","Defend_R","Defend_R","Defend_R","Bash+1","Body Slam+1","Sword Boomerang","Panacea","Inflame+1","Body Slam+1","Bash","Whirlwind","Feel No Pain"],"relics":["Burning Blood","Bag of Preparation","MawBank"],"potions_floor_usage":[16],"damage_taken":[{"damage":11,"enemies":"Cultist","floor":1,"turns":4},{"damage":0,"enemies":"Small Slimes","floor":3,"turns":3},{"damage":14,"enemies":"Jaw Worm","floor":5,"turns":3},{"damage":40,"enemies":"3 Sentries","floor":11,"turns":9},{"damage":0,"enemies":"3 Louse","floor":14,"turns":1},{"damage":50,"enemies":"Hexaghost","floor":16,"turns":7}],"seed_played":"204920016869419738","potions_obtained":[{"floor":5,"key":"Regen Potion"},{"floor":11,"key":"Explosive Potion"}],"is_trial":false,"path_per_floor":["M","?","M","$","M","R","?","R","T","R","E","$","?","M","R","B"],"character_chosen":"IRONCLAD","items_purchased":["Panacea"],"campfire_rested":0,"item_purchase_floors":[4],"current_hp_per_floor":[75,75,80,80,72,72,72,72,72,72,38,38,38,44,44,0],"gold":156,"neow_bonus":"HUNDRED_GOLD","is_prod":false,"is_daily":false,"chose_seed":false,"campfire_upgraded":4,"win_rate":0,"timestamp":1555263233,"path_taken":["M","?","M","$","M","R","?","R","T","R","E","?","?","M","R","BOSS"],"build_version":"2019-01-23","purchased_purges":1,"victory":false,"max_hp_per_floor":[80,80,80,80,80,80,80,80,80,80,80,80,80,80,80,80],"card_choices":[{"not_picked":["Iron Wave","Clothesline"],"picked":"Body Slam","floor":1},{"not_picked":["Cleave","Spot Weakness"],"picked":"Sword Boomerang","floor":3},{"not_picked":["Wild Strike","Carnage"],"picked":"Inflame","floor":5},{"not_picked":["Armaments","Rage"],"picked":"Body Slam","floor":11},{"not_picked":["Iron Wave","Perfected Strike"],"picked":"Feel No Pain","floor":14}],"player_experience":300446,"relics_obtained":[{"floor":9,"key":"Bag of Preparation"},{"floor":11,"key":"MawBank"}],"event_choices":[{"cards_removed":["Strike_R"],"damage_healed":0,"gold_gain":0,"player_choice":"Card Removal","damage_taken":0,"max_hp_gain":0,"max_hp_loss":0,"event_name":"The Cleric","floor":2,"gold_loss":50},{"damage_healed":0,"gold_gain":0,"player_choice":"Ignored","damage_taken":0,"max_hp_gain":0,"max_hp_loss":0,"event_name":"Liars Game","floor":7,"gold_loss":0},{"damage_healed":0,"gold_gain":0,"player_choice":"2 cards matched","damage_taken":0,"max_hp_gain":0,"max_hp_loss":0,"event_name":"Match and Keep!","floor":13,"gold_loss":0,"cards_obtained":["Bash","Whirlwind"]}],"is_beta":false,"boss_relics":[],"items_purged_floors":[4],"is_endless":false,"potions_floor_spawned":[5,11],"killed_by":"Hexaghost","ascension_level":4}