{"gold_per_floor":[110,120,137,153,49,49,77,77,100,65,65,100,112,130,130,229,229,239,164,179,25,45,45,80,80,80,80,111,38,49,49],"floor_reached":31,"playtime":1912,"items_purged":["Defend_R","Regret"],"score":465,"play_id":"0b2b34fe-51ee-4c63-a070-cacd30500c62","local_time":"20190306180022","is_ascension_mode":true,"campfire_choices":[{"floor":6,"key":"REST"},{"data":"Armaments","floor":11,"key":"SMITH"},{"floor":15,"key":"REST"},{"data":"Corruption","floor":23,"key":"SMITH"},{"data":"Demon Form","floor":25,"key":"SMITH"},{"data":"Metallicize","floor":27,"key":"SMITH"}],"neow_cost":"PERCENT_DAMAGE","seed_source_timestamp":186321953678168,"circlet_count":0,"master_deck":["AscendersBane","Strike_R","Strike_R","Defend_R","Defend_R","Bash","Limit Break","Seeing Red","Headbutt","Headbutt","Pommel Strike","Armaments+1","Feel No Pain","Wild Strike","Spot Weakness","Anger","Impervious","Metallicize","Immolate","Perfected Strike","Metallicize+1","Corruption+1","Demon Form+1","Spot Weakness","Havoc"],"relics":["Burning Blood","Blood Vial","Oddly Smooth Stone","Bag of Preparation","Cursed Key","Smiling Mask","Letter Opener","Peace Pipe"],"potions_floor_usage":[12,16,16,24,24,30],"damage_taken":[{"damage":13,"enemies":"Jaw Worm","floor":1,"turns":5},{"damage":1,"enemies":"2 Louse","floor":2,"turns":4},{"damage":10,"enemies":"Small Slimes","floor":3,"turns":4},{"damage":15,"enemies":"3 Louse","floor":4,"turns":3},{"damage":32,"enemies":"Gremlin Nob","floor":7,"turns":4},{"damage":21,"enemies":"3 Sentries","floor":12,"turns":9},{"damage":0,"enemies":"2 Fungi Beasts","floor":13,"turns":2},{"damage":34,"enemies":"Lots of Slimes","floor":14,"turns":6},{"damage":26,"enemies":"Hexaghost","floor":16,"turns":7},{"damage":0,"enemies":"3 Byrds","floor":18,"turns":4},{"damage":0,"enemies":"Spheric Guardian","floor":20,"turns":4},{"damage":14,"enemies":"3 Cultists","floor":22,"turns":5},{"damage":0,"enemies":"Gremlin Leader","floor":24,"turns":3},{"damage":68,"enemies":"Book of Stabbing","floor":28,"turns":5},{"damage":25,"enemies":"Sentry and Sphere","floor":30,"turns":4},{"damage":15,"enemies":"Snake Plant","floor":31,"turns":1}],"seed_played":"-1815544196570022650","potions_obtained":[{"floor":2,"key":"SkillPotion"},{"floor":3,"key":"PowerPotion"},{"floor":12,"key":"SpeedPotion"},{"floor":13,"key":"LiquidBronze"},{"floor":16,"key":"Fire Potion"},{"floor":18,"key":"Energy Potion"},{"floor":20,"key":"AttackPotion"},{"floor":28,"key":"BloodPotion"}],"is_trial":false,"path_per_floor":["M","M","M","M","$","R","E","?","T","?","R","E","M","M","R","B",null,"M","?","M","$","M","R","E","R","T","R","E","$","M","M"],"character_chosen":"IRONCLAD","items_purchased":["Feel No Pain","Wild Strike","Metallicize","Havoc"],"campfire_rested":2,"item_purchase_floors":[5,5,21,29],"current_hp_per_floor":[44,49,45,36,36,60,34,34,34,54,54,41,49,23,47,29,67,75,75,80,80,72,72,80,80,80,80,18,18,9,0],"gold":49,"neow_bonus":"TRANSFORM_TWO_CARDS","is_prod":false,"is_daily":false,"chose_seed":false,"campfire_upgraded":4,"win_rate":0,"timestamp":1551913222,"path_taken":["M","M","M","M","$","R","E","?","T","?","R","E","M","M","R","BOSS","M","?","M","$","M","R","E","R","T","R","E","$","M","M"],"build_version":"2019-01-23","purchased_purges":2,"victory":false,"max_hp_per_floor":[80,80,80,80,80,80,80,80,80,80,80,80,80,80,80,80,80,80,80,80,80,80,80,80,80,80,80,80,80,80,80],"card_choices":[{"not_picked":["Burning Pact","Sentinel"],"picked":"Headbutt","floor":1},{"not_picked":["Burning Pact","Havoc"],"picked":"Headbutt","floor":2},{"not_picked":["Wild Strike","Reckless Charge"],"picked":"Pommel Strike","floor":3},{"not_picked":["Seeing Red","Clash"],"picked":"Armaments","floor":4},{"not_picked":["Fire Breathing","Sever Soul"],"picked":"Spot Weakness","floor":7},{"not_picked":["Pommel Strike","Thunderclap"],"picked":"Anger","floor":12},{"not_picked":["Cleave","Second Wind"],"picked":"Impervious","floor":13},{"not_picked":["Heavy Blade","Carnage"],"picked":"Metallicize","floor":14},{"not_picked":["Impervious","Limit Break"],"picked":"Immolate","floor":16},{"not_picked":["Rupture","Thunderclap"],"picked":"Perfected Strike","floor":18},{"not_picked":["Flex","Thunderclap","Clash"],"picked":"SKIP","floor":20},{"not_picked":["Body Slam","Ghostly Armor"],"picked":"Corruption","floor":22},{"not_picked":["Perfected Strike","Havoc"],"picked":"Demon Form","floor":24},{"not_picked":["Perfected Strike","Sentinel"],"picked":"Spot Weakness","floor":28},{"not_picked":["Pommel Strike","Anger","Rupture"],"picked":"SKIP","floor":30}],"player_experience":236183,"relics_obtained":[{"floor":7,"key":"Blood Vial"},{"floor":9,"key":"Oddly Smooth Stone"},{"floor":12,"key":"Bag of Preparation"},{"floor":24,"key":"Smiling Mask"},{"floor":26,"key":"Letter Opener"},{"floor":28,"key":"Peace Pipe"}],"event_choices":[{"cards_removed":["Strike_R"],"damage_healed":0,"gold_gain":0,"player_choice":"Forget","damage_taken":0,"max_hp_gain":0,"max_hp_loss":0,"event_name":"Living Wall","floor":8,"gold_loss":0},{"damage_healed":20,"gold_gain":0,"player_choice":"Healed","damage_taken":0,"max_hp_gain":0,"max_hp_loss":0,"event_name":"The Cleric","floor":10,"gold_loss":35},{"cards_removed":["Defend_R"],"damage_healed":0,"gold_gain":0,"player_choice":"Gave Gold","damage_taken":0,"max_hp_gain":0,"max_hp_loss":0,"event_name":"Beggar","floor":19,"gold_loss":75}],"is_beta":false,"boss_relics":[{"not_picked":["Orrery","White Beast Statue"],"picked":"Cursed Key"}],"items_purged_floors":[21,29],"is_endless":false,"potions_floor_spawned":[2,3,12,13,16,18,20,22,28],"killed_by":"Snake Plant","ascension_level":10}