{"gold_per_floor":[114,67,67,79,79,109,109,142,198,198,209,242,259,289,289,386,386,406,406,426,445,475,475],"floor_reached":23,"playtime":624,"items_purged":[],"score":293,"play_id":"31bba4f9-11d9-4ce8-9334-d92e00b32d27","local_time":"20181015075736","is_ascension_mode":true,"campfire_choices":[{"floor":7,"key":"REST"},{"data":"Sunder","floor":10,"key":"SMITH"},{"floor":15,"key":"REST"}],"neow_cost":"NONE","seed_source_timestamp":395936095476873,"circlet_count":0,"master_deck":["Strike_B","Strike_B","Strike_B","Strike_B","Defend_B","Defend_B","Defend_B+1","Defend_B","Zap","Dualcast+1","Reinforced Body","Beam Cell","Regret","Sunder+1","Darkness","Beam Cell","Sweeping Beam","Redo","Beam Cell","Seek","Conserve Battery+1","Rebound","Scrape","Auto Shields"],"relics":["Cracked Core","War Paint","Bag of Preparation","Bottled Flame","Oddly Smooth Stone","Tiny Chest","Regal Pillow","The Courier","Inserter","Red Mask"],"potions_floor_usage":[8,16,18,22,23],"damage_taken":[{"damage":1,"enemies":"Cultist","floor":1,"turns":3},{"damage":2,"enemies":"Jaw Worm","floor":4,"turns":4},{"damage":26,"enemies":"Lagavulin","floor":6,"turns":6},{"damage":3,"enemies":"Gremlin Nob","floor":8,"turns":3},{"damage":0,"enemies":"Small Slimes","floor":11,"turns":2},{"damage":25,"enemies":"Lagavulin","floor":12,"turns":5},{"damage":0,"enemies":"3 Louse","floor":13,"turns":2},{"damage":12,"enemies":"Gremlin Nob","floor":14,"turns":3},{"damage":32,"enemies":"The Guardian","floor":16,"turns":7},{"damage":26,"enemies":"Shell Parasite","floor":18,"turns":6},{"damage":0,"enemies":"Spheric Guardian","floor":20,"turns":3},{"damage":22,"enemies":"Centurion and Healer","floor":21,"turns":5},{"damage":7,"enemies":"Masked Bandits","floor":22,"turns":3},{"damage":23,"enemies":"Book of Stabbing","floor":23,"turns":4}],"seed_played":"8861510987676993009","potions_obtained":[{"floor":4,"key":"SpeedPotion"},{"floor":6,"key":"Energy Potion"},{"floor":14,"key":"Energy Potion"},{"floor":21,"key":"PowerPotion"},{"floor":22,"key":"FearPotion"}],"is_trial":false,"path_per_floor":["M","?","?","M","?","E","R","E","T","R","M","E","M","E","R","B",null,"M","?","M","M","?"],"character_chosen":"DEFECT","items_purchased":[],"campfire_rested":2,"item_purchase_floors":[],"current_hp_per_floor":[74,74,74,72,72,46,68,65,65,65,65,40,40,28,65,33,75,49,49,49,27,20,0],"gold":475,"neow_bonus":"RANDOM_COMMON_RELIC","is_prod":false,"is_daily":false,"chose_seed":false,"campfire_upgraded":1,"win_rate":0,"timestamp":1539615456,"path_taken":["M","?","?","M","?","E","R","E","T","R","?","E","M","E","R","BOSS","M","?","M","M","?","E"],"build_version":"2018-10-11","purchased_purges":0,"victory":false,"max_hp_per_floor":[75,75,75,75,75,75,75,75,75,75,75,75,75,75,75,75,75,75,75,75,75,75,75],"card_choices":[{"not_picked":["Stack","Reprogram"],"picked":"Reinforced Body","floor":1},{"not_picked":["Go for the Eyes","Steam"],"picked":"Beam Cell","floor":4},{"not_picked":["Double Energy","Doom and Gloom"],"picked":"Sunder","floor":6},{"not_picked":["Beam Cell","Reinforced Body"],"picked":"Darkness","floor":8},{"not_picked":["Force Field","Leap"],"picked":"Beam Cell","floor":11},{"not_picked":["Glacier","Consume"],"picked":"Sweeping Beam","floor":12},{"not_picked":["Thunder Strike","Barrage"],"picked":"Redo","floor":13},{"not_picked":["Stack","Leap"],"picked":"Beam Cell","floor":14},{"not_picked":["Hyperbeam","Amplify"],"picked":"Seek","floor":16},{"not_picked":["Barrage+1","Hello World+1"],"picked":"Conserve Battery+1","floor":18},{"not_picked":["Sweeping Beam","Coolheaded"],"picked":"Rebound","floor":20},{"not_picked":["Hologram+1","Compile Driver"],"picked":"Scrape","floor":21},{"not_picked":["Turbo","Steam Power+1"],"picked":"Auto Shields","floor":22}],"player_experience":508168,"relics_obtained":[{"floor":6,"key":"Bottled Flame"},{"floor":8,"key":"Oddly Smooth Stone"},{"floor":9,"key":"Tiny Chest"},{"floor":12,"key":"Regal Pillow"},{"floor":14,"key":"The Courier"},{"floor":22,"key":"Red Mask"}],"event_choices":[{"event_name":"World of Goop","player_choice":"Left","floor":2,"damage_taken":0},{"event_name":"Golden Wing","player_choice":"Ignored","floor":3,"damage_taken":0},{"event_name":"Big Fish","player_choice":"Box","floor":5,"damage_taken":0},{"event_name":"Vampires","player_choice":"Ignored","floor":19,"damage_taken":0},{"event_name":"Masked Bandits","player_choice":"Fought Bandits","floor":22,"damage_taken":0}],"is_beta":false,"boss_relics":[{"not_picked":["FrozenCore","Fusion Hammer"],"picked":"Inserter"}],"items_purged_floors":[],"is_endless":false,"potions_floor_spawned":[4,6,14,21,22],"killed_by":"Book of Stabbing","ascension_level":4}