{"gold_per_floor":[117,135,153,163,181,181,181,181,181,26,26,51,51,68],"floor_reached":14,"playtime":540,"items_purged":["Strike_G"],"score":82,"play_id":"434c3f43-1fd4-41e3-999a-d997b0ecba31","local_time":"20181024144955","daily_mods":["Chimera","Colorless Cards","Careless"],"is_ascension_mode":false,"campfire_choices":[{"data":"Transmutation","floor":6,"key":"SMITH"},{"data":"Madness","floor":8,"key":"SMITH"},{"data":"Go for the Eyes","floor":11,"key":"SMITH"}],"neow_cost":"","seed_source_timestamp":1200381568220751,"circlet_count":0,"master_deck":["Bash","Survivor","Zap","Strike_R","Strike_B","Defend_R","Defend_G","Defend_B","Madness+1","Go for the Eyes+1","Ball Lightning","Transmutation+1","Hello World","Trip"],"relics":["Cracked Core","CultistMask","Ginger","Odd Mushroom"],"potions_floor_usage":[5],"damage_taken":[{"damage":2,"enemies":"Cultist","floor":1,"turns":4},{"damage":0,"enemies":"Small Slimes","floor":2,"turns":3},{"damage":3,"enemies":"Jaw Worm","floor":3,"turns":3},{"damage":4,"enemies":"Blue Slaver","floor":4,"turns":4},{"damage":8,"enemies":"Large Slime","floor":5,"turns":4},{"damage":17,"enemies":"The Mushroom Lair","floor":12,"turns":3},{"damage":11,"enemies":"Lots of Slimes","floor":14,"turns":4}],"seed_played":"5418180122875182745","potions_obtained":[{"floor":3,"key":"AttackPotion"},{"floor":14,"key":"EntropicBrew"}],"is_trial":true,"path_per_floor":["M","M","M","M","M","R","?","R","T","$","R","?","$"],"character_chosen":"DEFECT","items_purchased":["Hello World"],"campfire_rested":0,"item_purchase_floors":[10],"current_hp_per_floor":[73,73,70,66,58,58,58,58,58,58,58,41,41,30],"gold":68,"neow_bonus":"","is_prod":false,"is_daily":false,"chose_seed":false,"campfire_upgraded":3,"win_rate":0,"timestamp":1540406995,"path_taken":["M","M","M","M","M","R","?","R","T","$","R","?","?","M"],"build_version":"2018-10-18","purchased_purges":1,"victory":false,"max_hp_per_floor":[75,75,75,75,75,75,75,75,75,75,75,75,75,75],"card_choices":[{"not_picked":["Sweeping Beam","Consume"],"picked":"Madness","floor":1},{"not_picked":["Rebound","Gash"],"picked":"Go for the Eyes","floor":2},{"not_picked":["Compile Driver","Rebound"],"picked":"Ball Lightning","floor":3},{"not_picked":["Conserve Battery","Stack"],"picked":"Transmutation","floor":4},{"not_picked":["Hologram","Barrage","Redo"],"picked":"SKIP","floor":5},{"not_picked":["Barrage","Cold Snap"],"picked":"Trip","floor":12}],"player_experience":253980,"relics_obtained":[{"floor":9,"key":"Ginger"},{"floor":12,"key":"Odd Mushroom"}],"event_choices":[{"damage_healed":0,"gold_gain":0,"player_choice":"Trade","damage_taken":0,"relics_obtained":["CultistMask"],"max_hp_gain":0,"max_hp_loss":0,"event_name":"FaceTrader","floor":7,"gold_loss":0},{"damage_healed":0,"gold_gain":0,"player_choice":"Fought Mushrooms","damage_taken":0,"max_hp_gain":0,"max_hp_loss":0,"event_name":"Mushrooms","floor":12,"gold_loss":0}],"is_beta":false,"boss_relics":[],"items_purged_floors":[10],"is_endless":false,"potions_floor_spawned":[3,14],"killed_by":"Lots of Slimes","ascension_level":0}