{"gold_per_floor":[115,126,126,136,156,188,188,202,202,202,202,202,79,79,79,79],"floor_reached":16,"playtime":532,"items_purged":["Regret"],"score":255,"play_id":"9b035640-f9b1-4d94-bf22-44929dafc5aa","local_time":"20181020182201","is_ascension_mode":true,"campfire_choices":[{"floor":7,"key":"REST"},{"floor":11,"key":"REST"},{"data":"Perfected Strike","floor":15,"key":"SMITH"}],"neow_cost":"TEN_PERCENT_HP_LOSS","seed_source_timestamp":0,"circlet_count":0,"master_deck":["Strike_R","Strike_R","Strike_R","Strike_R","Strike_R","Defend_R","Defend_R","Defend_R","Defend_R","Bash","AscendersBane","Disarm","Perfected Strike","Seeing Red","Perfected Strike+1","Cleave","Iron Wave","Shrug It Off"],"special_seed":0,"relics":["Burning Blood","Ice Cream","Matryoshka","Centennial Puzzle","Juzu Bracelet","Shuriken","Meat on the Bone","Mummified Hand"],"potions_floor_usage":[5,6,16],"damage_taken":[{"damage":6.0,"enemies":"Cultist","floor":1.0,"turns":4.0},{"damage":9,"enemies":"2 Louse","floor":2,"turns":4},{"damage":2,"enemies":"Jaw Worm","floor":4,"turns":3},{"damage":9,"enemies":"Exordium Wildlife","floor":5,"turns":5},{"damage":45,"enemies":"3 Sentries","floor":6,"turns":8},{"damage":8,"enemies":"Blue Slaver","floor":8,"turns":2}],"seed_played":"-455017486243114700","potions_obtained":[{"floor":4,"key":"EntropicBrew"},{"floor":6,"key":"SkillPotion"}],"is_trial":false,"path_per_floor":["M","M","T","M","M","E","R","M","T","?","R","?","$","?","R"],"character_chosen":"IRONCLAD","items_purchased":["Shrug It Off"],"campfire_rested":2,"item_purchase_floors":[13],"current_hp_per_floor":[68,65,65,68,65,26,46,44,44,44,64,64,64,52,52,0],"gold":79,"neow_bonus":"ONE_RARE_RELIC","is_prod":false,"is_daily":false,"chose_seed":false,"campfire_upgraded":1,"win_rate":0,"timestamp":1540084921,"path_taken":["M","M","?","M","M","E","R","M","T","?","R","?","$","?","R","BOSS"],"build_version":"2018-10-18","purchased_purges":1,"victory":false,"max_hp_per_floor":[68,68,68,68,68,68,68,68,68,68,68,68,68,68,68,68],"card_choices":[{"not_picked":["Warcry","Feel No Pain"],"picked":"Disarm","floor":1},{"not_picked":["Sword Boomerang","Thunderclap"],"picked":"Perfected Strike","floor":2},{"not_picked":["Second Wind","Battle Trance"],"picked":"Seeing Red","floor":4},{"not_picked":["Flex","Rupture"],"picked":"Perfected Strike","floor":5},{"not_picked":["Iron Wave","Warcry"],"picked":"Cleave","floor":6},{"not_picked":["Clash","Second Wind"],"picked":"Iron Wave","floor":8}],"player_experience":581606,"relics_obtained":[{"floor":3,"key":"Matryoshka"},{"floor":6,"key":"Centennial Puzzle"},{"floor":9,"key":"Juzu Bracelet"},{"floor":9,"key":"Shuriken"}],"event_choices":[{"damage_healed":0,"gold_gain":0,"player_choice":"Ignored","damage_taken":0,"max_hp_gain":0,"max_hp_loss":0,"event_name":"Golden Wing","floor":10,"gold_loss":0},{"damage_healed":0,"gold_gain":0,"player_choice":"Box","damage_taken":0,"relics_obtained":["Meat on the Bone"],"max_hp_gain":0,"max_hp_loss":0,"event_name":"Big Fish","floor":12,"gold_loss":0,"cards_obtained":["Regret"]},{"damage_healed":0,"gold_gain":0,"player_choice":"Success","damage_taken":12,"relics_obtained":["Mummified Hand"],"max_hp_gain":0,"max_hp_loss":0,"event_name":"Scrap Ooze","floor":14,"gold_loss":0}],"is_beta":false,"boss_relics":[],"items_purged_floors":[13],"is_endless":false,"potions_floor_spawned":[4,6],"killed_by":"The Guardian","ascension_level":14}