{"gold_per_floor":[116,62,62,11,29,57,57,75,127,139,179,116,128,159,171,183],"floor_reached":16,"playtime":345,"items_purged":[],"score":233,"play_id":"575a2ce1-c456-4965-a73f-74cc7f25d713","local_time":"20181206131538","is_ascension_mode":true,"campfire_choices":[{"data":"Footwork","floor":7,"key":"SMITH"},{"floor":15,"key":"REST"}],"neow_cost":"NONE","seed_source_timestamp":78684972485253,"circlet_count":0,"master_deck":["AscendersBane","Defend_G","Defend_G","Defend_G+1","Defend_G","Defend_G","Strike_G","Strike_G","Strike_G","Strike_G","Survivor","Neutralize","Deadly Poison","Deflect","Dagger Throw","Footwork+1","Wraith Form v2+1","Backflip","Tactician","Accuracy","Quick Slash"],"relics":["Ring of the Snake","NeowsBlessing","WarpedTongs","Juzu Bracelet","MawBank","Mango"],"potions_floor_usage":[16],"damage_taken":[{"damage":0,"enemies":"2 Louse","floor":1,"turns":1},{"damage":0,"enemies":"Cultist","floor":5,"turns":1},{"damage":0,"enemies":"3 Sentries","floor":6,"turns":2},{"damage":5,"enemies":"Small Slimes","floor":8,"turns":4},{"damage":17,"enemies":"Gremlin Nob","floor":11,"turns":7},{"damage":5,"enemies":"3 Louse","floor":14,"turns":5},{"damage":44,"enemies":"Slime Boss","floor":16,"turns":11}],"seed_played":"798317316989664314","potions_obtained":[{"floor":1,"key":"Explosive Potion"},{"floor":11,"key":"Regen Potion"}],"is_trial":false,"path_per_floor":["M","$","?","$","M","E","R","M","T","?","E","?","?","M","R","B"],"character_chosen":"THE_SILENT","items_purchased":["Deflect","Dagger Throw"],"campfire_rested":1,"item_purchase_floors":[2,4],"current_hp_per_floor":[59,59,59,59,59,59,59,54,54,34,31,31,31,26,50,6],"gold":183,"neow_bonus":"THREE_ENEMY_KILL","is_prod":false,"is_daily":false,"chose_seed":false,"campfire_upgraded":1,"win_rate":0,"timestamp":1544130938,"path_taken":["M","$","?","$","?","E","R","M","T","?","E","?","?","M","R","BOSS"],"build_version":"2018-11-15","purchased_purges":0,"victory":false,"max_hp_per_floor":[66,66,66,66,66,66,66,66,66,66,80,80,80,80,80,80],"card_choices":[{"not_picked":["Setup","Dodge and Roll"],"picked":"Deadly Poison","floor":1},{"not_picked":["Outmaneuver","Cloak And Dagger"],"picked":"Footwork","floor":5},{"not_picked":["Accuracy","Prepared"],"picked":"Wraith Form v2","floor":6},{"not_picked":["Quick Slash","Concentrate"],"picked":"Backflip","floor":8},{"not_picked":["Backstab","Deflect"],"picked":"Tactician","floor":11},{"not_picked":["Phantasmal Killer","Dagger Spray"],"picked":"Quick Slash","floor":14}],"player_experience":991237,"relics_obtained":[{"floor":6,"key":"Juzu Bracelet"},{"floor":9,"key":"MawBank"},{"floor":11,"key":"Mango"}],"event_choices":[{"damage_healed":0,"gold_gain":0,"player_choice":"Rummage","damage_taken":0,"relics_obtained":["WarpedTongs"],"max_hp_gain":0,"max_hp_loss":0,"event_name":"Accursed Blacksmith","floor":3,"gold_loss":0,"cards_obtained":["Pain"]},{"damage_healed":0,"gold_gain":0,"player_choice":"Entered Light","damage_taken":20,"max_hp_gain":0,"max_hp_loss":0,"event_name":"Shining Light","floor":10,"gold_loss":0,"cards_upgraded":["Wraith Form v2","Defend_G"]},{"cards_removed":["Pain"],"damage_healed":0,"gold_gain":0,"player_choice":"Card Removal","damage_taken":0,"max_hp_gain":0,"max_hp_loss":0,"event_name":"The Cleric","floor":12,"gold_loss":75},{"damage_healed":0,"gold_gain":0,"cards_transformed":["Strike_G"],"player_choice":"Transformed","damage_taken":0,"max_hp_gain":0,"max_hp_loss":0,"event_name":"Transmorgrifier","floor":13,"gold_loss":0,"cards_obtained":["Accuracy"]}],"is_beta":false,"boss_relics":[],"items_purged_floors":[],"is_endless":false,"potions_floor_spawned":[1,11,14],"killed_by":"Slime Boss","ascension_level":15}