{"gold_per_floor":[117,292,307,277,293,293,319,319,343,376,376,395,395,43,43,141,141,156,175,210,39,39,39,68,85,85,85,98,111,111,121,121,218,218,230,230,71,1070,1070,1070,1088,1088,1088,1088],"floor_reached":44,"playtime":1692,"items_purged":["Strike_R","Doubt","Strike_R"],"score":524,"play_id":"0243531d-235b-4b46-830e-e0bc2f904d1e","local_time":"20190326180251","is_ascension_mode":true,"campfire_choices":[{"data":"Bash","floor":6,"key":"SMITH"},{"data":"Flame Barrier","floor":11,"key":"SMITH"},{"data":"Disarm","floor":15,"key":"SMITH"},{"data":"Armaments","floor":23,"key":"SMITH"},{"data":"Spot Weakness","floor":27,"key":"SMITH"},{"data":"Pommel Strike","floor":30,"key":"SMITH"},{"floor":32,"key":"REST"},{"data":"Metallicize","floor":40,"key":"SMITH"},{"floor":42,"key":"RECALL"}],"neow_cost":"NONE","seed_source_timestamp":3640460337500,"circlet_count":0,"master_deck":["Defend_R","Defend_R","Defend_R","Defend_R","Bash+1","Seeing Red","Havoc","Pommel Strike+1","Flame Barrier+1","Metallicize+1","Immolate","Thunderclap","Disarm+1","Uppercut+1","Reaper","Warcry+1","Sword Boomerang+1","Spot Weakness+1","Twin Strike","Pummel+1","Dark Embrace","Shrug It Off+1","Battle Trance","Normality","Normality"],"relics":["Burning Blood","NeowsBlessing","Turnip","Pear","Red Skull","Orichalcum","Mark of Pain","Red Mask","Pen Nib","Bag of Marbles","Empty Cage"],"potions_floor_usage":[7,16,28,33,44],"damage_taken":[{"damage":0,"enemies":"Small Slimes","floor":1,"turns":1},{"damage":0,"enemies":"Cultist","floor":3,"turns":1},{"damage":0,"enemies":"Jaw Worm","floor":5,"turns":1},{"damage":15,"enemies":"Lagavulin","floor":7,"turns":5},{"damage":44,"enemies":"Gremlin Nob","floor":10,"turns":5},{"damage":14,"enemies":"3 Louse","floor":12,"turns":6},{"damage":2,"enemies":"Hexaghost","floor":16,"turns":8},{"damage":22,"enemies":"3 Byrds","floor":18,"turns":9},{"damage":42,"enemies":"Spheric Guardian","floor":19,"turns":10},{"damage":0,"enemies":"Masked Bandits","floor":20,"turns":1},{"damage":12,"enemies":"Slavers","floor":24,"turns":4},{"damage":0,"enemies":"Cultist and Chosen","floor":25,"turns":4},{"damage":0,"enemies":"3 Cultists","floor":28,"turns":2},{"damage":26,"enemies":"Snake Plant","floor":29,"turns":4},{"damage":0,"enemies":"Centurion and Healer","floor":31,"turns":2},{"damage":48,"enemies":"Champ","floor":33,"turns":12},{"damage":68,"enemies":"3 Shapes","floor":35,"turns":17},{"damage":2,"enemies":"Orb Walker","floor":41,"turns":2},{"damage":50,"enemies":"Giant Head","floor":44,"turns":7}],"seed_played":"8665526579039033598","potions_obtained":[{"floor":4,"key":"AttackPotion"},{"floor":4,"key":"SmokeBomb"},{"floor":5,"key":"FairyPotion"},{"floor":10,"key":"Poison Potion"},{"floor":19,"key":"PowerPotion"},{"floor":20,"key":"Fire Potion"},{"floor":28,"key":"Fruit Juice"},{"floor":33,"key":"Block Potion"},{"floor":41,"key":"Fire Potion"}],"is_trial":false,"path_per_floor":["M","?","M","?","M","R","E","T","T","E","R","M","?","$","R","B",null,"M","M","?","$","?","R","E","M","T","R","M","M","R","M","R","B",null,"M","?","$","?","?","R","M","R","T","E"],"character_chosen":"IRONCLAD","items_purchased":["Thunderclap","Disarm","EssenceOfSteel","Uppercut","Spot Weakness","Battle Trance"],"campfire_rested":1,"item_purchase_floors":[14,14,14,14,21,37],"current_hp_per_floor":[80,80,80,80,80,80,71,81,81,43,43,35,35,35,35,39,90,74,38,44,44,44,44,38,44,44,44,55,35,35,41,69,27,95,33,33,33,33,33,33,37,37,37,0],"gold":1088,"neow_bonus":"THREE_ENEMY_KILL","is_prod":false,"is_daily":false,"chose_seed":false,"campfire_upgraded":7,"win_rate":0,"timestamp":1553648571,"path_taken":["M","?","M","?","?","R","E","?","T","E","R","M","?","$","R","BOSS","M","M","?","$","?","R","E","M","T","R","?","M","R","M","R","BOSS","M","?","$","?","?","R","?","R","T","E"],"build_version":"2019-03-15","purchased_purges":3,"victory":false,"max_hp_per_floor":[80,80,80,80,80,80,80,90,90,90,90,90,90,90,90,90,90,90,90,90,90,90,90,90,90,90,90,95,95,95,95,95,95,95,95,95,95,95,90,90,90,90,90,90],"card_choices":[{"not_picked":["Clash","Infernal Blade"],"picked":"Seeing Red","floor":1},{"not_picked":["Hemokinesis","Clothesline"],"picked":"Havoc","floor":3},{"not_picked":["Entrench","Clothesline"],"picked":"Pommel Strike","floor":5},{"not_picked":["Power Through","Body Slam","Bloodletting"],"picked":"SKIP","floor":7},{"not_picked":["Clothesline","Searing Blow"],"picked":"Flame Barrier","floor":10},{"not_picked":["Body Slam","Havoc"],"picked":"Metallicize","floor":12},{"not_picked":["Offering","Dark Embrace"],"picked":"Reaper","floor":16},{"not_picked":["Cleave","Havoc"],"picked":"Armaments","floor":18},{"not_picked":["Combust+1","Twin Strike"],"picked":"Warcry+1","floor":19},{"not_picked":["Ghostly Armor","Pommel Strike"],"picked":"Sword Boomerang+1","floor":20},{"not_picked":["Wild Strike+1","Cleave","Bludgeon"],"picked":"SKIP","floor":24},{"not_picked":["Searing Blow","Intimidate"],"picked":"Twin Strike","floor":25},{"not_picked":["Intimidate","Infernal Blade"],"picked":"Pummel+1","floor":28},{"not_picked":["Bloodletting","Perfected Strike+1","Seeing Red"],"picked":"SKIP","floor":29},{"not_picked":["Cleave","Wild Strike","Pummel"],"picked":"SKIP","floor":31},{"not_picked":["Barricade","Immolate"],"picked":"Dark Embrace","floor":33},{"not_picked":["Feel No Pain","Clothesline"],"picked":"Shrug It Off+1","floor":35},{"not_picked":["Wild Strike+1","Hemokinesis+1","Sword Boomerang+1"],"picked":"SKIP","floor":41}],"player_experience":613389,"relics_obtained":[{"floor":7,"key":"Turnip"},{"floor":8,"key":"Pear"},{"floor":9,"key":"Red Skull"},{"floor":10,"key":"Orichalcum"},{"floor":20,"key":"Red Mask"},{"floor":24,"key":"Pen Nib"},{"floor":26,"key":"Bag of Marbles"}],"event_choices":[{"damage_healed":0,"gold_gain":175,"player_choice":"AGREE","damage_taken":0,"max_hp_gain":0,"max_hp_loss":0,"event_name":"Liars Game","floor":2,"gold_loss":0,"cards_obtained":["Doubt"]},{"damage_healed":0,"gold_gain":0,"player_choice":"Bought 2 Potions","damage_taken":0,"max_hp_gain":0,"max_hp_loss":0,"event_name":"The Woman in Blue","floor":4,"gold_loss":0},{"damage_healed":0,"gold_gain":0,"cards_transformed":["Strike_R"],"player_choice":"Change","damage_taken":0,"max_hp_gain":0,"max_hp_loss":0,"event_name":"Living Wall","floor":13,"gold_loss":0,"cards_obtained":["Immolate"]},{"damage_healed":0,"gold_gain":0,"player_choice":"Fought Bandits","damage_taken":0,"max_hp_gain":0,"max_hp_loss":0,"event_name":"Masked Bandits","floor":20,"gold_loss":0},{"damage_healed":0,"gold_gain":0,"player_choice":"Forge","damage_taken":0,"max_hp_gain":0,"max_hp_loss":0,"event_name":"Accursed Blacksmith","floor":22,"gold_loss":0,"cards_upgraded":["Uppercut"]},{"cards_removed":["Armaments"],"damage_healed":0,"gold_gain":0,"player_choice":"Removed Skill","damage_taken":0,"max_hp_gain":0,"max_hp_loss":0,"event_name":"Falling","floor":36,"gold_loss":0},{"damage_healed":0,"gold_gain":999,"player_choice":"Gold","damage_taken":0,"max_hp_gain":0,"max_hp_loss":0,"event_name":"MindBloom","floor":38,"gold_loss":0,"cards_obtained":["Normality","Normality"]},{"damage_healed":0,"gold_gain":0,"player_choice":"Max HP","damage_taken":0,"max_hp_gain":0,"max_hp_loss":5,"event_name":"Winding Halls","floor":39,"gold_loss":0}],"is_beta":true,"boss_relics":[{"not_picked":["White Beast Statue","Sozu"],"picked":"Mark of Pain"},{"not_picked":["Coffee Dripper","Black Blood"],"picked":"Empty Cage"}],"items_purged_floors":[14,21,37],"is_endless":false,"potions_floor_spawned":[5,10,12,19,20,24,28,33,41],"killed_by":"Giant Head","ascension_level":3}