{"gold_per_floor":[114,114,41,41,56,85,85,120,145,168,23,42,42,56,56,157,157,172,172,25,25,40,40,60,60,60,60,78,78,97,97,97,198,198,210,223,46,0,0,0,34,34,60,60,60,60,71,20,20,20],"floor_reached":50,"playtime":3110,"items_purged":["Strike_R","Strike_R+1"],"score":544,"play_id":"581535b1-8927-4d99-8272-47948ccdce15","local_time":"20190315171604","is_ascension_mode":true,"campfire_choices":[{"data":"Sword Boomerang","floor":7,"key":"SMITH"},{"floor":13,"key":"REST"},{"data":"Flex","floor":15,"key":"SMITH"},{"data":"Juggernaut","floor":23,"key":"SMITH"},{"floor":25,"key":"REST"},{"data":"Flame Barrier","floor":27,"key":"SMITH"},{"data":"Havoc","floor":32,"key":"SMITH"},{"floor":40,"key":"REST"},{"floor":44,"key":"REST"},{"data":"Metallicize","floor":46,"key":"SMITH"},{"floor":49,"key":"REST"}],"neow_cost":"NONE","seed_source_timestamp":1399864765000,"circlet_count":0,"master_deck":["Defend_R","Defend_R+1","Defend_R","Defend_R+1","Bash","Twin Strike","Cleave","Armaments+1","Shrug It Off","Sword Boomerang+1","Flex+1","Shockwave","Anger","Juggernaut+1","Metallicize+1","J.A.X.+1","Flame Barrier+1","Iron Wave","Parasite","Intimidate+1","Havoc+1","Demon Form+1","Power Through+1","Fiend Fire+1","Sword Boomerang+1","Ghostly Armor+1","Heavy Blade+1","Writhe","Offering"],"relics":["Burning Blood","Centennial Puzzle","Juzu Bracelet","Regal Pillow","Odd Mushroom","Red Skull","Cursed Key","Sundial","Bag of Preparation","War Paint","Astrolabe","Red Mask","Spirit Poop","Blue Candle","Blood Vial","Molten Egg 2"],"potions_floor_usage":[5,6,8,10,16,22,33,41,41,50],"damage_taken":[{"damage":1,"enemies":"2 Louse","floor":1,"turns":4},{"damage":5,"enemies":"Jaw Worm","floor":5,"turns":4},{"damage":27,"enemies":"3 Sentries","floor":6,"turns":8},{"damage":27,"enemies":"Lagavulin","floor":8,"turns":5},{"damage":22,"enemies":"The Mushroom Lair","floor":10,"turns":3},{"damage":0,"enemies":"Small Slimes","floor":12,"turns":3},{"damage":16,"enemies":"Blue Slaver","floor":14,"turns":3},{"damage":23,"enemies":"The Guardian","floor":16,"turns":7},{"damage":15,"enemies":"Chosen","floor":18,"turns":5},{"damage":14,"enemies":"Spheric Guardian","floor":22,"turns":3},{"damage":14,"enemies":"Centurion and Healer","floor":24,"turns":5},{"damage":18,"enemies":"Snake Plant","floor":28,"turns":4},{"damage":26,"enemies":"Chosen and Byrds","floor":30,"turns":6},{"damage":32,"enemies":"Champ","floor":33,"turns":8},{"damage":16,"enemies":"3 Shapes","floor":35,"turns":3},{"damage":50,"enemies":"3 Darklings","floor":36,"turns":6},{"damage":39,"enemies":"Reptomancer","floor":41,"turns":7},{"damage":60,"enemies":"Writhing Mass","floor":47,"turns":5},{"damage":65,"enemies":"Time Eater","floor":50,"turns":7}],"seed_played":"3679959332927227306","potions_obtained":[{"floor":0,"key":"Strength Potion"},{"floor":0,"key":"Explosive Potion"},{"floor":0,"key":"BloodPotion"},{"floor":8,"key":"AttackPotion"},{"floor":10,"key":"Ancient Potion"},{"floor":18,"key":"AttackPotion"},{"floor":24,"key":"LiquidBronze"},{"floor":33,"key":"Ancient Potion"},{"floor":36,"key":"Poison Potion"}],"is_trial":false,"path_per_floor":["M","?","$","?","M","E","R","E","T","?","$","M","R","M","R","B",null,"M","?","$","?","M","R","M","R","T","R","M","?","M","T","R","B",null,"M","M","$","?","?","R","E","?","T","R","?","R","M","?","R","B"],"character_chosen":"IRONCLAD","items_purchased":["Cleave","Armaments","Red Skull","Flame Barrier","EssenceOfSteel"],"campfire_rested":5,"item_purchase_floors":[3,3,11,20,37],"current_hp_per_floor":[80,64,64,64,73,52,52,31,31,15,15,21,60,50,50,33,80,71,71,71,71,63,63,55,80,80,80,68,68,48,48,48,22,80,70,26,26,26,26,65,32,32,32,69,69,69,17,17,54,0],"gold":20,"neow_bonus":"THREE_SMALL_POTIONS","is_prod":false,"is_daily":false,"chose_seed":false,"campfire_upgraded":6,"win_rate":0,"timestamp":1552695364,"path_taken":["M","?","$","?","M","E","R","E","T","?","$","M","R","M","R","BOSS","M","?","$","?","M","R","M","R","T","R","M","?","M","?","R","BOSS","M","M","$","?","?","R","E","?","T","R","?","R","M","?","R","BOSS"],"build_version":"2019-02-06","purchased_purges":2,"victory":false,"max_hp_per_floor":[80,80,80,80,80,80,80,80,80,80,80,80,80,80,80,80,80,80,80,80,80,80,80,80,80,80,80,80,80,80,80,80,80,80,80,80,80,80,80,80,80,76,76,76,76,76,76,76,76,76],"card_choices":[{"not_picked":["Sentinel","Anger"],"picked":"Twin Strike","floor":1},{"not_picked":["Combust","Twin Strike"],"picked":"Shrug It Off","floor":5},{"not_picked":["Twin Strike","Fire Breathing"],"picked":"Sword Boomerang","floor":6},{"not_picked":["True Grit","Uppercut"],"picked":"Flex","floor":8},{"not_picked":["Bloodletting","Seeing Red"],"picked":"Shockwave","floor":10},{"not_picked":["Armaments","Blood for Blood"],"picked":"Anger","floor":12},{"not_picked":["Iron Wave","Anger","Carnage"],"picked":"SKIP","floor":14},{"not_picked":["Impervious","Fiend Fire"],"picked":"Juggernaut","floor":16},{"not_picked":["Wild Strike","Flex"],"picked":"Metallicize","floor":18},{"not_picked":["Battle Trance","Clash"],"picked":"Iron Wave","floor":22},{"not_picked":["Anger","Flex+1","Cleave"],"picked":"SKIP","floor":24},{"not_picked":["Armaments","Fire Breathing"],"picked":"Intimidate+1","floor":28},{"not_picked":["Juggernaut","Fire Breathing"],"picked":"Havoc","floor":30},{"not_picked":["Limit Break","Dark Embrace"],"picked":"Demon Form","floor":33},{"not_picked":["Body Slam","Clash"],"picked":"Ghostly Armor+1","floor":35},{"not_picked":["Wild Strike+1","Dropkick+1","Anger"],"picked":"SKIP","floor":36},{"not_picked":["Twin Strike","Power Through+1"],"picked":"Heavy Blade+1","floor":41},{"not_picked":["Armaments+1","Thunderclap+1"],"picked":"Offering","floor":47}],"player_experience":568135,"relics_obtained":[{"floor":6,"key":"Centennial Puzzle"},{"floor":8,"key":"Juzu Bracelet"},{"floor":9,"key":"Regal Pillow"},{"floor":10,"key":"Odd Mushroom"},{"floor":26,"key":"Sundial"},{"floor":31,"key":"War Paint"},{"floor":41,"key":"Blue Candle"},{"floor":43,"key":"Blood Vial"}],"event_choices":[{"damage_healed":0,"gold_gain":0,"player_choice":"Entered Light","damage_taken":16,"max_hp_gain":0,"max_hp_loss":0,"event_name":"Shining Light","floor":2,"gold_loss":0,"cards_upgraded":["Strike_R","Defend_R"]},{"damage_healed":0,"gold_gain":0,"player_choice":"Grow","damage_taken":0,"max_hp_gain":0,"max_hp_loss":0,"event_name":"Living Wall","floor":4,"gold_loss":0,"cards_upgraded":["Armaments"]},{"damage_healed":0,"gold_gain":0,"player_choice":"Fought Mushrooms","damage_taken":0,"max_hp_gain":0,"max_hp_loss":0,"event_name":"Mushrooms","floor":10,"gold_loss":0},{"damage_healed":0,"gold_gain":0,"player_choice":"Obtain J.A.X.","damage_taken":0,"max_hp_gain":0,"max_hp_loss":0,"event_name":"Drug Dealer","floor":19,"gold_loss":0,"cards_obtained":["J.A.X."]},{"damage_healed":0,"gold_gain":0,"player_choice":"Ignored","damage_taken":0,"max_hp_gain":0,"max_hp_loss":0,"event_name":"Ghosts","floor":21,"gold_loss":0},{"damage_healed":0,"gold_gain":0,"player_choice":"Opened","damage_taken":0,"relics_obtained":["Bag of Preparation"],"max_hp_gain":0,"max_hp_loss":0,"event_name":"The Mausoleum","floor":29,"gold_loss":0},{"damage_healed":0,"gold_gain":0,"player_choice":"Paid","damage_taken":0,"relics_obtained":["Red Mask"],"max_hp_gain":0,"max_hp_loss":0,"event_name":"Tomb of Lord Red Mask","floor":38,"gold_loss":46},{"cards_removed":["Pain"],"damage_healed":0,"gold_gain":0,"player_choice":"Offered Curse","damage_taken":0,"relics_obtained":["Spirit Poop"],"max_hp_gain":0,"max_hp_loss":0,"event_name":"Bonfire Elementals","floor":39,"gold_loss":0},{"damage_healed":0,"gold_gain":0,"player_choice":"Max HP","damage_taken":0,"max_hp_gain":0,"max_hp_loss":4,"event_name":"Winding Halls","floor":42,"gold_loss":0},{"damage_healed":0,"gold_gain":0,"player_choice":"Forge","damage_taken":0,"max_hp_gain":0,"max_hp_loss":0,"event_name":"Accursed Blacksmith","floor":45,"gold_loss":0,"cards_upgraded":["Demon Form"]},{"damage_healed":0,"gold_gain":0,"player_choice":"Paid Gold","damage_taken":0,"relics_obtained":["Molten Egg 2"],"max_hp_gain":0,"max_hp_loss":0,"event_name":"WeMeetAgain","floor":48,"gold_loss":51}],"is_beta":true,"boss_relics":[{"not_picked":["Runic Cube","Lizard Tail"],"picked":"Cursed Key"},{"not_picked":["Snecko Eye","Mark of Pain"],"picked":"Astrolabe"}],"items_purged_floors":[20,37],"is_endless":false,"potions_floor_spawned":[1,8,10,18,24,33,36],"killed_by":"Time Eater","ascension_level":3}