{"gold_per_floor":[116,116,41,61,35,35,70,70,70,70,105,105,119,152,152,152],"floor_reached":16,"playtime":404,"items_purged":[],"score":247,"play_id":"2a0608d6-8897-4189-9d31-9623ef1320bf","local_time":"20181024210600","is_ascension_mode":true,"campfire_choices":[{"data":"Twin Strike","floor":6,"key":"SMITH"},{"data":"Iron Wave","floor":8,"key":"SMITH"},{"data":"Bloodletting","floor":10,"key":"SMITH"},{"data":"Thunderclap","floor":12,"key":"SMITH"},{"data":"Shrug It Off","floor":15,"key":"SMITH"}],"neow_cost":"NONE","seed_source_timestamp":1221066496655868,"circlet_count":0,"master_deck":["Strike_R","Strike_R","Strike_R","Strike_R","Strike_R","Defend_R","Defend_R","Defend_R","Bash","AscendersBane","Flame Barrier+1","Iron Wave+1","Twin Strike+1","Bloodletting+1","Thunderclap+1","Shrug It Off+1"],"relics":["Burning Blood","NeowsBlessing","Anchor","Strawberry","Singing Bowl","Meat on the Bone"],"potions_floor_usage":[11,14],"damage_taken":[{"damage":0,"enemies":"2 Louse","floor":1,"turns":1},{"damage":0,"enemies":"Jaw Worm","floor":4,"turns":1},{"damage":0,"enemies":"Gremlin Nob","floor":7,"turns":1},{"damage":20,"enemies":"Lagavulin","floor":11,"turns":6},{"damage":3,"enemies":"Small Slimes","floor":13,"turns":2},{"damage":8,"enemies":"Gremlin Nob","floor":14,"turns":3},{"damage":73,"enemies":"Hexaghost","floor":16,"turns":9}],"seed_played":"-4101283216733849079","potions_obtained":[{"floor":1,"key":"Poison Potion"},{"floor":7,"key":"PowerPotion"}],"is_trial":false,"path_per_floor":["M","?","?","M","$","R","E","R","T","R","E","R","M","E","R"],"character_chosen":"IRONCLAD","items_purchased":["Twin Strike"],"campfire_rested":0,"item_purchase_floors":[5],"current_hp_per_floor":[74,74,74,75,75,75,75,75,82,82,68,68,71,71,71,0],"gold":152,"neow_bonus":"THREE_ENEMY_KILL","is_prod":false,"is_daily":false,"chose_seed":false,"campfire_upgraded":5,"win_rate":0,"timestamp":1540440360,"path_taken":["M","?","?","M","$","R","E","R","T","R","E","R","M","E","R","BOSS"],"build_version":"2018-10-18","purchased_purges":0,"victory":false,"max_hp_per_floor":[75,75,75,75,75,75,75,75,82,82,82,82,82,84,84,84],"card_choices":[{"not_picked":["Headbutt","Body Slam"],"picked":"Flame Barrier","floor":1},{"not_picked":["Entrench","Havoc"],"picked":"Iron Wave","floor":4},{"not_picked":["Limit Break","Wild Strike"],"picked":"Bloodletting","floor":7},{"not_picked":["Flex","Clash"],"picked":"Thunderclap","floor":11},{"not_picked":["Warcry","Wild Strike"],"picked":"Shrug It Off","floor":13},{"not_picked":["Iron Wave","Barricade","Reckless Charge"],"picked":"Singing Bowl","floor":14}],"player_experience":647738,"relics_obtained":[{"floor":7,"key":"Anchor"},{"floor":9,"key":"Strawberry"},{"floor":11,"key":"Singing Bowl"},{"floor":14,"key":"Meat on the Bone"}],"event_choices":[{"damage_healed":0,"gold_gain":0,"player_choice":"Grow","damage_taken":0,"max_hp_gain":0,"max_hp_loss":0,"event_name":"Living Wall","floor":2,"gold_loss":0,"cards_upgraded":["Flame Barrier"]},{"cards_removed":["Defend_R"],"damage_healed":0,"gold_gain":0,"player_choice":"Card Removal","damage_taken":0,"max_hp_gain":0,"max_hp_loss":0,"event_name":"The Cleric","floor":3,"gold_loss":75}],"is_beta":false,"boss_relics":[],"items_purged_floors":[],"is_endless":false,"potions_floor_spawned":[1,7],"killed_by":"Hexaghost","ascension_level":15}