{"gold_per_floor":[113,113,113,131,145,145,170,188,256,270,299,70,89,89,89,186,186,174,174,99,117,17,49,49,63,109,109,120,120,136,11,11,11],"floor_reached":33,"playtime":1633,"items_purged":["Strike_G","Strike_G","Strike_G"],"score":327,"play_id":"d8508af5-2016-431f-812e-1ae9c0a659eb","local_time":"20181013152719","daily_mods":["Specialized","ControlledChaos","Night Terrors"],"is_ascension_mode":false,"campfire_choices":[{"data":"Footwork","floor":6,"key":"SMITH"},{"floor":15,"key":"REST"},{"data":"Noxious Fumes","floor":24,"key":"SMITH"},{"data":"Footwork","floor":27,"key":"SMITH"},{"data":"Footwork","floor":32,"key":"SMITH"}],"neow_cost":"","seed_source_timestamp":0,"circlet_count":0,"master_deck":["Defend_G","Defend_G","Defend_G","Defend_G","Defend_G","Survivor","Neutralize","Footwork+1","Footwork","Footwork","Footwork+1","Footwork+1","Dodge and Roll","Cloak And Dagger","Noxious Fumes+1","Dodge and Roll"],"relics":["Ring of the Snake","Frozen Eye","Tingsha","Bag of Preparation","Singing Bowl","Lantern","PreservedInsect","Sozu","Unceasing Top","Strawberry"],"potions_floor_usage":[11,13,16],"damage_taken":[{"damage":2,"enemies":"2 Louse","floor":1,"turns":5},{"damage":0,"enemies":"Jaw Worm","floor":4,"turns":5},{"damage":12,"enemies":"Cultist","floor":5,"turns":6},{"damage":18,"enemies":"3 Sentries","floor":7,"turns":9},{"damage":0,"enemies":"Large Slime","floor":8,"turns":6},{"damage":0,"enemies":"Looter","floor":10,"turns":5},{"damage":15,"enemies":"Lagavulin","floor":11,"turns":7},{"damage":0,"enemies":"Gremlin Gang","floor":13,"turns":7},{"damage":27,"enemies":"Slime Boss","floor":16,"turns":7},{"damage":0,"enemies":"2 Thieves","floor":18,"turns":4},{"damage":0,"enemies":"Spheric Guardian","floor":21,"turns":7},{"damage":11,"enemies":"Slavers","floor":23,"turns":7},{"damage":9,"enemies":"Shelled Parasite and Fungi","floor":25,"turns":6},{"damage":14,"enemies":"Snecko","floor":28,"turns":6},{"damage":27,"enemies":"3 Cultists","floor":30,"turns":6},{"damage":31,"enemies":"Collector","floor":33,"turns":7}],"seed_played":"-6541867117720412993","potions_obtained":[{"floor":1,"key":"Weak Potion"},{"floor":8,"key":"Fire Potion"},{"floor":13,"key":"Explosive Potion"},{"floor":16,"key":"Weak Potion"}],"is_trial":true,"path_per_floor":["M","?","?","M","M","R","E","M","T","M","E","$","M","?","R","B",null,"M","?","$","M","$","E","R","M","T","R","M","$","M","$","R"],"character_chosen":"THE_SILENT","items_purchased":["PreservedInsect","GhostInAJar"],"campfire_rested":1,"item_purchase_floors":[12,12],"current_hp_per_floor":[68,56,49,49,37,37,19,19,19,21,8,8,10,10,71,46,73,75,75,75,77,77,68,68,59,66,66,54,54,29,29,29,0],"gold":11,"neow_bonus":"","is_prod":false,"is_daily":false,"chose_seed":false,"campfire_upgraded":4,"win_rate":0,"timestamp":1539458839,"path_taken":["M","?","?","M","M","R","E","?","T","M","E","$","M","?","R","BOSS","M","?","$","?","?","E","R","M","T","R","M","?","?","$","R","BOSS"],"build_version":"2018-10-11","purchased_purges":3,"victory":false,"max_hp_per_floor":[70,70,70,70,70,70,70,70,70,72,74,74,76,76,71,73,73,75,75,75,77,77,79,79,79,86,86,88,88,90,90,90,90],"card_choices":[{"not_picked":["Infinite Blades","Quick Slash"],"picked":"Dodge and Roll","floor":1},{"not_picked":["Bane","Phantasmal Killer","Expertise"],"picked":"SKIP","floor":4},{"not_picked":["Dagger Spray","Slice"],"picked":"Cloak And Dagger","floor":5},{"not_picked":["PiercingWail","Finisher"],"picked":"Noxious Fumes","floor":7},{"not_picked":["Flying Knee","Concentrate","Poisoned Stab"],"picked":"SKIP","floor":8},{"not_picked":["Flying Knee","Outmaneuver","Deadly Poison"],"picked":"Singing Bowl","floor":10},{"not_picked":["Acrobatics","Quick Slash","Deadly Poison"],"picked":"Singing Bowl","floor":11},{"not_picked":["Calculated Gamble","Prepared","Dash"],"picked":"Singing Bowl","floor":13},{"not_picked":["Glass Knife","Venomology","Doppelganger"],"picked":"Singing Bowl","floor":16},{"not_picked":["Slice+1","Quick Slash","Infinite Blades+1"],"picked":"Singing Bowl","floor":18},{"not_picked":["PiercingWail","Dagger Spray+1","Slice"],"picked":"Singing Bowl","floor":21},{"not_picked":["Poisoned Stab","Catalyst","Setup"],"picked":"Singing Bowl","floor":23},{"not_picked":["Backstab","Riddle With Holes"],"picked":"Dodge and Roll","floor":25},{"not_picked":["Flying Knee+1","Distraction+1","Doppelganger"],"picked":"Singing Bowl","floor":28},{"not_picked":["Dagger Spray+1","Flechettes","Outmaneuver"],"picked":"Singing Bowl","floor":30}],"player_experience":240284,"relics_obtained":[{"floor":7,"key":"Bag of Preparation"},{"floor":9,"key":"Singing Bowl"},{"floor":11,"key":"Lantern"},{"floor":23,"key":"Unceasing Top"},{"floor":26,"key":"Strawberry"}],"event_choices":[{"event_name":"Scrap Ooze","player_choice":"success","floor":2,"damage_taken":12},{"event_name":"Golden Wing","player_choice":"Card Removal","floor":3,"damage_taken":0},{"event_name":"Liars Game","player_choice":"disagreed","floor":14,"damage_taken":0},{"event_name":"Back to Basics","player_choice":"Elegance","floor":19,"damage_taken":0}],"is_beta":false,"boss_relics":[{"not_picked":["White Beast Statue","Empty Cage"],"picked":"Sozu"}],"items_purged_floors":[20,22,31],"is_endless":false,"potions_floor_spawned":[1,8,13,16,25],"killed_by":"Collector","ascension_level":0}