{"gold_per_floor":[114,189,206,47,47,75,75,101,101,126,126,140,159,191,191,268,268,285,200,216,236,256,256,291,291,366,366,380,380],"floor_reached":29,"playtime":1434,"items_purged":[],"score":696,"play_id":"a598396d-0f80-441d-898e-5a8999ecd8e1","local_time":"20190403222619","is_ascension_mode":true,"campfire_choices":[{"data":"Armaments","floor":7.0,"key":"SMITH"},{"data":"Juggernaut","floor":15.0,"key":"SMITH"},{"floor":23.0,"key":"REST"},{"data":"Body Slam","floor":25.0,"key":"SMITH"},{"floor":27.0,"key":"REST"}],"neow_cost":"NONE","seed_source_timestamp":965452224153549,"circlet_count":0,"master_deck":["AscendersBane","Strike_R","Strike_R","Strike_R","Strike_R","Strike_R","Defend_R","Defend_R","Defend_R+1","Defend_R","Bash","Armaments+1","Headbutt","Evolve","Disarm+1","Iron Wave","Inflame","Body Slam+1","Battle Trance","Juggernaut+1","Inflame","Impervious","Iron Wave+1","Inflame+1","Shockwave","Heavy Blade","Shockwave+1","True Grit"],"special_seed":0,"relics":["Burning Blood","NeowsBlessing","Charon\u0027s Ashes","Bag of Preparation","Bottled Lightning","Potion Belt","Nunchaku","Eternal Feather","Frozen Egg 2","Dream Catcher","Matryoshka"],"potions_floor_usage":[28],"damage_taken":[{"damage":0.0,"enemies":"Small Slimes","floor":1.0,"turns":1.0},{"damage":0.0,"enemies":"2 Louse","floor":3.0,"turns":1.0},{"damage":0.0,"enemies":"Lagavulin","floor":6.0,"turns":1.0},{"damage":12.0,"enemies":"3 Sentries","floor":8.0,"turns":5.0},{"damage":19.0,"enemies":"Lagavulin","floor":10.0,"turns":9.0},{"damage":0.0,"enemies":"Cultist","floor":12.0,"turns":3.0},{"damage":0.0,"enemies":"Looter","floor":13.0,"turns":3.0},{"damage":12.0,"enemies":"3 Sentries","floor":14.0,"turns":6.0},{"damage":0.0,"enemies":"Hexaghost","floor":16.0,"turns":9.0},{"damage":20.0,"enemies":"Chosen","floor":18.0,"turns":6.0},{"damage":18.0,"enemies":"Shell Parasite","floor":20.0,"turns":5.0},{"damage":11.0,"enemies":"Cultist and Chosen","floor":21.0,"turns":7.0},{"damage":27.0,"enemies":"Snake Plant","floor":22.0,"turns":9.0},{"damage":59.0,"enemies":"Slavers","floor":24.0,"turns":6.0},{"damage":52,"enemies":"3 Cultists","floor":28,"turns":6},{"damage":20,"enemies":"Sentry and Sphere","floor":29,"turns":4}],"seed_played":"-5773360233593459314","potions_obtained":[{"floor":6.0,"key":"SneckoOil"},{"floor":8.0,"key":"LiquidBronze"},{"floor":10.0,"key":"Dexterity Potion"},{"floor":12.0,"key":"Ancient Potion"},{"floor":16.0,"key":"LiquidBronze"},{"floor":18.0,"key":"Regen Potion"},{"floor":22.0,"key":"EssenceOfSteel"}],"is_trial":false,"path_per_floor":["M","?","M","$","?","E","R","E","T","E","?","M","M","E","R","B",null,"M","?","M","M","M","R","E","R","T","R","M","M"],"character_chosen":"IRONCLAD","items_purchased":["Evolve","Disarm"],"campfire_rested":2,"item_purchase_floors":[4,4],"current_hp_per_floor":[74,63,69,69,46,52,52,46,46,33,22,28,34,28,28,34,65,51,51,53,48,27,64,11,26,26,63,17,0],"gold":380,"neow_bonus":"THREE_ENEMY_KILL","is_prod":false,"is_daily":false,"chose_seed":false,"campfire_upgraded":3,"win_rate":0,"timestamp":1554351979,"path_taken":["M","?","M","$","?","E","R","E","T","E","?","M","?","E","R","BOSS","M","?","M","M","M","R","E","R","T","R","M","M"],"build_version":"2019-03-15","purchased_purges":0,"victory":false,"max_hp_per_floor":[75,75,75,75,75,75,75,75,75,75,75,75,75,75,75,75,75,75,75,75,75,75,75,75,75,75,75,75,75],"card_choices":[{"not_picked":["Flex","Sentinel"],"picked":"Armaments","floor":1.0},{"not_picked":["Anger","Rupture"],"picked":"Headbutt","floor":3.0},{"not_picked":["Clothesline","Warcry"],"picked":"Iron Wave","floor":6.0},{"not_picked":["Havoc","Brutality"],"picked":"Inflame","floor":8.0},{"not_picked":["Cleave","Sword Boomerang"],"picked":"Body Slam","floor":10.0},{"not_picked":["Warcry","Sword Boomerang"],"picked":"Battle Trance","floor":12.0},{"not_picked":["Clash","Perfected Strike"],"picked":"Juggernaut","floor":13.0},{"not_picked":["Heavy Blade","Clash"],"picked":"Inflame","floor":14.0},{"not_picked":["Feed","Demon Form"],"picked":"Impervious","floor":16.0},{"not_picked":["Warcry","Spot Weakness"],"picked":"Iron Wave+1","floor":18.0},{"not_picked":["Body Slam","Sever Soul"],"picked":"Inflame+1","floor":20.0},{"not_picked":["Rampage","Iron Wave"],"picked":"Shockwave","floor":21.0},{"not_picked":["Twin Strike","Clash+1"],"picked":"Heavy Blade","floor":22.0},{"not_picked":["Metallicize+1","Double Tap"],"picked":"Shockwave+1","floor":24.0},{"not_picked":["Headbutt","Body Slam"],"picked":"True Grit","floor":27.0},{"not_picked":["Dual Wield","Iron Wave","Sever Soul"],"picked":"SKIP","floor":28}],"player_experience":2746036,"relics_obtained":[{"floor":6.0,"key":"Charon\u0027s Ashes"},{"floor":8.0,"key":"Bag of Preparation"},{"floor":9.0,"key":"Bottled Lightning"},{"floor":10.0,"key":"Potion Belt"},{"floor":14.0,"key":"Nunchaku"},{"floor":24.0,"key":"Dream Catcher"},{"floor":26.0,"key":"Matryoshka"}],"event_choices":[{"damage_healed":0.0,"max_hp_gain":0.0,"max_hp_loss":0.0,"gold_gain":75.0,"event_name":"World of Goop","player_choice":"Gather Gold","floor":2.0,"gold_loss":0.0,"damage_taken":11.0},{"damage_healed":0.0,"max_hp_gain":0.0,"max_hp_loss":0.0,"gold_gain":0.0,"event_name":"Shining Light","player_choice":"Entered Light","floor":5.0,"gold_loss":0.0,"damage_taken":23.0,"cards_upgraded":["Disarm","Defend_R"]},{"damage_healed":0.0,"max_hp_gain":0.0,"max_hp_loss":0.0,"gold_gain":0.0,"event_name":"Wheel of Change","player_choice":"Damaged","floor":11.0,"gold_loss":0.0,"damage_taken":11.0},{"damage_healed":0.0,"max_hp_gain":0.0,"max_hp_loss":0.0,"gold_gain":0.0,"event_name":"Addict","player_choice":"Obtained Relic","floor":19.0,"gold_loss":85.0,"damage_taken":0.0,"relics_obtained":["Frozen Egg 2"]}],"is_beta":true,"boss_relics":[{"not_picked":["Empty Cage","Astrolabe"],"picked":"Eternal Feather"}],"items_purged_floors":[],"is_endless":false,"potions_floor_spawned":[6,8,10,12,16,18,22],"killed_by":"Sentry and Sphere","ascension_level":20}