{"gold_per_floor":[117,42,53,25,35,35,68,84,84,84,20,47,47,47,47,120,120,120,120,120,120,120,120,120,120,120,120,120,70,70,70,70,70,70,70,70,1,1,1,1,1],"floor_reached":41,"playtime":2846,"items_purged":[],"score":775,"play_id":"98aa90b5-76f2-44df-872f-bcc15d48e9cf","local_time":"20190405233229","is_ascension_mode":true,"campfire_choices":[{"data":"Bash","floor":6.0,"key":"SMITH"},{"data":"True Grit","floor":10.0,"key":"SMITH"},{"floor":13.0,"key":"REST"},{"data":"Shockwave","floor":15,"key":"SMITH"},{"floor":23,"key":"REST"},{"floor":27,"key":"REST"},{"floor":32,"key":"REST"},{"floor":40,"key":"REST"}],"neow_cost":"NONE","seed_source_timestamp":0,"circlet_count":0,"master_deck":["AscendersBane","Strike_R","Strike_R","Strike_R","Strike_R","Defend_R","Defend_R","Defend_R","Defend_R","Bash+1","Clothesline","Pommel Strike","True Grit+1","Headbutt","Feel No Pain","Shockwave+1","Limit Break","Battle Trance+1","Shrug It Off","Metallicize","Flame Barrier+1","Armaments","Bludgeon","Flex","Bludgeon"],"special_seed":0,"relics":["Burning Blood","NeowsBlessing","Turnip","The Courier","Mercury Hourglass","Ectoplasm","Pantograph","Bronze Scales","Bottled Tornado","Black Star"],"potions_floor_usage":[16,21,30,35],"damage_taken":[{"damage":0.0,"enemies":"2 Louse","floor":1.0,"turns":1.0},{"damage":0.0,"enemies":"Jaw Worm","floor":3.0,"turns":1.0},{"damage":0.0,"enemies":"Small Slimes","floor":5.0,"turns":1.0},{"damage":35.0,"enemies":"3 Sentries","floor":7.0,"turns":10.0},{"damage":23.0,"enemies":"Gremlin Gang","floor":8.0,"turns":6.0},{"damage":18.0,"enemies":"Gremlin Nob","floor":12.0,"turns":4.0},{"damage":15,"enemies":"Slime Boss","floor":16,"turns":11},{"damage":12,"enemies":"Shell Parasite","floor":18,"turns":6},{"damage":6,"enemies":"Spheric Guardian","floor":21,"turns":4},{"damage":32,"enemies":"Book of Stabbing","floor":24,"turns":7},{"damage":10,"enemies":"Snake Plant","floor":25,"turns":5},{"damage":5,"enemies":"Snecko","floor":28,"turns":5},{"damage":24,"enemies":"Shelled Parasite and Fungi","floor":30,"turns":4},{"damage":43,"enemies":"Collector","floor":33,"turns":16},{"damage":19,"enemies":"3 Darklings","floor":35,"turns":7},{"damage":18,"enemies":"Orb Walker","floor":36,"turns":4},{"damage":38,"enemies":"4 Shapes","floor":39,"turns":7},{"damage":47,"enemies":"Reptomancer","floor":41,"turns":2}],"seed_played":"2415521419656974367","potions_obtained":[{"floor":1.0,"key":"Regen Potion"},{"floor":3.0,"key":"EssenceOfSteel"},{"floor":8.0,"key":"Dexterity Potion"},{"floor":25,"key":"Fire Potion"},{"floor":33,"key":"Block Potion"}],"is_trial":false,"path_per_floor":["M","?","M","$","M","R","E","M","T","R","$","E","R","?","R","B",null,"M","?","?","M","?","R","E","M","T","R","M","?","M","T","R","B",null,"M","M","$","?","M","R","E"],"character_chosen":"IRONCLAD","items_purchased":["Pommel Strike","Feel No Pain","Bludgeon"],"campfire_rested":5,"item_purchase_floors":[4,11,37],"current_hp_per_floor":[74,74,75,75,75,75,61,44,44,44,44,32,54,54,54,45,68,62,41,25,25,25,49,23,19,19,43,44,44,26,26,50,38,70,57,45,45,50,18,42,0],"gold":1,"neow_bonus":"THREE_ENEMY_KILL","is_prod":false,"is_daily":false,"chose_seed":false,"campfire_upgraded":3,"win_rate":0,"timestamp":1554521549,"path_taken":["M","?","M","$","M","R","E","M","T","R","$","E","R","?","R","BOSS","M","?","?","?","?","R","E","M","T","R","M","?","?","?","R","BOSS","M","M","$","?","?","R","E"],"build_version":"2019-01-23","purchased_purges":0,"victory":false,"max_hp_per_floor":[75,75,75,75,75,75,75,75,75,75,75,75,75,75,75,75,75,75,80,80,80,80,80,80,80,80,80,80,80,80,80,80,80,80,80,80,80,80,80,80,80],"card_choices":[{"not_picked":["Sentinel","Perfected Strike","Havoc"],"picked":"SKIP","floor":1.0},{"not_picked":["Sentinel","Fire Breathing"],"picked":"Clothesline","floor":3.0},{"not_picked":["Corruption","Intimidate"],"picked":"Anger","floor":5.0},{"not_picked":["Cleave","Headbutt"],"picked":"True Grit","floor":7.0},{"not_picked":["Second Wind","Iron Wave"],"picked":"Headbutt","floor":8.0},{"not_picked":["Sentinel","Reckless Charge"],"picked":"Shockwave","floor":12.0},{"not_picked":["Juggernaut","Double Tap"],"picked":"Limit Break","floor":16},{"not_picked":["Clothesline","Sword Boomerang"],"picked":"Battle Trance+1","floor":18},{"not_picked":["Infernal Blade","Headbutt"],"picked":"Shrug It Off","floor":21},{"not_picked":["Seeing Red","Battle Trance"],"picked":"Metallicize","floor":24},{"not_picked":["Cleave","Sentinel"],"picked":"Flame Barrier+1","floor":25},{"not_picked":["Clash","Heavy Blade"],"picked":"Armaments","floor":28},{"not_picked":["Intimidate","Thunderclap","Infernal Blade"],"picked":"SKIP","floor":30},{"not_picked":["Limit Break","Double Tap"],"picked":"Bludgeon","floor":33},{"not_picked":["Wild Strike","Iron Wave"],"picked":"Flex","floor":35},{"not_picked":["Pommel Strike","Iron Wave+1","Armaments"],"picked":"SKIP","floor":36},{"not_picked":["Headbutt","Perfected Strike+1","Armaments"],"picked":"SKIP","floor":39}],"player_experience":327468,"relics_obtained":[{"floor":7.0,"key":"Turnip"},{"floor":9.0,"key":"The Courier"},{"floor":12.0,"key":"Mercury Hourglass"},{"floor":24,"key":"Pantograph"},{"floor":26,"key":"Bronze Scales"},{"floor":31,"key":"Bottled Tornado"}],"event_choices":[{"cards_removed":["Strike_R"],"damage_healed":0.0,"max_hp_gain":0.0,"max_hp_loss":0.0,"gold_gain":0.0,"event_name":"The Cleric","player_choice":"Card Removal","floor":2.0,"gold_loss":75.0,"damage_taken":0.0},{"damage_healed":0,"gold_gain":0,"player_choice":"Fled","damage_taken":0,"max_hp_gain":0,"max_hp_loss":0,"event_name":"Scrap Ooze","floor":14,"gold_loss":0},{"damage_healed":0,"gold_gain":0,"player_choice":"Shed Blood","damage_taken":26,"max_hp_gain":5,"max_hp_loss":0,"event_name":"Forgotten Altar","floor":19,"gold_loss":0},{"damage_healed":0,"gold_gain":0,"player_choice":"POTION ","damage_taken":16,"max_hp_gain":0,"max_hp_loss":0,"event_name":"Knowing Skull","floor":20,"potions_obtained":["PowerPotion"],"gold_loss":0,"cards_obtained":[]},{"damage_healed":0,"gold_gain":0,"player_choice":"Ignored","damage_taken":0,"max_hp_gain":0,"max_hp_loss":0,"event_name":"Cursed Tome","floor":22,"gold_loss":0},{"damage_healed":0,"gold_gain":0,"player_choice":"Bet on Murderer","damage_taken":0,"max_hp_gain":0,"max_hp_loss":0,"event_name":"The Joust","floor":29,"gold_loss":50},{"cards_removed":["Anger"],"damage_healed":5,"gold_gain":0,"player_choice":"Offered Common","damage_taken":0,"max_hp_gain":0,"max_hp_loss":0,"event_name":"Bonfire Elementals","floor":38,"gold_loss":0},{"cards_removed":["Anger"],"damage_healed":5,"gold_gain":0,"player_choice":"Offered Special","damage_taken":0,"max_hp_gain":0,"max_hp_loss":0,"event_name":"Bonfire Elementals","floor":38,"gold_loss":0}],"is_beta":false,"boss_relics":[{"not_picked":["Black Blood","Orrery"],"picked":"Ectoplasm"},{"not_picked":["Philosopher\u0027s Stone","White Beast Statue"],"picked":"Black Star"}],"items_purged_floors":[],"is_endless":false,"potions_floor_spawned":[1,3,8,25,33],"killed_by":"Reptomancer","ascension_level":17}