{"gold_per_floor":[119,46,64,81,81,114,114,144,144,178,196,16,0,33,33,110,110,122,156,142,159,159],"floor_reached":22,"playtime":2248,"items_purged":["Strike_B"],"score":364,"play_id":"18103f72-90c0-4fa2-bfcd-8a1666b62433","local_time":"20190409080722","is_ascension_mode":true,"campfire_choices":[{"floor":7.0,"key":"REST"},{"floor":15,"key":"REST"}],"neow_cost":"NONE","seed_source_timestamp":0,"circlet_count":0,"master_deck":["AscendersBane","Strike_B","Strike_B","Defend_B","Defend_B","Defend_B","Defend_B","Zap","Dualcast","Sweeping Beam","Ball Lightning","Genetic Algorithm","Buffer","Defragment","White Noise","Loop","Go for the Eyes","Leap","Creative AI","Steam Power+1","Conserve Battery","Undo"],"special_seed":0,"relics":["Cracked Core","Torii","The Courier","Bird Faced Urn","Shovel","Art of War","Boot","Inserter","Red Mask"],"potions_floor_usage":[14,14,18,19],"damage_taken":[{"damage":2.0,"enemies":"Jaw Worm","floor":1.0,"turns":3.0},{"damage":1.0,"enemies":"2 Louse","floor":3.0,"turns":2.0},{"damage":7.0,"enemies":"Small Slimes","floor":4.0,"turns":2.0},{"damage":23.0,"enemies":"3 Sentries","floor":6.0,"turns":6.0},{"damage":10.0,"enemies":"Gremlin Nob","floor":8.0,"turns":4.0},{"damage":25.0,"enemies":"Lagavulin","floor":10.0,"turns":7.0},{"damage":21,"enemies":"Exordium Thugs","floor":11,"turns":5},{"damage":13,"enemies":"3 Sentries","floor":14,"turns":6},{"damage":8,"enemies":"The Guardian","floor":16,"turns":10},{"damage":20,"enemies":"3 Byrds","floor":18,"turns":3},{"damage":53,"enemies":"Masked Bandits","floor":19,"turns":6},{"damage":7,"enemies":"2 Thieves","floor":20,"turns":5},{"damage":1,"enemies":"Centurion and Healer","floor":21,"turns":8},{"damage":45,"enemies":"3 Cultists","floor":22,"turns":5}],"seed_played":"-4758198299040415712","potions_obtained":[{"floor":1.0,"key":"Dexterity Potion"},{"floor":11,"key":"Fire Potion"},{"floor":14,"key":"Swift Potion"},{"floor":18,"key":"Fire Potion"}],"is_trial":false,"path_per_floor":["M","$","M","M","?","E","R","E","T","E","M","$","?","E","R","B",null,"M","?","M","M","M"],"character_chosen":"DEFECT","items_purchased":["Ball Lightning","Explosive Potion","Art of War"],"campfire_rested":2,"item_purchase_floors":[2,2,12],"current_hp_per_floor":[69,69,68,61,61,38,61,51,51,30,17,17,17,10,33,33,67,55,10,13,26,0],"gold":159,"neow_bonus":"TEN_PERCENT_HP_BONUS","is_prod":false,"is_daily":false,"chose_seed":false,"campfire_upgraded":0,"win_rate":0,"timestamp":1554793642,"path_taken":["M","$","M","M","?","E","R","E","T","E","M","$","?","E","R","BOSS","M","?","M","M","M"],"build_version":"2019-01-23","purchased_purges":1,"victory":false,"max_hp_per_floor":[78,78,78,78,78,78,78,78,78,78,78,78,78,78,78,78,78,78,78,78,78,78],"card_choices":[{"not_picked":["Go for the Eyes","Defragment"],"picked":"Sweeping Beam","floor":1.0},{"not_picked":["BootSequence","Gash"],"picked":"Genetic Algorithm","floor":3.0},{"not_picked":["Sweeping Beam","Steam","Gash"],"picked":"SKIP","floor":4.0},{"not_picked":["Storm","Barrage"],"picked":"Defragment","floor":6.0},{"not_picked":["Reprogram","Sweeping Beam"],"picked":"White Noise","floor":8.0},{"not_picked":["All For One","Stack"],"picked":"Loop","floor":10},{"not_picked":["Sweeping Beam","Steam"],"picked":"Go for the Eyes","floor":11},{"not_picked":["Tempest","Compile Driver"],"picked":"Leap","floor":14},{"not_picked":["Hyperbeam","Meteor Strike"],"picked":"Creative AI","floor":16},{"not_picked":["Doom and Gloom","Streamline"],"picked":"Steam Power+1","floor":18},{"not_picked":["Hologram","Melter"],"picked":"Conserve Battery","floor":19},{"not_picked":["Static Discharge","Storm"],"picked":"Undo","floor":20},{"not_picked":["Scrape+1","Compile Driver","Leap"],"picked":"SKIP","floor":21}],"player_experience":951437,"relics_obtained":[{"floor":6.0,"key":"Torii"},{"floor":8.0,"key":"The Courier"},{"floor":9.0,"key":"Bird Faced Urn"},{"floor":10,"key":"Shovel"},{"floor":14,"key":"Boot"},{"floor":19,"key":"Red Mask"}],"event_choices":[{"damage_healed":0.0,"max_hp_gain":0.0,"max_hp_loss":0.0,"gold_gain":0.0,"cards_transformed":["Strike_B"],"event_name":"Living Wall","player_choice":"Change","floor":5.0,"gold_loss":0.0,"damage_taken":0.0,"cards_obtained":["Buffer"]},{"damage_healed":0,"gold_gain":0,"player_choice":"Left Gold","damage_taken":0,"max_hp_gain":0,"max_hp_loss":0,"event_name":"World of Goop","floor":13,"gold_loss":16},{"damage_healed":0,"gold_gain":0,"player_choice":"Fought Bandits","damage_taken":0,"max_hp_gain":0,"max_hp_loss":0,"event_name":"Masked Bandits","floor":19,"gold_loss":0}],"is_beta":false,"boss_relics":[{"not_picked":["Ectoplasm","Fusion Hammer"],"picked":"Inserter"}],"items_purged_floors":[12],"is_endless":false,"potions_floor_spawned":[1,11,14,18],"killed_by":"3 Cultists","ascension_level":14}