{"path_per_floor":["M","M","?","?","$","E","R","?","T","E","R","M","$","E","R","B",null,"M","?","?","?","?","R"],"character_chosen":"THE_SILENT","items_purchased":["Bottled Tornado","Strength Potion"],"gold_per_floor":[13,31,31,31,31,58,58,23,23,358,358,373,9,43,43,147,147,162,87,2,2,2,2],"floor_reached":24,"campfire_rested":2,"playtime":628,"current_hp_per_floor":[61,46,46,46,46,9,30,47,47,32,32,28,28,19,40,18,57,39,39,39,39,39,47],"items_purged":["Regret"],"gold":2,"score":307,"play_id":"e07f20d1-fd6b-4f54-9e40-5873dac6b479","is_prod":false,"is_daily":false,"is_ascension_mode":true,"campfire_upgraded":2,"path_taken":["M","M","?","?","$","E","R","?","T","E","R","?","$","E","R","BOSS","M","?","?","?","?","R","E"],"build_version":"2018-02-22-PROD2","purchased_purges":1,"victory":false,"master_deck":["Defend_G","Defend_G","Defend_G","Defend_G","Defend_G","Survivor","Neutralize","Envenom+1","A Thousand Cuts","Flying Knee","Unload","Catalyst","Sucker Punch","Catalyst+1","Unload","A Thousand Cuts","Backstab","Envenom+1","Bite","Bite","Bite","Bite","Bite"],"max_hp_per_floor":[70,70,70,70,70,70,70,70,70,70,70,70,70,70,70,70,70,70,70,70,70,49,49],"relics":["Ring of the Snake","Centennial Puzzle","Oddly Smooth Stone","Vajra","Old Coin","Bottled Tornado","Smiling Mask","Eternal Feather","Du-Vu Doll"],"card_choices":[{"not_picked":["Wraith Form","Bullet Time"],"picked":"Envenom"},{"not_picked":["Deflect","Choke"],"picked":"A Thousand Cuts"},{"not_picked":["PiercingWail","Deadly Poison"],"picked":"Flying Knee"},{"not_picked":["All Out Attack","Distraction"],"picked":"Catalyst"},{"not_picked":["Dagger Throw","Bane"],"picked":"Sucker Punch"},{"not_picked":["Deadly Poison","Dagger Spray"],"picked":"Catalyst"},{"not_picked":["Eviscerate","Blade Dance"],"picked":"Unload"},{"not_picked":["Wraith Form","Bullet Time"],"picked":"A Thousand Cuts"},{"not_picked":["Blur","Noxious Fumes"],"picked":"Backstab"}],"player_experience":270902,"potions_floor_usage":[6,10,14,16,18],"damage_taken":[{"damage":2,"enemies":"2 Louse","floor":1,"turns":4},{"damage":15,"enemies":"Small Slimes","floor":2,"turns":5},{"damage":37,"enemies":"Lagavulin","floor":6,"turns":9},{"damage":15,"enemies":"3 Sentries","floor":10,"turns":7},{"damage":4,"enemies":"Cultist","floor":12,"turns":4},{"damage":9,"enemies":"Lagavulin","floor":14,"turns":7},{"damage":22,"enemies":"Hexaghost","floor":16,"turns":8},{"damage":18,"enemies":"3 Byrds","floor":18,"turns":6},{"damage":51,"enemies":"Slavers","floor":24,"turns":3}],"event_choices":[{"event_name":"Big Fish","player_choice":"Box","floor":3,"damage_taken":0},{"event_name":"Transmorgrifier","player_choice":"Transform","floor":4,"damage_taken":0},{"event_name":"The Cleric","player_choice":"Healed","floor":8,"damage_taken":0},{"event_name":"Beggar","player_choice":"Gave Gold","floor":19,"damage_taken":0},{"event_name":"Addict","player_choice":"Obtained Relic","floor":20,"damage_taken":0},{"event_name":"Duplicator","player_choice":"One dupe","floor":21,"damage_taken":0},{"event_name":"Vampires","player_choice":"Became a vampire","floor":22,"damage_taken":0}],"boss_relics":[{"not_picked":["Runic Pyramid","Velvet Choker"],"picked":"Eternal Feather"}],"potions_floor_spawned":[1,6,14,16],"seed_played":"1369286919796136775","killed_by":"Slavers","ascension_level":7,"is_trial":false}