{"gold_per_floor":[112,287,362,142,154,154,174,194,194,194,224,224,224],"floor_reached":13,"playtime":612,"items_purged":["Doubt"],"score":87,"play_id":"04e41796-3327-4099-ab26-3a9bdbb6016e","local_time":"20181124063634","is_ascension_mode":true,"campfire_choices":[],"neow_cost":"NONE","seed_source_timestamp":124963656350025,"circlet_count":0,"master_deck":["Strike_B","Strike_B","Strike_B","Strike_B","Defend_B","Defend_B","Defend_B","Defend_B","Zap","Dualcast","Force Field","Rainbow","Consume","Static Discharge","Deep Breath","Force Field","Redo","Cold Snap"],"relics":["Cracked Core","NeowsBlessing","Question Card","Letter Opener","Frozen Egg 2"],"potions_floor_usage":[8],"damage_taken":[{"damage":0,"enemies":"2 Louse","floor":1,"turns":1},{"damage":0,"enemies":"Jaw Worm","floor":5,"turns":1},{"damage":0,"enemies":"Cultist","floor":7,"turns":1},{"damage":6,"enemies":"Large Slime","floor":8,"turns":9},{"damage":45,"enemies":"3 Sentries","floor":11,"turns":6},{"damage":11,"enemies":"Lagavulin","floor":13,"turns":2}],"seed_played":"5396225741859354395","potions_obtained":[{"floor":5,"key":"EssenceOfSteel"}],"is_trial":false,"path_per_floor":["M","?","?","$","M","?","M","M","T","?","E","?","E"],"character_chosen":"DEFECT","items_purchased":["Rainbow","Consume"],"campfire_rested":0,"item_purchase_floors":[4,4],"current_hp_per_floor":[75,75,64,64,64,64,64,58,58,58,13,6,0],"gold":224,"neow_bonus":"THREE_ENEMY_KILL","is_prod":false,"is_daily":false,"chose_seed":false,"campfire_upgraded":0,"win_rate":0,"timestamp":1543070194,"path_taken":["M","?","?","$","M","?","M","?","T","?","E","?","E"],"build_version":"2018-11-15","purchased_purges":1,"victory":false,"max_hp_per_floor":[75,75,75,75,75,75,75,75,75,75,75,75,75],"card_choices":[{"not_picked":["Sweeping Beam","Beam Cell"],"picked":"Force Field","floor":1},{"not_picked":["Go for the Eyes","Cold Snap"],"picked":"Static Discharge","floor":5},{"not_picked":["Aggregate","Auto Shields"],"picked":"Force Field","floor":7},{"not_picked":["Steam","Ball Lightning"],"picked":"Redo","floor":8},{"not_picked":["Sweeping Beam","Auto Shields","Redo"],"picked":"Cold Snap","floor":11}],"player_experience":28823,"relics_obtained":[{"floor":9,"key":"Question Card"},{"floor":11,"key":"Frozen Egg 2"}],"event_choices":[{"damage_healed":0,"gold_gain":175,"player_choice":"AGREE","damage_taken":0,"max_hp_gain":0,"max_hp_loss":0,"event_name":"Liars Game","floor":2,"gold_loss":0,"cards_obtained":["Doubt"]},{"damage_healed":0,"gold_gain":75,"player_choice":"Gather Gold","damage_taken":11,"max_hp_gain":0,"max_hp_loss":0,"event_name":"World of Goop","floor":3,"gold_loss":0},{"damage_healed":0,"gold_gain":0,"player_choice":"1 cards matched","damage_taken":0,"max_hp_gain":0,"max_hp_loss":0,"event_name":"Match and Keep!","floor":6,"gold_loss":0,"cards_obtained":["Deep Breath"]},{"damage_healed":0,"gold_gain":0,"player_choice":"Box","damage_taken":0,"relics_obtained":["Letter Opener"],"max_hp_gain":0,"max_hp_loss":0,"event_name":"Big Fish","floor":10,"gold_loss":0,"cards_obtained":["Regret"]},{"cards_removed":["Regret"],"damage_healed":0,"gold_gain":0,"player_choice":"Card Removal","damage_taken":7,"max_hp_gain":0,"max_hp_loss":0,"event_name":"Golden Wing","floor":12,"gold_loss":0}],"is_beta":false,"boss_relics":[],"items_purged_floors":[4],"is_endless":false,"potions_floor_spawned":[5],"killed_by":"Lagavulin","ascension_level":1}