{"gold_per_floor":[115,126,142,6,16,51,69,94,173,207,207,207,217,65,65,137,137,149,160,11,11,24,24,24,56,56,70,70,70,130,55,55,55],"floor_reached":33,"playtime":1188,"items_purged":[],"score":544,"play_id":"5a93c2b0-cd7b-48d1-905a-23e215560552","local_time":"20181020125408","is_ascension_mode":true,"campfire_choices":[{"floor":12,"key":"REST"},{"data":"Fiend Fire","floor":15,"key":"SMITH"},{"floor":23,"key":"REST"},{"floor":24,"key":"REST"},{"floor":29,"key":"REST"},{"floor":32,"key":"REST"}],"neow_cost":"PERCENT_DAMAGE","seed_source_timestamp":845163976640899,"circlet_count":0,"master_deck":["Strike_R","Strike_R","Strike_R","Strike_R","Strike_R","Defend_R","Defend_R","Defend_R","Defend_R","Bash","AscendersBane","Fiend Fire+1","Combust","Feel No Pain","Headbutt","Immolate","Exhume","Cleave","Impervious","Feed","Demon Form","Trip","Spot Weakness","Armaments","Power Through","Dark Shackles","Dark Embrace","Body Slam+1","Havoc+1","Warcry","Madness","True Grit+1","Infernal Blade","Limit Break","Rupture","Infernal Blade","RitualDagger","Warcry","Entrench"],"relics":["Burning Blood","Regal Pillow","Dream Catcher","Pear","WingedGreaves","Lizard Tail","NlothsMask","Red Skull","Tiny Chest"],"potions_floor_usage":[6,7,8,13,18,27,33],"damage_taken":[{"damage":1,"enemies":"Cultist","floor":1,"turns":4},{"damage":3,"enemies":"Jaw Worm","floor":2,"turns":3},{"damage":11,"enemies":"Small Slimes","floor":3,"turns":3},{"damage":0,"enemies":"Exordium Thugs","floor":5,"turns":3},{"damage":17,"enemies":"3 Sentries","floor":6,"turns":3},{"damage":7,"enemies":"Exordium Wildlife","floor":7,"turns":2},{"damage":26,"enemies":"Lagavulin","floor":8,"turns":5},{"damage":20,"enemies":"3 Sentries","floor":10,"turns":4},{"damage":10,"enemies":"Gremlin Gang","floor":13,"turns":4},{"damage":57,"enemies":"The Guardian","floor":16,"turns":11},{"damage":20,"enemies":"3 Byrds","floor":18,"turns":4},{"damage":14,"enemies":"Spheric Guardian","floor":19,"turns":3},{"damage":36,"enemies":"Snecko","floor":22,"turns":5},{"damage":72,"enemies":"Gremlin Leader","floor":25,"turns":10},{"damage":35,"enemies":"Sentry and Sphere","floor":27,"turns":5},{"damage":37,"enemies":"Slavers","floor":30,"turns":5},{"damage":86,"enemies":"Champ","floor":33,"turns":10}],"seed_played":"-8754465944579334089","potions_obtained":[{"floor":5,"key":"Explosive Potion"},{"floor":6,"key":"SkillPotion"},{"floor":7,"key":"Poison Potion"},{"floor":10,"key":"Block Potion"},{"floor":13,"key":"SpeedPotion"},{"floor":19,"key":"SpeedPotion"},{"floor":25,"key":"LiquidBronze"},{"floor":30,"key":"AttackPotion"}],"is_trial":false,"path_per_floor":["M","M","M","$","M","E","M","E","T","E","?","R","M","$","R","B",null,"M","M","$","?","M","R","R","E","T","M","?","R","E","?","R"],"character_chosen":"IRONCLAD","items_purchased":["Immolate","Power Through","Dark Shackles","Warcry","Madness"],"campfire_rested":5,"item_purchase_floors":[4,14,14,20,20],"current_hp_per_floor":[55,58,53,53,59,48,47,27,37,23,23,63,59,59,59,8,66,52,44,44,44,14,54,85,19,19,35,29,69,38,38,78,0],"gold":55,"neow_bonus":"THREE_RARE_CARDS","is_prod":false,"is_daily":false,"chose_seed":false,"campfire_upgraded":1,"win_rate":0,"timestamp":1540065248,"path_taken":["M","?","M","$","M","E","M","E","T","E","?","R","M","$","R","BOSS","M","M","$","?","M","R","R","E","T","?","?","R","E","?","R","BOSS"],"build_version":"2018-10-18","purchased_purges":0,"victory":false,"max_hp_per_floor":[75,75,75,75,75,75,75,75,85,85,85,85,85,85,85,85,85,85,85,85,85,85,85,85,85,85,85,85,85,85,85,85,85],"card_choices":[{"not_picked":["Juggernaut","Demon Form"],"picked":"Fiend Fire","floor":0},{"not_picked":["Rage","Burning Pact"],"picked":"Combust","floor":1},{"not_picked":["Armaments","Headbutt"],"picked":"Feel No Pain","floor":2},{"not_picked":["Burning Pact","Metallicize"],"picked":"Headbutt","floor":3},{"not_picked":["Body Slam","Seeing Red"],"picked":"Exhume","floor":5},{"not_picked":["Wild Strike","Clash"],"picked":"Cleave","floor":6},{"not_picked":["Iron Wave","Anger"],"picked":"Uppercut","floor":7},{"not_picked":["Demon Form","Clash"],"picked":"Impervious","floor":8},{"not_picked":["Sword Boomerang","Combust"],"picked":"Feed","floor":10},{"not_picked":["Warcry","Body Slam"],"picked":"Spot Weakness","floor":12},{"not_picked":["Sword Boomerang","Clash"],"picked":"Armaments","floor":13},{"not_picked":["Impervious","Demon Form"],"picked":"Dark Embrace","floor":16},{"not_picked":["Rampage","Wild Strike"],"picked":"Body Slam+1","floor":18},{"not_picked":["Shrug It Off","Warcry"],"picked":"Havoc+1","floor":19},{"not_picked":["Wild Strike","Anger"],"picked":"True Grit+1","floor":22},{"not_picked":["Heavy Blade","Twin Strike"],"picked":"Infernal Blade","floor":23},{"not_picked":["Burning Pact","Sword Boomerang"],"picked":"Limit Break","floor":24},{"not_picked":["Uppercut","Shrug It Off"],"picked":"Rupture","floor":25},{"not_picked":["Armaments","Havoc"],"picked":"Infernal Blade","floor":27},{"not_picked":["Pommel Strike","Headbutt"],"picked":"Warcry","floor":30},{"not_picked":["Armaments","Clash"],"picked":"Entrench","floor":32}],"player_experience":567088,"relics_obtained":[{"floor":6,"key":"Regal Pillow"},{"floor":8,"key":"Dream Catcher"},{"floor":9,"key":"Pear"},{"floor":10,"key":"WingedGreaves"},{"floor":25,"key":"Red Skull"},{"floor":30,"key":"Tiny Chest"}],"event_choices":[{"damage_healed":0,"gold_gain":0,"player_choice":"2 cards matched","damage_taken":0,"max_hp_gain":0,"max_hp_loss":0,"event_name":"Match and Keep!","floor":11,"gold_loss":0,"cards_obtained":["Demon Form","Trip"]},{"damage_healed":0,"gold_gain":0,"player_choice":"Trade","damage_taken":0,"relics_obtained":["NlothsMask"],"max_hp_gain":0,"max_hp_loss":0,"event_name":"FaceTrader","floor":21,"gold_loss":0},{"damage_healed":0,"gold_gain":0,"player_choice":"Joined the Cult","damage_taken":6,"max_hp_gain":0,"max_hp_loss":0,"event_name":"Nest","floor":28,"gold_loss":0,"cards_obtained":["RitualDagger"]},{"cards_removed":["Uppercut"],"damage_healed":0,"gold_gain":0,"player_choice":"Gave Gold","damage_taken":0,"max_hp_gain":0,"max_hp_loss":0,"event_name":"Beggar","floor":31,"gold_loss":75}],"is_beta":false,"boss_relics":[{"not_picked":["Calling Bell","Runic Pyramid"],"picked":"Lizard Tail"}],"items_purged_floors":[],"is_endless":false,"potions_floor_spawned":[5,6,7,10,13,19,25,30],"killed_by":"Champ","ascension_level":14}