{"gold_per_floor":[115,40,94,107,20,20,47,47,98,115,126,139,139,152,152,231,231,244,244,34,34,34,34,69,9,64,79,79,79,79],"floor_reached":30,"playtime":1562,"items_purged":["Strike_R"],"score":538,"play_id":"b3a4fac3-d750-4428-b846-8f0ab4d49fd0","local_time":"20190410225838","is_ascension_mode":true,"campfire_choices":[{"data":"Armaments","floor":6,"key":"SMITH"},{"data":"Bash","floor":8,"key":"SMITH"},{"data":"Inflame","floor":13,"key":"SMITH"},{"data":"Metallicize","floor":15,"key":"SMITH"},{"data":"Barricade","floor":23,"key":"SMITH"},{"floor":28,"key":"REST"}],"neow_cost":"NONE","seed_source_timestamp":269621579224478,"circlet_count":0,"master_deck":["AscendersBane","Strike_R","Strike_R","Defend_R","Defend_R","Defend_R","Defend_R","Bash+1","Flame Barrier","Armaments+1","Inflame+1","Sword Boomerang","Metallicize+1","Sword Boomerang","Barricade+1","Shockwave","Shrug It Off","Body Slam"],"relics":["Black Blood","NeowsBlessing","Potion Belt","Centennial Puzzle","Ancient Tea Set","ClockworkSouvenir","The Courier","Tiny Chest"],"potions_floor_usage":[11,12,16,29],"damage_taken":[{"damage":0,"enemies":"Cultist","floor":1,"turns":1},{"damage":0,"enemies":"Jaw Worm","floor":4,"turns":1},{"damage":0,"enemies":"Lagavulin","floor":7,"turns":2},{"damage":1,"enemies":"Small Slimes","floor":10,"turns":3},{"damage":13,"enemies":"3 Louse","floor":11,"turns":2},{"damage":7,"enemies":"Lots of Slimes","floor":12,"turns":3},{"damage":1,"enemies":"Exordium Thugs","floor":14,"turns":4},{"damage":60,"enemies":"Slime Boss","floor":16,"turns":11},{"damage":12,"enemies":"Spheric Guardian","floor":18,"turns":12},{"damage":37,"enemies":"Slavers","floor":24,"turns":8},{"damage":27,"enemies":"3 Byrds","floor":27,"turns":6},{"damage":0,"enemies":"Gremlin Leader","floor":29,"turns":2},{"damage":48,"enemies":"Cultist and Chosen","floor":30,"turns":6}],"seed_played":"3848620190132647278","potions_obtained":[{"floor":1,"key":"LiquidBronze"},{"floor":10,"key":"Fire Potion"},{"floor":11,"key":"Swift Potion"},{"floor":12,"key":"SmokeBomb"},{"floor":27,"key":"SneckoOil"}],"is_trial":false,"path_per_floor":["M","?","T","M","$","R","E","R","T","M","M","M","R","M","R","B",null,"M","?","$","?","?","R","E","$","T","M","R","E","M"],"character_chosen":"IRONCLAD","items_purchased":["Inflame","ClockworkSouvenir"],"campfire_rested":1,"item_purchase_floors":[5,20],"current_hp_per_floor":[74,74,74,75,75,75,75,75,75,75,68,67,67,72,72,18,61,59,59,59,59,59,59,32,32,32,15,37,47,0],"gold":79,"neow_bonus":"THREE_ENEMY_KILL","is_prod":false,"is_daily":false,"chose_seed":false,"campfire_upgraded":5,"win_rate":0,"timestamp":1554951518,"path_taken":["M","?","?","M","$","R","E","R","T","M","M","M","R","M","R","BOSS","M","?","$","?","?","R","E","$","T","M","R","E","?"],"build_version":"2019-01-23","purchased_purges":1,"victory":false,"max_hp_per_floor":[75,75,75,75,75,75,75,75,75,75,75,75,75,75,75,75,75,75,75,75,75,75,75,75,75,75,75,75,75,75],"card_choices":[{"not_picked":["Bloodletting","Headbutt"],"picked":"Flame Barrier","floor":1},{"not_picked":["Power Through","Combust"],"picked":"Armaments","floor":4},{"not_picked":["Clash","Iron Wave"],"picked":"Sword Boomerang","floor":7},{"not_picked":["Rage","Twin Strike"],"picked":"Metallicize","floor":10},{"not_picked":["Warcry","Wild Strike","Clash"],"picked":"SKIP","floor":11},{"not_picked":["Perfected Strike","Rupture"],"picked":"Sword Boomerang","floor":12},{"not_picked":["Heavy Blade","Bloodletting","Iron Wave"],"picked":"SKIP","floor":14},{"not_picked":["Brutality","Berserk"],"picked":"Barricade","floor":16},{"not_picked":["Infernal Blade","Dual Wield"],"picked":"Shockwave","floor":18},{"not_picked":["Power Through","Feel No Pain"],"picked":"Shrug It Off","floor":24},{"not_picked":["Pommel Strike","Heavy Blade"],"picked":"Body Slam","floor":27}],"player_experience":344718,"relics_obtained":[{"floor":3,"key":"Potion Belt"},{"floor":7,"key":"Centennial Puzzle"},{"floor":9,"key":"Ancient Tea Set"},{"floor":24,"key":"The Courier"},{"floor":26,"key":"Tiny Chest"}],"event_choices":[{"cards_removed":["Strike_R"],"damage_healed":0,"gold_gain":0,"player_choice":"Card Removal","damage_taken":0,"max_hp_gain":0,"max_hp_loss":0,"event_name":"The Cleric","floor":2,"gold_loss":75},{"damage_healed":0,"gold_gain":0,"player_choice":"Ignored","damage_taken":0,"max_hp_gain":0,"max_hp_loss":0,"event_name":"Ghosts","floor":19,"gold_loss":0},{"damage_healed":0,"gold_gain":0,"player_choice":"Ignored","damage_taken":0,"max_hp_gain":0,"max_hp_loss":0,"event_name":"Vampires","floor":21,"gold_loss":0},{"cards_removed":["Strike_R"],"damage_healed":0,"gold_gain":0,"player_choice":"Offered Basic","damage_taken":0,"max_hp_gain":0,"max_hp_loss":0,"event_name":"Bonfire Elementals","floor":22,"gold_loss":0}],"is_beta":false,"boss_relics":[{"not_picked":["Lizard Tail","Runic Dome"],"picked":"Black Blood"}],"items_purged_floors":[25],"is_endless":false,"potions_floor_spawned":[1,10,11,12,27],"killed_by":"Cultist and Chosen","ascension_level":17}