{"gold_per_floor":[117,131,131,146,118,118,153,153,176,191,224,224,238,252,252,326,326,336,9,9,9,9,9,9],"floor_reached":24,"playtime":390,"items_purged":[],"score":347,"play_id":"58df5785-ebba-4b73-8920-f8a3a64d10c9","local_time":"20181020182843","is_ascension_mode":true,"campfire_choices":[{"data":"Spot Weakness","floor":6,"key":"SMITH"},{"data":"Armaments","floor":8,"key":"SMITH"},{"floor":12,"key":"REST"},{"data":"Perfected Strike","floor":15,"key":"SMITH"},{"floor":23,"key":"REST"}],"neow_cost":"NONE","seed_source_timestamp":866037063361631,"circlet_count":0,"master_deck":["Strike_R","Strike_R","Strike_R","Strike_R","Strike_R","Defend_R","Defend_R","Defend_R","Defend_R","Bash","AscendersBane","Spot Weakness+1","Cleave","Twin Strike","Armaments+1","Perfected Strike+1","Cleave","Offering","Headbutt","Carnage","Panacea","Purity","Panacea"],"relics":["Black Blood","NeowsBlessing","Bag of Marbles","Oddly Smooth Stone","Singing Bowl","Du-Vu Doll","GremlinMask"],"potions_floor_usage":[14,16],"damage_taken":[{"damage":0,"enemies":"Jaw Worm","floor":1,"turns":1},{"damage":0,"enemies":"Cultist","floor":2,"turns":1},{"damage":0,"enemies":"Small Slimes","floor":4,"turns":1},{"damage":25,"enemies":"3 Sentries","floor":7,"turns":5},{"damage":8,"enemies":"Red Slaver","floor":10,"turns":4},{"damage":34,"enemies":"Gremlin Nob","floor":11,"turns":4},{"damage":2,"enemies":"Blue Slaver","floor":13,"turns":2},{"damage":5,"enemies":"Exordium Thugs","floor":14,"turns":3},{"damage":28,"enemies":"Slime Boss","floor":16,"turns":8},{"damage":12,"enemies":"Chosen","floor":18,"turns":3},{"damage":63,"enemies":"Slavers","floor":24,"turns":3}],"seed_played":"8698681527127644553","potions_obtained":[{"floor":1,"key":"SpeedPotion"},{"floor":2,"key":"Swift Potion"},{"floor":11,"key":"Block Potion"},{"floor":14,"key":"EssenceOfSteel"}],"is_trial":false,"path_per_floor":["M","M","?","M","?","R","E","R","T","M","E","R","M","M","R","B",null,"M","$","?","?","?","R"],"character_chosen":"IRONCLAD","items_purchased":["Du-Vu Doll","Carnage"],"campfire_rested":2,"item_purchase_floors":[19,19],"current_hp_per_floor":[74,75,75,75,75,75,56,56,56,54,28,51,55,58,58,36,68,66,66,66,38,38,61,0],"gold":9,"neow_bonus":"THREE_ENEMY_KILL","is_prod":false,"is_daily":false,"chose_seed":false,"campfire_upgraded":3,"win_rate":0,"timestamp":1540085323,"path_taken":["M","M","?","?","?","R","E","R","T","M","E","R","M","M","R","BOSS","M","$","?","?","?","R","E"],"build_version":"2018-10-18","purchased_purges":0,"victory":false,"max_hp_per_floor":[75,75,75,75,75,75,75,75,75,75,77,77,77,79,79,79,79,79,79,79,79,79,79,79],"card_choices":[{"not_picked":["Iron Wave","Flex"],"picked":"Spot Weakness","floor":1},{"not_picked":["Anger","Wild Strike"],"picked":"Cleave","floor":2},{"not_picked":["Headbutt","Shrug It Off"],"picked":"Twin Strike","floor":4},{"not_picked":["Second Wind","Havoc"],"picked":"Armaments","floor":7},{"not_picked":["Entrench","Pommel Strike"],"picked":"Perfected Strike","floor":10},{"not_picked":["Pummel","Havoc","Rage"],"picked":"Singing Bowl","floor":11},{"not_picked":["Shockwave","Shrug It Off"],"picked":"Cleave","floor":13},{"not_picked":["Metallicize","Shockwave","Brutality"],"picked":"Singing Bowl","floor":14},{"not_picked":["Demon Form","Exhume"],"picked":"Offering","floor":16},{"not_picked":["Power Through","Burning Pact"],"picked":"Headbutt","floor":18}],"player_experience":582138,"relics_obtained":[{"floor":7,"key":"Bag of Marbles"},{"floor":9,"key":"Oddly Smooth Stone"},{"floor":11,"key":"Singing Bowl"}],"event_choices":[{"damage_healed":0,"gold_gain":0,"player_choice":"Bought 0 Potions","damage_taken":0,"max_hp_gain":0,"max_hp_loss":0,"event_name":"The Woman in Blue","floor":3,"gold_loss":0},{"damage_healed":0,"gold_gain":0,"player_choice":"Left Gold","damage_taken":0,"max_hp_gain":0,"max_hp_loss":0,"event_name":"World of Goop","floor":5,"gold_loss":28},{"damage_healed":0,"gold_gain":0,"player_choice":"Trade","damage_taken":0,"relics_obtained":["GremlinMask"],"max_hp_gain":0,"max_hp_loss":0,"event_name":"FaceTrader","floor":20,"gold_loss":0},{"damage_healed":0,"gold_gain":0,"player_choice":"CARD CARD CARD ","damage_taken":28,"max_hp_gain":0,"max_hp_loss":0,"event_name":"Knowing Skull","floor":21,"potions_obtained":[],"gold_loss":0,"cards_obtained":["Panacea","Purity","Panacea"]},{"damage_healed":0,"gold_gain":0,"player_choice":"CARD CARD CARD ","damage_taken":28,"max_hp_gain":0,"max_hp_loss":0,"event_name":"Knowing Skull","floor":21,"potions_obtained":[],"gold_loss":0,"cards_obtained":["Panacea","Purity","Panacea"]},{"damage_healed":0,"gold_gain":0,"player_choice":"Ignored","damage_taken":0,"max_hp_gain":0,"max_hp_loss":0,"event_name":"Vampires","floor":22,"gold_loss":0}],"is_beta":false,"boss_relics":[{"not_picked":["Fusion Hammer","Pandora\u0027s Box"],"picked":"Black Blood"}],"items_purged_floors":[],"is_endless":false,"potions_floor_spawned":[1,2,11,13,14],"killed_by":"Slavers","ascension_level":14}