{"gold_per_floor":[367,33,33,33,50,50,61,61,61,86,96,126,126,146,146,223,223,240,259,271,282,302,330,330,340,366,366,384,404,404],"floor_reached":30,"playtime":5152,"items_purged":[],"score":505,"play_id":"ac79d015-7257-4ccd-917f-eb1393964942","local_time":"20190413085023","is_ascension_mode":true,"campfire_choices":[{"data":"Zap","floor":6.0,"key":"SMITH"},{"data":"Go for the Eyes","floor":8.0,"key":"SMITH"},{"data":"Dualcast","floor":13.0,"key":"SMITH"},{"data":"Coolheaded","floor":15.0,"key":"SMITH"},{"floor":24,"key":"REST"},{"floor":27,"key":"REST"}],"neow_cost":"TEN_PERCENT_HP_LOSS","seed_source_timestamp":0,"circlet_count":0,"master_deck":["AscendersBane","Strike_B","Strike_B","Strike_B","Strike_B","Defend_B","Defend_B","Defend_B","Defend_B+1","Zap+1","Dualcast+1","Cold Snap","Self Repair","FTL","Conserve Battery+1","Go for the Eyes+1","Coolheaded+1","Glacier","Beam Cell+1","Cold Snap+1","Echo Form","Cold Snap+1","Fusion+1","Leap","Leap","Tempest"],"special_seed":0,"relics":["Cracked Core","Anchor","Bag of Marbles","War Paint","Molten Egg 2","Ice Cream","Black Star","Pantograph","PreservedInsect","Regal Pillow"],"potions_floor_usage":[21,22,23],"damage_taken":[{"damage":1.0,"enemies":"Cultist","floor":1.0,"turns":3.0},{"damage":0.0,"enemies":"2 Louse","floor":5.0,"turns":3.0},{"damage":0.0,"enemies":"Small Slimes","floor":7.0,"turns":3.0},{"damage":11.0,"enemies":"Lagavulin","floor":10.0,"turns":7.0},{"damage":0.0,"enemies":"Exordium Thugs","floor":11.0,"turns":5.0},{"damage":6.0,"enemies":"3 Sentries","floor":12.0,"turns":8.0},{"damage":0.0,"enemies":"3 Louse","floor":14.0,"turns":3.0},{"damage":1.0,"enemies":"The Guardian","floor":16.0,"turns":13.0},{"damage":18.0,"enemies":"2 Thieves","floor":18.0,"turns":4.0},{"damage":3.0,"enemies":"Spheric Guardian","floor":19.0,"turns":7.0},{"damage":1.0,"enemies":"Snecko","floor":20.0,"turns":9.0},{"damage":32,"enemies":"Cultist and Chosen","floor":21,"turns":11},{"damage":20,"enemies":"Snake Plant","floor":22,"turns":8},{"damage":48,"enemies":"Slavers","floor":23,"turns":9},{"damage":26,"enemies":"Shelled Parasite and Fungi","floor":25,"turns":8},{"damage":34,"enemies":"Cultist and Chosen","floor":28,"turns":10},{"damage":21,"enemies":"Snake Plant","floor":29,"turns":7},{"damage":27,"enemies":"Gremlin Leader","floor":30,"turns":2}],"seed_played":"2567994354349864130","potions_obtained":[{"floor":5.0,"key":"Swift Potion"},{"floor":11.0,"key":"AttackPotion"},{"floor":14.0,"key":"Explosive Potion"},{"floor":20,"key":"Weak Potion"},{"floor":21,"key":"Regen Potion"},{"floor":22,"key":"Poison Potion"},{"floor":28,"key":"Ancient Potion"}],"is_trial":false,"path_per_floor":["M","$","?","?","M","R","M","R","T","E","M","E","R","M","R","B",null,"M","M","M","M","M","E","R","M","T","R","M","M","E"],"character_chosen":"DEFECT","items_purchased":["Anchor","Self Repair","FTL"],"campfire_rested":2,"item_purchase_floors":[2,2,2],"current_hp_per_floor":[63,63,63,58,64,64,64,64,64,60,64,64,64,64,64,64,64,53,57,64,46,55,21,40,28,28,62,42,21,0],"gold":404,"neow_bonus":"TWO_FIFTY_GOLD","is_prod":false,"is_daily":false,"chose_seed":false,"campfire_upgraded":4,"win_rate":0,"timestamp":1555141823,"path_taken":["M","$","?","?","M","R","M","R","T","E","M","E","R","M","R","BOSS","M","M","M","M","M","E","R","M","T","R","M","M","E"],"build_version":"2019-01-23","purchased_purges":0,"victory":false,"max_hp_per_floor":[64,64,64,64,64,64,64,64,64,64,64,64,64,64,64,64,64,64,64,64,64,64,64,64,64,64,64,64,64,64],"card_choices":[{"not_picked":["Defragment","Rebound"],"picked":"Cold Snap","floor":1.0},{"not_picked":["Force Field","Gash"],"picked":"Conserve Battery","floor":5.0},{"not_picked":["Hologram","Coolheaded"],"picked":"Go for the Eyes","floor":7.0},{"not_picked":["Force Field","Machine Learning"],"picked":"Coolheaded","floor":10.0},{"not_picked":["Heatsinks","Compile Driver+1"],"picked":"Glacier","floor":11.0},{"not_picked":["Sweeping Beam+1","Coolheaded"],"picked":"Beam Cell+1","floor":12.0},{"not_picked":["Reinforced Body","Turbo"],"picked":"Cold Snap+1","floor":14.0},{"not_picked":["Seek","Machine Learning"],"picked":"Echo Form","floor":16.0},{"not_picked":["Redo","Reprogram","Leap"],"picked":"SKIP","floor":18.0},{"not_picked":["Static Discharge","Barrage+1","Gash+1"],"picked":"SKIP","floor":19.0},{"not_picked":["Turbo","Undo"],"picked":"Cold Snap+1","floor":20},{"not_picked":["Coolheaded","Go for the Eyes+1"],"picked":"Fusion+1","floor":21},{"not_picked":["Gash+1","Creative AI"],"picked":"Leap","floor":22},{"not_picked":["Turbo","Leap","Cold Snap+1"],"picked":"SKIP","floor":23},{"not_picked":["Rebound+1","Fusion"],"picked":"Leap","floor":25},{"not_picked":["Redo","Reinforced Body","Reprogram"],"picked":"SKIP","floor":28},{"not_picked":["Steam","Barrage+1"],"picked":"Tempest","floor":29}],"player_experience":1049275,"relics_obtained":[{"floor":9.0,"key":"War Paint"},{"floor":10.0,"key":"Molten Egg 2"},{"floor":12.0,"key":"Ice Cream"},{"floor":23,"key":"Pantograph"},{"floor":23,"key":"PreservedInsect"},{"floor":26,"key":"Regal Pillow"}],"event_choices":[{"damage_healed":0.0,"max_hp_gain":0.0,"max_hp_loss":0.0,"gold_gain":0.0,"event_name":"The Cleric","player_choice":"Leave","floor":3.0,"gold_loss":0.0,"damage_taken":0.0},{"damage_healed":0.0,"max_hp_gain":0.0,"max_hp_loss":0.0,"gold_gain":0.0,"event_name":"Scrap Ooze","player_choice":"Success","floor":4.0,"gold_loss":0.0,"damage_taken":5.0,"relics_obtained":["Bag of Marbles"]}],"is_beta":false,"boss_relics":[{"not_picked":["Runic Dome","Runic Pyramid"],"picked":"Black Star"}],"items_purged_floors":[],"is_endless":false,"potions_floor_spawned":[5,11,14,20,21,22,28],"killed_by":"Gremlin Leader","ascension_level":18}