{"gold_per_floor":[16,26,44,62,62,62,78,78,78,112,112,59,93,112,112,112],"floor_reached":16,"playtime":1320,"items_purged":[],"score":179,"play_id":"efd21ea2-5211-4326-8a67-80aeac345b86","local_time":"20190313171333","is_ascension_mode":true,"campfire_choices":[{"data":"Crippling Poison","floor":6.0,"key":"SMITH"},{"data":"All Out Attack","floor":8.0,"key":"SMITH"},{"floor":15.0,"key":"REST"}],"neow_cost":"NO_GOLD","seed_source_timestamp":0,"circlet_count":0,"master_deck":["AscendersBane","Defend_G","Defend_G","Defend_G","Defend_G","Defend_G","Strike_G","Strike_G","Survivor","Neutralize","Poisoned Stab","Crippling Poison+1","All Out Attack+1","Catalyst","Terror","Footwork","Infinite Blades","Leg Sweep","Quick Slash"],"special_seed":0,"relics":["Ring of the Snake","Dodecahedron","Bag of Marbles","Letter Opener","Potion Belt"],"potions_floor_usage":[],"damage_taken":[{"damage":3.0,"enemies":"Cultist","floor":1.0,"turns":6.0},{"damage":2.0,"enemies":"Small Slimes","floor":2.0,"turns":4.0},{"damage":2.0,"enemies":"Jaw Worm","floor":3.0,"turns":5.0},{"damage":3.0,"enemies":"Exordium Thugs","floor":4.0,"turns":4.0},{"damage":1.0,"enemies":"Red Slaver","floor":7.0,"turns":4.0},{"damage":20.0,"enemies":"3 Sentries","floor":10.0,"turns":9.0},{"damage":23.0,"enemies":"Gremlin Nob","floor":13.0,"turns":5.0},{"damage":3.0,"enemies":"Large Slime","floor":14.0,"turns":6.0},{"damage":27,"enemies":"Slime Boss","floor":16,"turns":6}],"seed_played":"6059252368134944160","potions_obtained":[{"floor":3.0,"key":"AttackPotion"},{"floor":4.0,"key":"GhostInAJar"},{"floor":7.0,"key":"FearPotion"},{"floor":13.0,"key":"Poison Potion"}],"is_trial":false,"path_per_floor":["M","M","M","M","?","R","M","R","T","E","$","?","E","M","R","B"],"character_chosen":"THE_SILENT","items_purchased":[],"campfire_rested":1,"item_purchase_floors":[],"current_hp_per_floor":[60,58,56,53,53,53,52,52,52,32,32,32,9,6,27,0],"gold":112,"neow_bonus":"REMOVE_TWO","is_prod":false,"is_daily":false,"chose_seed":false,"campfire_upgraded":2,"win_rate":0,"timestamp":1552497213,"path_taken":["M","M","M","?","?","R","M","R","T","E","$","?","E","?","R","BOSS"],"build_version":"2019-01-23","purchased_purges":0,"victory":false,"max_hp_per_floor":[70,70,70,70,70,70,70,70,70,70,70,70,70,70,70,70],"card_choices":[{"not_picked":["Distraction","Dagger Throw"],"picked":"Poisoned Stab","floor":1.0},{"not_picked":["Expertise","Escape Plan"],"picked":"Crippling Poison","floor":2.0},{"not_picked":["Calculated Gamble","Prepared"],"picked":"All Out Attack","floor":3.0},{"not_picked":["Riddle With Holes","Bouncing Flask"],"picked":"Catalyst","floor":4.0},{"not_picked":["Dodge and Roll","Quick Slash"],"picked":"Footwork","floor":7.0},{"not_picked":["Quick Slash","Distraction"],"picked":"Infinite Blades","floor":10.0},{"not_picked":["Glass Knife","Acrobatics"],"picked":"Leg Sweep","floor":13.0},{"not_picked":["Flechettes","Blur"],"picked":"Quick Slash","floor":14.0}],"player_experience":598029,"relics_obtained":[{"floor":9.0,"key":"Dodecahedron"},{"floor":10.0,"key":"Bag of Marbles"},{"floor":13.0,"key":"Potion Belt"}],"event_choices":[{"damage_healed":0.0,"max_hp_gain":0.0,"max_hp_loss":0.0,"gold_gain":0.0,"cards_transformed":["Strike_G"],"event_name":"Living Wall","player_choice":"Change","floor":5.0,"gold_loss":0.0,"damage_taken":0.0,"cards_obtained":["Terror"]},{"damage_healed":0.0,"max_hp_gain":0.0,"max_hp_loss":0.0,"gold_gain":0.0,"event_name":"WeMeetAgain","player_choice":"Paid Gold","floor":12.0,"gold_loss":53.0,"damage_taken":0.0,"relics_obtained":["Letter Opener"]}],"is_beta":false,"boss_relics":[],"items_purged_floors":[],"is_endless":false,"potions_floor_spawned":[3,4,7,13],"killed_by":"Slime Boss","ascension_level":12}