{"gold_per_floor":[20,20,40,40,40,40,74,74,74,85,85,85],"floor_reached":12,"playtime":231,"items_purged":[],"score":84,"play_id":"22b09871-592c-4f72-ba42-f3221aa65757","local_time":"20181014145956","is_ascension_mode":true,"campfire_choices":[{"data":"Genetic Algorithm","floor":6,"key":"SMITH"},{"data":"Redo","floor":11,"key":"SMITH"}],"neow_cost":"NO_GOLD","seed_source_timestamp":335268490132051,"circlet_count":0,"master_deck":["Strike_B","Strike_B","Strike_B","Strike_B","Defend_B","Defend_B","Defend_B","Zap","Dualcast","Core Surge","Genetic Algorithm+1","Redo+1","Regret","Reboot","Blizzard","Rebound"],"relics":["Cracked Core","Kunai","Gremlin Horn","Bag of Marbles","Oddly Smooth Stone"],"potions_floor_usage":[12],"damage_taken":[{"damage":0,"enemies":"2 Louse","floor":1,"turns":2},{"damage":0,"enemies":"Small Slimes","floor":3,"turns":3},{"damage":40,"enemies":"Gremlin Nob","floor":7,"turns":4},{"damage":14,"enemies":"Jaw Worm","floor":10,"turns":2},{"damage":18,"enemies":"3 Sentries","floor":12,"turns":3}],"seed_played":"4998503296365130205","potions_obtained":[{"floor":7,"key":"Fire Potion"}],"is_trial":false,"path_per_floor":["M","?","M","?","?","R","E","?","T","M","R"],"character_chosen":"DEFECT","items_purchased":[],"campfire_rested":0,"item_purchase_floors":[],"current_hp_per_floor":[75,72,72,72,72,72,32,32,32,18,18,0],"gold":85,"neow_bonus":"THREE_RARE_CARDS","is_prod":false,"is_daily":false,"chose_seed":false,"campfire_upgraded":2,"win_rate":0,"timestamp":1539554396,"path_taken":["M","?","?","?","?","R","E","?","T","M","R","E"],"build_version":"2018-10-11","purchased_purges":0,"victory":false,"max_hp_per_floor":[75,75,75,75,75,75,75,75,75,75,75,75],"card_choices":[{"not_picked":["Biased Cognition","Amplify"],"picked":"Core Surge","floor":0},{"not_picked":["Leap","Compile Driver"],"picked":"Genetic Algorithm","floor":1},{"not_picked":["Coolheaded","Doom and Gloom"],"picked":"Redo","floor":3},{"not_picked":["Cold Snap","Leap"],"picked":"Reboot","floor":7},{"not_picked":["Glacier","Reprogram"],"picked":"Rebound","floor":10}],"player_experience":501702,"relics_obtained":[{"floor":7,"key":"Bag of Marbles"},{"floor":9,"key":"Oddly Smooth Stone"}],"event_choices":[{"event_name":"Scrap Ooze","player_choice":"success","floor":2,"damage_taken":3},{"event_name":"Big Fish","player_choice":"Box","floor":4,"damage_taken":0},{"event_name":"The Cleric","player_choice":"Leave","floor":5,"damage_taken":0},{"event_name":"Transmorgrifier","player_choice":"Transform","floor":8,"damage_taken":0}],"is_beta":false,"boss_relics":[],"items_purged_floors":[],"is_endless":false,"potions_floor_spawned":[7],"killed_by":"3 Sentries","ascension_level":2}