{"gold_per_floor":[113,38,52,63,77,77,89,89,138,164,129,147,147,157,157,157],"floor_reached":16,"playtime":693,"items_purged":["Normality"],"score":161,"play_id":"967f62bd-c1fa-45e5-baae-4925287f8d53","local_time":"20190306191226","is_ascension_mode":true,"campfire_choices":[{"data":"Bash","floor":6,"key":"SMITH"},{"data":"Juggernaut","floor":8,"key":"SMITH"},{"floor":15,"key":"REST"}],"neow_cost":"CURSE","seed_source_timestamp":191866636765655,"circlet_count":0,"master_deck":["AscendersBane","Strike_R","Strike_R","Strike_R","Strike_R","Strike_R","Defend_R","Defend_R","Defend_R","Defend_R","Bash+1","Pommel Strike","Wild Strike","Juggernaut+1","Headbutt","Uppercut","Barricade+1"],"relics":["Burning Blood","Mango","Bag of Marbles","Blue Candle"],"potions_floor_usage":[10,16,16],"damage_taken":[{"damage":15,"enemies":"Cultist","floor":1,"turns":5},{"damage":6,"enemies":"2 Louse","floor":3,"turns":3},{"damage":7,"enemies":"Small Slimes","floor":4,"turns":3},{"damage":16,"enemies":"Blue Slaver","floor":5,"turns":3},{"damage":10,"enemies":"Large Slime","floor":7,"turns":5},{"damage":25,"enemies":"3 Sentries","floor":10,"turns":6},{"damage":27,"enemies":"Gremlin Gang","floor":12,"turns":4},{"damage":10,"enemies":"Exordium Wildlife","floor":14,"turns":4},{"damage":71,"enemies":"Hexaghost","floor":16,"turns":10}],"seed_played":"3289480061352646191","potions_obtained":[{"floor":1,"key":"Weak Potion"},{"floor":3,"key":"Explosive Potion"},{"floor":7,"key":"FearPotion"},{"floor":10,"key":"Energy Potion"}],"is_trial":false,"path_per_floor":["M","$","M","M","M","R","M","R","T","E","?","M","?","M","R","B"],"character_chosen":"IRONCLAD","items_purchased":[],"campfire_rested":1,"item_purchase_floors":[],"current_hp_per_floor":[77,77,77,76,66,66,62,62,62,43,66,45,45,41,69,0],"gold":157,"neow_bonus":"ONE_RARE_RELIC","is_prod":false,"is_daily":false,"chose_seed":false,"campfire_upgraded":2,"win_rate":0,"timestamp":1551917546,"path_taken":["M","$","M","M","M","R","M","R","T","E","?","M","?","M","R","BOSS"],"build_version":"2019-01-23","purchased_purges":1,"victory":false,"max_hp_per_floor":[94,94,94,94,94,94,94,94,94,94,94,94,94,94,94,94],"card_choices":[{"not_picked":["Searing Blow","Body Slam","Flex"],"picked":"SKIP","floor":1},{"not_picked":["Seeing Red","Thunderclap"],"picked":"Pommel Strike","floor":3},{"not_picked":["Iron Wave","Armaments"],"picked":"Wild Strike","floor":4},{"not_picked":["Twin Strike","Headbutt"],"picked":"Juggernaut","floor":5},{"not_picked":["Intimidate","Clash"],"picked":"Headbutt","floor":7},{"not_picked":["Flex","Havoc"],"picked":"Uppercut","floor":10},{"not_picked":["Metallicize","Sentinel"],"picked":"Barricade","floor":12},{"not_picked":["Burning Pact","Wild Strike","Clash"],"picked":"SKIP","floor":14}],"player_experience":241497,"relics_obtained":[{"floor":9,"key":"Bag of Marbles"},{"floor":10,"key":"Blue Candle"}],"event_choices":[{"damage_healed":23,"gold_gain":0,"player_choice":"Healed","damage_taken":0,"max_hp_gain":0,"max_hp_loss":0,"event_name":"The Cleric","floor":11,"gold_loss":35},{"damage_healed":0,"gold_gain":0,"player_choice":"Grow","damage_taken":0,"max_hp_gain":0,"max_hp_loss":0,"event_name":"Living Wall","floor":13,"gold_loss":0,"cards_upgraded":["Barricade"]}],"is_beta":false,"boss_relics":[],"items_purged_floors":[2],"is_endless":false,"potions_floor_spawned":[1,3,7,10],"killed_by":"Hexaghost","ascension_level":11}