{"path_per_floor":["M","?","$","?","?","E","M","E","T","M","R","T","$","M","R"],"character_chosen":"THE_SILENT","items_purchased":["Blur","Strength Potion","Heel Hook","Good Instincts"],"gold_per_floor":[114,84,0,0,0,35,56,90,143,157,157,157,20,44,44],"floor_reached":16,"campfire_rested":1,"playtime":712,"current_hp_per_floor":[70,70,70,65,65,44,41,31,31,24,24,24,24,17,36],"items_purged":[],"gold":44,"score":130,"play_id":"f318fe4e-4d02-425b-8d46-07b72de66e96","is_prod":false,"is_daily":false,"is_ascension_mode":true,"campfire_upgraded":1,"path_taken":["M","?","$","?","?","E","M","E","T","M","R","?","$","M","R","BOSS"],"build_version":"2018-02-15-PROD1","purchased_purges":0,"victory":false,"master_deck":["Defend_G","Defend_G","Defend_G+1","Defend_G","Defend_G+1","Strike_G","Strike_G","Strike_G","Strike_G","Survivor","Neutralize","Leg Sweep","Blur","Regret","Dagger Spray","Dagger Throw","Heel Hook","Dagger Spray+1","Phantasmal Killer","Heel Hook","Good Instincts","Dagger Spray"],"max_hp_per_floor":[70,70,70,65,65,65,65,65,65,65,65,65,65,65,65],"relics":["Ring of the Snake","Golden Idol","Kunai","Oddly Smooth Stone","War Paint","Prayer Wheel","Ice Cream"],"card_choices":[{"not_picked":["Acrobatics","Prepared"],"picked":"Leg Sweep"},{"not_picked":["Catalyst","Envenom"],"picked":"Dagger Spray"},{"not_picked":["Dodge and Roll","Masterful Stab"],"picked":"Dagger Throw"},{"not_picked":["Dash","Poisoned Stab"],"picked":"Heel Hook"},{"not_picked":["Dagger Throw","Acrobatics"],"picked":"Dagger Spray"},{"not_picked":["PiercingWail","Deadly Poison"],"picked":"Phantasmal Killer"},{"not_picked":["Infinite Blades","Outmaneuver"],"picked":"Dagger Spray"}],"player_experience":164737,"potions_floor_usage":[6,6,8,16,16,16],"damage_taken":[{"damage":0,"enemies":"2 Louse","floor":1,"turns":4},{"damage":21,"enemies":"Lagavulin","floor":6,"turns":16},{"damage":3,"enemies":"Cultist","floor":7,"turns":6},{"damage":10,"enemies":"3 Sentries","floor":8,"turns":6},{"damage":7,"enemies":"Jaw Worm","floor":10,"turns":4},{"damage":7,"enemies":"Large Slime","floor":14,"turns":6},{"damage":37,"enemies":"Hexaghost","floor":16,"turns":12}],"event_choices":[{"event_name":"The Woman in Blue","player_choice":"Bought 2 Potions","floor":2,"damage_taken":0},{"event_name":"Golden Idol","player_choice":"Lose Max HP","floor":4,"damage_taken":0},{"event_name":"Big Fish","player_choice":"Box","floor":5,"damage_taken":0}],"boss_relics":[],"potions_floor_spawned":[6,8,14],"seed_played":"2305271354134564749","killed_by":"Hexaghost","ascension_level":4,"is_trial":false}