{"gold_per_floor":[363,380,380,360,360,360,385,399,399,399,415,443,443,461,461,566,566,585,510,527,802,30,30,86,15,63,63,63,80,80,97,97,194,194,211,36,46,0,10,10,29,29,29,29],"floor_reached":44,"playtime":1194,"items_purged":["Decay","Regret"],"score":624,"play_id":"dad65b6a-0bcd-4bdd-b49f-0c3633e71bc5","local_time":"20181015195721","is_ascension_mode":true,"campfire_choices":[{"floor":6,"key":"DIG"},{"floor":13,"key":"REST"},{"floor":15,"key":"REST"},{"floor":23,"key":"DIG"},{"floor":28,"key":"DIG"},{"floor":30,"key":"DIG"},{"floor":32,"key":"DIG"},{"data":"Fission","floor":40,"key":"SMITH"},{"floor":42,"key":"DIG"}],"neow_cost":"CURSE","seed_source_timestamp":438549380934389,"circlet_count":0,"master_deck":["Strike_B+1","Strike_B","Strike_B+1","Strike_B","Defend_B","Defend_B","Defend_B","Defend_B","Zap","Dualcast","Ball Lightning","Static Discharge","Doom and Gloom","Melter","Compile Driver","Beam Cell","Fission+1","Electrodynamics","Melter+1","Ball Lightning+1","Ball Lightning","Static Discharge","Multi-Cast","Barrage","Static Discharge","Echo Form","Storm","Self Repair","Bandage Up","Undo+1","Reinforced Body+1","Redo+1"],"relics":["Cracked Core","Shovel","Ornamental Fan","Thread and Needle","Dead Branch","Letter Opener","Bronze Scales","Eternal Feather","Nunchaku","Whetstone","HandDrill","Dream Catcher","Tiny Chest","Omamori","Centennial Puzzle","Gremlin Horn","Regal Pillow","Cables","Nuclear Battery","Red Mask","Pear","Meat on the Bone"],"potions_floor_usage":[24,24,33,39,44,44],"damage_taken":[{"damage":1,"enemies":"Cultist","floor":1,"turns":3},{"damage":17,"enemies":"Small Slimes","floor":2,"turns":3},{"damage":30,"enemies":"Gremlin Nob","floor":7,"turns":4},{"damage":0,"enemies":"Jaw Worm","floor":8,"turns":3},{"damage":8,"enemies":"Looter","floor":11,"turns":3},{"damage":32,"enemies":"Lagavulin","floor":12,"turns":5},{"damage":8,"enemies":"Large Slime","floor":14,"turns":4},{"damage":27,"enemies":"Hexaghost","floor":16,"turns":8},{"damage":4,"enemies":"Spheric Guardian","floor":18,"turns":3},{"damage":11,"enemies":"3 Byrds","floor":20,"turns":3},{"damage":0,"enemies":"Gremlin Leader","floor":24,"turns":5},{"damage":4,"enemies":"Cultist and Chosen","floor":29,"turns":4},{"damage":10,"enemies":"3 Cultists","floor":31,"turns":3},{"damage":65,"enemies":"Collector","floor":33,"turns":8},{"damage":13,"enemies":"3 Shapes","floor":35,"turns":4},{"damage":14,"enemies":"Orb Walker","floor":37,"turns":3},{"damage":5,"enemies":"4 Shapes","floor":39,"turns":3},{"damage":5,"enemies":"Sphere and 2 Shapes","floor":41,"turns":2},{"damage":89,"enemies":"Giant Head","floor":44,"turns":6}],"seed_played":"-5252767811390144992","potions_obtained":[{"floor":1,"key":"Energy Potion"},{"floor":11,"key":"SkillPotion"},{"floor":14,"key":"SkillPotion"},{"floor":18,"key":"Block Potion"},{"floor":29,"key":"Strength Potion"},{"floor":33,"key":"Strength Potion"},{"floor":35,"key":"LiquidBronze"}],"is_trial":false,"path_per_floor":["M","M","?","?","?","R","E","M","T","T","M","E","R","M","R","B",null,"M","$","M","?","$","R","E","$","T","T","R","M","R","M","R","B",null,"M","$","M","?","M","R","M","R","T"],"character_chosen":"DEFECT","items_purchased":["Nunchaku","Whetstone","HandDrill","Ball Lightning","Multi-Cast","Self Repair","Bandage Up"],"campfire_rested":2,"item_purchase_floors":[22,22,22,22,25,36,36],"current_hp_per_floor":[67,50,47,47,72,72,42,42,42,42,34,2,24,16,38,11,59,55,55,44,44,44,56,56,56,56,56,68,64,75,65,75,10,59,46,46,43,43,42,60,55,83,83,0],"gold":29,"neow_bonus":"TWO_FIFTY_GOLD","is_prod":false,"is_daily":false,"chose_seed":false,"campfire_upgraded":1,"win_rate":0,"timestamp":1539658641,"path_taken":["M","M","?","?","?","R","E","?","T","?","M","E","R","M","R","BOSS","M","$","M","?","$","R","E","$","T","?","R","M","R","?","R","BOSS","M","$","M","?","M","R","M","R","T","E"],"build_version":"2018-10-11","purchased_purges":2,"victory":false,"max_hp_per_floor":[75,75,75,75,75,75,75,75,75,75,75,75,75,75,75,75,75,75,75,75,75,75,75,75,75,75,75,75,75,75,75,75,75,75,75,75,75,75,75,75,75,85,85,85],"card_choices":[{"not_picked":["Skim","Go for the Eyes"],"picked":"Ball Lightning","floor":1},{"not_picked":["Rebound","Stack"],"picked":"Static Discharge","floor":2},{"not_picked":["Scrape","Leap"],"picked":"Doom and Gloom","floor":7},{"not_picked":["Gash","Aggregate"],"picked":"Melter","floor":8},{"not_picked":["Gash","Turbo"],"picked":"Compile Driver","floor":11},{"not_picked":["Rip and Tear","Double Energy"],"picked":"Beam Cell","floor":12},{"not_picked":["Steam","Cold Snap"],"picked":"Fission","floor":14},{"not_picked":["Creative AI","Rainbow"],"picked":"Electrodynamics","floor":16},{"not_picked":["Compile Driver","Steam+1"],"picked":"Melter+1","floor":18},{"not_picked":["Undo","Capacitor+1"],"picked":"Ball Lightning+1","floor":20},{"not_picked":["Sweeping Beam+1","Chaos"],"picked":"Static Discharge","floor":24},{"not_picked":["Cold Snap","Gash"],"picked":"Barrage","floor":29},{"not_picked":["Force Field","Barrage"],"picked":"Static Discharge","floor":31},{"not_picked":["Buffer","Hyperbeam"],"picked":"Echo Form","floor":33},{"not_picked":["BootSequence+1","Ball Lightning+1"],"picked":"Storm","floor":35},{"not_picked":["Sweeping Beam+1","Chill"],"picked":"Undo+1","floor":37},{"not_picked":["Steam","Coolheaded"],"picked":"Reinforced Body+1","floor":39},{"not_picked":["Auto Shields","Reinforced Body+1"],"picked":"Redo+1","floor":41}],"player_experience":520845,"relics_obtained":[{"floor":6,"key":"Ornamental Fan"},{"floor":7,"key":"Thread and Needle"},{"floor":9,"key":"Dead Branch"},{"floor":10,"key":"Letter Opener"},{"floor":12,"key":"Bronze Scales"},{"floor":23,"key":"Dream Catcher"},{"floor":24,"key":"Tiny Chest"},{"floor":26,"key":"Omamori"},{"floor":27,"key":"Centennial Puzzle"},{"floor":28,"key":"Gremlin Horn"},{"floor":30,"key":"Regal Pillow"},{"floor":32,"key":"Cables"},{"floor":42,"key":"Pear"},{"floor":43,"key":"Meat on the Bone"}],"event_choices":[{"event_name":"Scrap Ooze","player_choice":"success","floor":3,"damage_taken":3},{"event_name":"World of Goop","player_choice":"Left","floor":4,"damage_taken":0},{"event_name":"Big Fish","player_choice":"Banana","floor":5,"damage_taken":0},{"event_name":"Golden Shrine","player_choice":"Desecrate","floor":21,"damage_taken":0},{"event_name":"Tomb of Lord Red Mask","player_choice":"Paid","floor":38,"damage_taken":0}],"is_beta":false,"boss_relics":[{"not_picked":["Ectoplasm","Astrolabe"],"picked":"Eternal Feather"},{"not_picked":["Runic Dome","Snecko Eye"],"picked":"Nuclear Battery"}],"items_purged_floors":[19,22],"is_endless":false,"potions_floor_spawned":[1,11,14,18,29,33,35],"killed_by":"Giant Head","ascension_level":6}