{"gold_per_floor":[109,22,33,52,65,65,75,108,108,108,108,108,121,134,134,208,208,221,231,231,231,244,273,158,158,158,158,83,83,108,82,82,157,157,170,170,170,180,180,180,208,219,219,219,22,22,67,100,100,100,100,100,100,19,47,47],"floor_reached":57,"playtime":5468,"items_purged":[],"score":3117,"play_id":"32f32bf7-0d19-43a5-a144-621d726c3911","local_time":"20190410143140","is_ascension_mode":true,"campfire_choices":[{"data":"Zap","floor":6.0,"key":"SMITH"},{"data":"Seek","floor":10.0,"key":"SMITH"},{"data":"Consume","floor":15.0,"key":"SMITH"},{"data":"Capacitor","floor":25.0,"key":"SMITH"},{"data":"Fusion","floor":27.0,"key":"SMITH"},{"data":"Blizzard","floor":29.0,"key":"SMITH"},{"data":"Loop","floor":32.0,"key":"SMITH"},{"data":"Coolheaded","floor":40.0,"key":"SMITH"},{"floor":44.0,"key":"RECALL"},{"data":"Hologram","floor":46.0,"key":"SMITH"},{"data":"Turbo","floor":49,"key":"SMITH"},{"data":"Conserve Battery","floor":53,"key":"SMITH"}],"neow_cost":"NONE","seed_source_timestamp":407846612114479,"circlet_count":0,"master_deck":["AscendersBane","Zap+1","Dualcast","Coolheaded","Capacitor+1","Doom and Gloom","Consume+1","Seek+1","Conserve Battery+1","Glacier","Coolheaded","Chill","Echo Form","White Noise","Blizzard+1","Loop+1","Turbo+1","Sunder+1","Heatsinks","Fusion+1","Skim","Coolheaded+1","Hologram+1","Undo+1","Barrage"],"special_seed":0,"relics":["Cracked Core","Art of War","Mummified Hand","Bottled Lightning","Pear","Pandora\u0027s Box","Bottled Tornado","Singing Bowl","Juzu Bracelet","Busted Crown","Darkstone Periapt","Potion Belt","Emotion Chip","Centennial Puzzle","Oddly Smooth Stone"],"potions_floor_usage":[56],"damage_taken":[{"damage":0.0,"enemies":"2 Louse","floor":1.0,"turns":3.0},{"damage":12.0,"enemies":"Jaw Worm","floor":3.0,"turns":4.0},{"damage":0.0,"enemies":"Cultist","floor":4.0,"turns":3.0},{"damage":7.0,"enemies":"Large Slime","floor":5.0,"turns":6.0},{"damage":13.0,"enemies":"3 Louse","floor":7.0,"turns":5.0},{"damage":0.0,"enemies":"Lagavulin","floor":8.0,"turns":7.0},{"damage":0.0,"enemies":"Blue Slaver","floor":13.0,"turns":4.0},{"damage":0.0,"enemies":"Lots of Slimes","floor":14.0,"turns":2.0},{"damage":18.0,"enemies":"Slime Boss","floor":16.0,"turns":12.0},{"damage":0.0,"enemies":"3 Byrds","floor":18.0,"turns":2.0},{"damage":2.0,"enemies":"Chosen","floor":19.0,"turns":4.0},{"damage":0.0,"enemies":"Snecko","floor":22.0,"turns":5.0},{"damage":0.0,"enemies":"Gremlin Leader","floor":23.0,"turns":6.0},{"damage":0.0,"enemies":"Book of Stabbing","floor":30.0,"turns":4.0},{"damage":0.0,"enemies":"Automaton","floor":33.0,"turns":8.0},{"damage":0.0,"enemies":"3 Shapes","floor":35.0,"turns":1.0},{"damage":0.0,"enemies":"Orb Walker","floor":38.0,"turns":2.0},{"damage":0.0,"enemies":"Nemesis","floor":41.0,"turns":9.0},{"damage":7.0,"enemies":"4 Shapes","floor":42.0,"turns":4.0},{"damage":12,"enemies":"2 Orb Walkers","floor":47,"turns":4},{"damage":0,"enemies":"Giant Head","floor":48,"turns":9},{"damage":5,"enemies":"Time Eater","floor":50,"turns":22},{"damage":0,"enemies":"Donu and Deca","floor":51,"turns":10},{"damage":7,"enemies":"Shield and Spear","floor":55,"turns":8},{"damage":39,"enemies":"The Heart","floor":56,"turns":12}],"seed_played":"464066308253471135","potions_obtained":[{"floor":1.0,"key":"EssenceOfSteel"},{"floor":7.0,"key":"LiquidBronze"},{"floor":13.0,"key":"LiquidBronze"},{"floor":18.0,"key":"Swift Potion"},{"floor":23.0,"key":"SpeedPotion"},{"floor":41.0,"key":"Poison Potion"},{"floor":47,"key":"FearPotion"}],"is_trial":false,"path_per_floor":["M","$","M","M","M","R","M","E","T","R","?","?","M","M","R","B",null,"M","M","?","?","M","E","$","R","T","R","?","R","E","$","R","B",null,"M","$","?","M","?","R","E","M","T","R","$","R","?","E","R","B","B",null,"R","$","E","B",null],"character_chosen":"DEFECT","items_purchased":["Capacitor","Heatsinks","Fusion","Coolheaded","Potion Belt","Hologram","Weak Potion","Barrage"],"campfire_rested":0,"item_purchase_floors":[2,24,24,31,45,45,54,54],"current_hp_per_floor":[64,64,52,52,45,45,32,32,32,32,31,31,31,31,31,13,64,64,62,62,62,62,62,62,62,62,62,62,62,62,62,62,62,76,78,78,93,95,95,95,97,92,92,92,92,92,80,82,82,77,77,95,95,95,90,51],"gold":47,"neow_bonus":"RANDOM_COMMON_RELIC","is_prod":false,"is_daily":false,"chose_seed":false,"campfire_upgraded":11,"win_rate":0,"timestamp":1554928300,"path_taken":["M","$","M","M","M","R","M","E","T","R","?","?","M","M","R","BOSS","M","?","?","?","M","E","$","R","T","R","?","R","E","?","R","BOSS","M","$","?","M","?","R","E","M","T","R","$","R","?","E","R","BOSS","BOSS","R","$","E","BOSS"],"build_version":"2019-04-04","purchased_purges":0,"victory":true,"max_hp_per_floor":[71,71,71,71,71,71,71,71,71,71,81,81,81,81,81,81,81,81,81,81,81,81,81,81,81,81,81,81,81,81,81,81,81,81,83,83,93,95,95,95,97,99,99,99,99,99,99,101,101,101,101,101,101,101,103,103],"card_choices":[{"not_picked":["Blizzard","Barrage"],"picked":"Coolheaded","floor":1.0},{"not_picked":["Compile Driver","Turbo"],"picked":"Doom and Gloom","floor":3.0},{"not_picked":["Beam Cell","Go for the Eyes"],"picked":"Consume","floor":4.0},{"not_picked":["Ball Lightning","Leap"],"picked":"Seek","floor":5.0},{"not_picked":["Stack","Steam Power"],"picked":"Conserve Battery","floor":7.0},{"not_picked":["Lockon","Steam"],"picked":"Glacier","floor":8.0},{"not_picked":["Go for the Eyes","Compile Driver"],"picked":"Coolheaded","floor":13.0},{"not_picked":["Leap","Barrage"],"picked":"Chill","floor":14.0},{"not_picked":["Multi-Cast","Core Surge"],"picked":"Echo Form","floor":16.0},{"not_picked":["Beam Cell","Ball Lightning","Turbo"],"picked":"SKIP","floor":18.0},{"not_picked":["Steam Power+1","Sweeping Beam"],"picked":"Sunder+1","floor":19.0},{"not_picked":["Double Energy","Redo","Steam"],"picked":"SKIP","floor":22.0},{"not_picked":["Stack","Beam Cell","Leap"],"picked":"SKIP","floor":23.0},{"not_picked":["Conserve Battery","Turbo"],"picked":"Skim","floor":30.0},{"not_picked":["Multi-Cast","Meteor Strike"],"picked":"Electrodynamics","floor":33.0},{"not_picked":["Turbo"],"picked":"Singing Bowl","floor":35.0},{"not_picked":["Static Discharge"],"picked":"Singing Bowl","floor":38.0},{"not_picked":["Sunder"],"picked":"Singing Bowl","floor":41.0},{"not_picked":["Streamline"],"picked":"Singing Bowl","floor":42.0},{"not_picked":[],"picked":"Undo+1","floor":47},{"not_picked":["Beam Cell"],"picked":"Singing Bowl","floor":48},{"not_picked":["Beam Cell"],"picked":"Singing Bowl","floor":55}],"player_experience":2827818,"relics_obtained":[{"floor":8.0,"key":"Mummified Hand"},{"floor":9.0,"key":"Bottled Lightning"},{"floor":23.0,"key":"Bottled Tornado"},{"floor":26.0,"key":"Singing Bowl"},{"floor":30.0,"key":"Juzu Bracelet"},{"floor":41.0,"key":"Darkstone Periapt"},{"floor":47,"key":"Emotion Chip"},{"floor":48,"key":"Centennial Puzzle"},{"floor":55,"key":"Oddly Smooth Stone"}],"event_choices":[{"damage_healed":0.0,"max_hp_gain":0.0,"max_hp_loss":0.0,"gold_gain":0.0,"event_name":"Scrap Ooze","player_choice":"Success","floor":11.0,"gold_loss":0.0,"damage_taken":11.0,"relics_obtained":["Pear"]},{"cards_removed":["Strike_B"],"damage_healed":0.0,"max_hp_gain":0.0,"max_hp_loss":0.0,"gold_gain":0.0,"event_name":"Purifier","player_choice":"Purged","floor":12.0,"gold_loss":0.0,"damage_taken":0.0},{"cards_removed":["Steam"],"damage_healed":0.0,"max_hp_gain":0.0,"max_hp_loss":0.0,"gold_gain":0.0,"event_name":"Back to Basics","player_choice":"Elegance","floor":20.0,"gold_loss":0.0,"damage_taken":0.0},{"damage_healed":0.0,"max_hp_gain":0.0,"max_hp_loss":0.0,"gold_gain":0.0,"event_name":"Vampires","player_choice":"Ignored","floor":21.0,"gold_loss":0.0,"damage_taken":0.0},{"cards_removed":["Ball Lightning"],"damage_healed":0.0,"max_hp_gain":0.0,"max_hp_loss":0.0,"gold_gain":0.0,"event_name":"Beggar","player_choice":"Gave Gold","floor":28.0,"gold_loss":75.0,"damage_taken":0.0},{"cards_removed":["Rainbow"],"damage_healed":5.0,"max_hp_gain":10.0,"max_hp_loss":0.0,"gold_gain":0.0,"event_name":"Bonfire Elementals","player_choice":"Offered Rare","floor":37.0,"gold_loss":0.0,"damage_taken":0.0},{"cards_removed":["Electrodynamics"],"damage_healed":0.0,"max_hp_gain":0.0,"max_hp_loss":0.0,"gold_gain":0.0,"event_name":"Falling","player_choice":"Removed Power","floor":39.0,"gold_loss":0.0,"damage_taken":0.0},{"damage_healed":0,"gold_gain":0,"player_choice":"Fight","damage_taken":0,"max_hp_gain":0,"max_hp_loss":0,"event_name":"Mysterious Sphere","floor":47,"gold_loss":0}],"is_beta":true,"boss_relics":[{"not_picked":["Lizard Tail","Orrery"],"picked":"Pandora\u0027s Box"},{"not_picked":["Black Star","Runic Dome"],"picked":"Busted Crown"}],"items_purged_floors":[],"is_endless":false,"potions_floor_spawned":[1,7,13,16,18,23,41,42,47],"ascension_level":20}