{"gold_per_floor":[109,124,136,136,7,7,50,50,50,121,121,121,121,136,136,264,264,285,285,298,319,340,340,340,363,386,410,410,11,11,27,27,27],"floor_reached":33,"playtime":2256,"items_purged":["Injury","Decay"],"score":321,"play_id":"92c09ffd-1f42-43be-9b9f-ef2c88a0b4c8","local_time":"20190226004037","is_ascension_mode":true,"campfire_choices":[{"data":"Pommel Strike","floor":6,"key":"SMITH"},{"data":"Bash","floor":8,"key":"SMITH"},{"floor":13,"key":"REST"},{"data":"Shockwave","floor":15,"key":"SMITH"},{"floor":23,"key":"REST"},{"floor":28,"key":"REST"},{"data":"Intimidate","floor":30,"key":"SMITH"},{"data":"Feed","floor":32,"key":"SMITH"}],"neow_cost":"NONE","seed_source_timestamp":3429773540335338,"circlet_count":0,"master_deck":["Strike_R","Strike_R","Strike_R","Strike_R","Strike_R","Defend_R","Defend_R","Defend_R","Defend_R","Bash+1","Intimidate+1","Perfected Strike","Pommel Strike+1","Wild Strike","Shockwave+1","Power Through","Offering","Wild Strike","Inflame","Perfected Strike","Cleave+1","Evolve+1","Anger","Feed+1"],"relics":["Black Blood","Happy Flower","Golden Idol","Singing Bowl","Gremlin Horn","Tiny Chest","Shuriken","Strawberry","The Courier","Orichalcum","Frozen Egg 2"],"potions_floor_usage":[7,10,16,22,22,25,33,33,33],"damage_taken":[{"damage":5,"enemies":"Small Slimes","floor":1,"turns":3},{"damage":9,"enemies":"2 Louse","floor":2,"turns":3},{"damage":12,"enemies":"Jaw Worm","floor":3,"turns":2},{"damage":32,"enemies":"Gremlin Nob","floor":7,"turns":4},{"damage":11,"enemies":"3 Sentries","floor":10,"turns":5},{"damage":11,"enemies":"Lots of Slimes","floor":14,"turns":2},{"damage":38,"enemies":"Slime Boss","floor":16,"turns":9},{"damage":14,"enemies":"2 Thieves","floor":18,"turns":3},{"damage":16,"enemies":"Chosen","floor":20,"turns":4},{"damage":34,"enemies":"3 Cultists","floor":21,"turns":5},{"damage":22,"enemies":"Chosen and Byrds","floor":22,"turns":5},{"damage":32,"enemies":"Shelled Parasite and Fungi","floor":25,"turns":4},{"damage":15,"enemies":"Snake Plant","floor":27,"turns":3},{"damage":6,"enemies":"3 Cultists","floor":31,"turns":3},{"damage":76,"enemies":"Champ","floor":33,"turns":8}],"seed_played":"-3876608825841095687","potions_obtained":[{"floor":1,"key":"PowerPotion"},{"floor":3,"key":"EssenceOfSteel"},{"floor":14,"key":"PowerPotion"},{"floor":16,"key":"SkillPotion"},{"floor":18,"key":"GamblersBrew"},{"floor":20,"key":"SkillPotion"},{"floor":22,"key":"BloodPotion"},{"floor":27,"key":"GamblersBrew"}],"is_trial":false,"path_per_floor":["M","M","M","?","$","R","E","R","T","E","?","?","R","M","R","B",null,"M","?","M","M","M","R","T","M","T","M","R","$","R","M","R","B"],"character_chosen":"IRONCLAD","items_purchased":["Wild Strike","Frozen Egg 2","Evolve+1","Anger","PowerPotion"],"campfire_rested":3,"item_purchase_floors":[5,29,29,29,29],"current_hp_per_floor":[80,77,71,71,71,71,47,47,47,42,42,42,68,63,63,31,75,73,73,69,45,33,60,60,47,47,42,69,69,69,73,73,0],"gold":27,"neow_bonus":"RANDOM_COMMON_RELIC","is_prod":false,"is_daily":false,"chose_seed":false,"campfire_upgraded":5,"win_rate":0,"timestamp":1551159637,"path_taken":["M","M","M","?","$","R","E","R","T","E","?","?","R","M","R","BOSS","M","?","M","M","?","R","?","M","T","M","R","$","R","M","R","BOSS"],"build_version":"2019-01-23","purchased_purges":2,"victory":false,"max_hp_per_floor":[80,80,80,80,80,80,82,82,82,82,82,89,89,89,89,89,89,91,91,93,93,93,93,93,93,93,93,93,93,93,93,93,93],"card_choices":[{"not_picked":["Sentinel","Anger"],"picked":"Intimidate","floor":1},{"not_picked":["Clash","Wild Strike"],"picked":"Perfected Strike","floor":2},{"not_picked":["Whirlwind","Body Slam"],"picked":"Pommel Strike","floor":3},{"not_picked":["Feel No Pain","Sword Boomerang","Combust"],"picked":"Singing Bowl","floor":7},{"not_picked":["Sword Boomerang","Limit Break"],"picked":"Shockwave","floor":10},{"not_picked":["Cleave","Warcry"],"picked":"Power Through","floor":14},{"not_picked":["Barricade","Exhume"],"picked":"Offering","floor":16},{"not_picked":["True Grit","Sword Boomerang+1","Rupture"],"picked":"Singing Bowl","floor":18},{"not_picked":["Thunderclap","Clothesline","Havoc"],"picked":"Singing Bowl","floor":20},{"not_picked":["Seeing Red","Havoc"],"picked":"Wild Strike","floor":21},{"not_picked":["Intimidate","Warcry"],"picked":"Inflame","floor":22},{"not_picked":["Havoc+1","Fire Breathing"],"picked":"Perfected Strike","floor":25},{"not_picked":["Warcry+1","Rage+1"],"picked":"Cleave+1","floor":27},{"not_picked":["True Grit+1","Wild Strike+1"],"picked":"Feed","floor":31}],"player_experience":197916,"relics_obtained":[{"floor":7,"key":"Singing Bowl"},{"floor":9,"key":"Gremlin Horn"},{"floor":10,"key":"Tiny Chest"},{"floor":24,"key":"The Courier"},{"floor":26,"key":"Orichalcum"}],"event_choices":[{"damage_healed":0,"gold_gain":0,"player_choice":"Take Wound","damage_taken":0,"relics_obtained":["Golden Idol"],"max_hp_gain":0,"max_hp_loss":0,"event_name":"Golden Idol","floor":4,"gold_loss":0,"cards_obtained":["Injury"]},{"damage_healed":0,"gold_gain":0,"player_choice":"Searched \u00272\u0027 times","damage_taken":0,"relics_obtained":["Shuriken"],"max_hp_gain":0,"max_hp_loss":0,"event_name":"Dead Adventurer","floor":11,"gold_loss":0},{"damage_healed":0,"gold_gain":0,"player_choice":"Success","damage_taken":7,"relics_obtained":["Strawberry"],"max_hp_gain":0,"max_hp_loss":0,"event_name":"Scrap Ooze","floor":12,"gold_loss":0},{"damage_healed":0,"gold_gain":0,"player_choice":"Cursed","damage_taken":0,"max_hp_gain":0,"max_hp_loss":0,"event_name":"Wheel of Change","floor":19,"gold_loss":0,"cards_obtained":["Decay"]}],"is_beta":false,"boss_relics":[{"not_picked":["Runic Dome","Eternal Feather"],"picked":"Black Blood"}],"items_purged_floors":[5,29],"is_endless":false,"potions_floor_spawned":[1,3,14,16,18,20,22,27],"killed_by":"Champ","ascension_level":5}