{"gold_per_floor":[110,110,128,141,158,158,123,223,248,276,276,16,16,47,47,145,145,164,149,149,149,149,149,149],"floor_reached":24,"playtime":1041,"items_purged":[],"score":323,"play_id":"3a8818a7-5b59-4475-a502-2bf95f354da7","local_time":"20190316075931","is_ascension_mode":true,"campfire_choices":[{"data":"Shockwave","floor":6,"key":"SMITH"},{"data":"Hemokinesis","floor":11,"key":"SMITH"},{"data":"Limit Break","floor":13,"key":"SMITH"},{"data":"Uppercut","floor":15,"key":"SMITH"},{"floor":23,"key":"REST"}],"neow_cost":"NONE","seed_source_timestamp":1011536306800394,"circlet_count":0,"master_deck":["AscendersBane","Strike_R","Strike_R","Strike_R","Strike_R","Strike_R","Defend_R","Defend_R","Defend_R+1","Defend_R+1","Bash","Double Tap","Shockwave+1","Heavy Blade","Hemokinesis+1","Sword Boomerang","Limit Break+1","Uppercut+1","Demon Form","Cleave"],"relics":["Burning Blood","Centennial Puzzle","War Paint","Pantograph","Ornamental Fan","Mark of Pain","Nilry\u0027s Codex","Frozen Egg 2"],"potions_floor_usage":[10,14,19,24],"damage_taken":[{"damage":3,"enemies":"2 Louse","floor":1,"turns":2},{"damage":7,"enemies":"Cultist","floor":3,"turns":4},{"damage":6,"enemies":"Small Slimes","floor":4,"turns":4},{"damage":19,"enemies":"Blue Slaver","floor":5,"turns":4},{"damage":28,"enemies":"Lagavulin","floor":10,"turns":6},{"damage":8,"enemies":"Gremlin Nob","floor":14,"turns":3},{"damage":47,"enemies":"The Guardian","floor":16,"turns":9},{"damage":6,"enemies":"Spheric Guardian","floor":18,"turns":3},{"damage":18,"enemies":"2 Thieves","floor":19,"turns":4},{"damage":69,"enemies":"Slavers","floor":24,"turns":4}],"seed_played":"8384680364798976629","potions_obtained":[{"floor":3,"key":"Energy Potion"},{"floor":4,"key":"FearPotion"},{"floor":10,"key":"Swift Potion"},{"floor":18,"key":"SkillPotion"}],"is_trial":false,"path_per_floor":["M","?","M","M","M","R","?","?","T","E","R","$","R","E","R","B",null,"M","M","?","?","T","R","E"],"character_chosen":"IRONCLAD","items_purchased":["Pantograph"],"campfire_rested":1,"item_purchase_floors":[12],"current_hp_per_floor":[75,75,74,74,61,61,80,80,80,58,58,58,58,56,56,39,70,70,58,58,42,42,66,0],"gold":149,"neow_bonus":"ONE_RANDOM_RARE_CARD","is_prod":false,"is_daily":false,"chose_seed":false,"campfire_upgraded":4,"win_rate":0,"timestamp":1552737571,"path_taken":["M","?","M","M","M","R","?","?","T","E","R","$","R","E","R","BOSS","M","?","?","?","?","R","E"],"build_version":"2019-01-23","purchased_purges":0,"victory":false,"max_hp_per_floor":[80,80,80,80,80,80,80,80,80,80,80,80,80,80,80,80,80,80,80,80,80,80,80,80],"card_choices":[{"not_picked":["Iron Wave","Flex"],"picked":"Shockwave","floor":1},{"not_picked":["Evolve","Iron Wave"],"picked":"Heavy Blade","floor":3},{"not_picked":["Blood for Blood","Thunderclap"],"picked":"Hemokinesis","floor":4},{"not_picked":["Heavy Blade","Havoc"],"picked":"Sword Boomerang","floor":5},{"not_picked":["Second Wind","Battle Trance"],"picked":"Limit Break","floor":10},{"not_picked":["Intimidate","Fire Breathing"],"picked":"Uppercut","floor":14},{"not_picked":["Brutality","Impervious"],"picked":"Demon Form","floor":16},{"not_picked":["Heavy Blade","Clash","Seeing Red"],"picked":"SKIP","floor":18},{"not_picked":["Heavy Blade+1","Warcry"],"picked":"Cleave","floor":19}],"player_experience":291843,"relics_obtained":[{"floor":9,"key":"Centennial Puzzle"},{"floor":10,"key":"War Paint"},{"floor":14,"key":"Ornamental Fan"},{"floor":21,"key":"Nilry\u0027s Codex"},{"floor":22,"key":"Frozen Egg 2"}],"event_choices":[{"damage_healed":0,"gold_gain":0,"player_choice":"Ignored","damage_taken":0,"max_hp_gain":0,"max_hp_loss":0,"event_name":"Liars Game","floor":2,"gold_loss":0},{"damage_healed":20,"gold_gain":0,"player_choice":"Healed","damage_taken":0,"max_hp_gain":0,"max_hp_loss":0,"event_name":"The Cleric","floor":7,"gold_loss":35},{"damage_healed":0,"gold_gain":100,"player_choice":"Gold","damage_taken":0,"max_hp_gain":0,"max_hp_loss":0,"event_name":"Wheel of Change","floor":8,"gold_loss":0},{"damage_healed":0,"gold_gain":0,"player_choice":"Ignored","damage_taken":0,"max_hp_gain":0,"max_hp_loss":0,"event_name":"Ghosts","floor":20,"gold_loss":0},{"damage_healed":0,"gold_gain":0,"player_choice":"Obtained Book","damage_taken":16,"max_hp_gain":0,"max_hp_loss":0,"event_name":"Cursed Tome","floor":21,"gold_loss":0}],"is_beta":false,"boss_relics":[{"not_picked":["Orrery","Black Star"],"picked":"Mark of Pain"}],"items_purged_floors":[],"is_endless":false,"potions_floor_spawned":[3,4,10,18],"killed_by":"Slavers","ascension_level":12}