{"gold_per_floor":[114,124,134,150,325,325,343,355,355,305,322,334,348,360,360,465,465,480,507,606,626,626,626,14,14,14,27,27,27,43,63,63,63],"floor_reached":33,"playtime":2155,"items_purged":["Strike_B"],"score":290,"play_id":"2412096c-266d-4fc7-b288-6ec5dc0d10ad","local_time":"20181105045019","is_ascension_mode":false,"campfire_choices":[{"data":"Conserve Battery","floor":6,"key":"SMITH"},{"floor":15,"key":"REST"},{"floor":29,"key":"REST"},{"floor":32,"key":"REST"}],"neow_cost":"NONE","seed_source_timestamp":197562002745077,"circlet_count":0,"master_deck":["Strike_B","Strike_B","Strike_B","Defend_B","Defend_B","Defend_B","Defend_B","Zap","Dualcast","Conserve Battery+1","Barrage","Ball Lightning","Ball Lightning","Defragment","Storm","Sweeping Beam","Seek","Conserve Battery","Compile Driver","Machine Learning","Ball Lightning","BootSequence","Darkness","Rebound","Static Discharge","Ball Lightning","Chill","Multi-Cast","Injury","Redo+1","Ball Lightning+1","Hello World"],"relics":["Cracked Core","Torii","Cursed Key","Red Mask","Membership Card","Sundial","Calipers"],"potions_floor_usage":[16,16,16,23,27,33,33,33],"damage_taken":[{"damage":5,"enemies":"2 Louse","floor":1,"turns":2},{"damage":0,"enemies":"Small Slimes","floor":2,"turns":4},{"damage":0,"enemies":"Jaw Worm","floor":3,"turns":4},{"damage":8,"enemies":"Red Slaver","floor":4,"turns":4},{"damage":0,"enemies":"2 Fungi Beasts","floor":7,"turns":3},{"damage":14,"enemies":"Blue Slaver","floor":8,"turns":3},{"damage":2,"enemies":"Exordium Thugs","floor":11,"turns":3},{"damage":10,"enemies":"2 Fungi Beasts","floor":12,"turns":3},{"damage":3,"enemies":"Lots of Slimes","floor":13,"turns":3},{"damage":1,"enemies":"Looter","floor":14,"turns":3},{"damage":23,"enemies":"The Guardian","floor":16,"turns":9},{"damage":1,"enemies":"Chosen","floor":18,"turns":4},{"damage":34,"enemies":"Masked Bandits","floor":19,"turns":5},{"damage":1,"enemies":"2 Thieves","floor":21,"turns":3},{"damage":0,"enemies":"Slavers","floor":23,"turns":1},{"damage":12,"enemies":"Centurion and Healer","floor":27,"turns":6},{"damage":7,"enemies":"Shelled Parasite and Fungi","floor":30,"turns":4},{"damage":1,"enemies":"Cultist and Chosen","floor":31,"turns":5},{"damage":69,"enemies":"Collector","floor":33,"turns":7}],"seed_played":"-5040893205056543782","potions_obtained":[{"floor":3,"key":"FearPotion"},{"floor":8,"key":"EssenceOfSteel"},{"floor":12,"key":"GamblersBrew"},{"floor":14,"key":"PowerPotion"},{"floor":16,"key":"LiquidBronze"},{"floor":18,"key":"SmokeBomb"},{"floor":27,"key":"FearPotion"}],"is_trial":false,"path_per_floor":["M","M","M","M","?","R","M","M","T","?","M","M","M","M","R","B",null,"M","?","?","M","?","E","$","?","T","M","$","R","M","M","R","B"],"character_chosen":"DEFECT","items_purchased":["Membership Card","Rebound","Static Discharge","Ball Lightning","SkillPotion","SkillPotion","Chill","Multi-Cast","Sundial"],"campfire_rested":3,"item_purchase_floors":[24,24,24,24,24,24,24,24,24],"current_hp_per_floor":[77,77,77,69,69,69,69,55,55,55,53,43,40,39,63,40,82,81,47,47,46,30,30,30,30,30,18,18,44,37,36,62,0],"gold":63,"neow_bonus":"TEN_PERCENT_HP_BONUS","is_prod":false,"is_daily":false,"chose_seed":false,"campfire_upgraded":1,"win_rate":0.0,"timestamp":1541422219,"path_taken":["M","M","M","M","?","R","M","M","T","?","M","M","M","M","R","BOSS","M","?","?","M","?","E","$","?","T","M","$","R","M","M","R","BOSS"],"build_version":"2018-11-01","purchased_purges":1,"victory":false,"max_hp_per_floor":[82,82,82,82,82,82,82,82,82,82,82,82,82,82,82,82,82,82,82,82,82,87,87,87,87,87,87,87,87,87,87,87,87],"card_choices":[{"not_picked":["Redo","Consume"],"picked":"Conserve Battery","floor":1},{"not_picked":["Scrape","Streamline"],"picked":"Barrage","floor":2},{"not_picked":["Reinforced Body","Compile Driver"],"picked":"Ball Lightning","floor":3},{"not_picked":["Hologram","Go for the Eyes"],"picked":"Ball Lightning","floor":4},{"not_picked":["Ball Lightning","Reinforced Body"],"picked":"Defragment","floor":7},{"not_picked":["Fusion","Cold Snap"],"picked":"Storm","floor":8},{"not_picked":["Stack","Streamline"],"picked":"Sweeping Beam","floor":11},{"not_picked":["Hologram","Sweeping Beam"],"picked":"Seek","floor":12},{"not_picked":["Reinforced Body","Leap"],"picked":"Conserve Battery","floor":13},{"not_picked":["Gash","Leap"],"picked":"Compile Driver","floor":14},{"not_picked":["Rainbow","All For One"],"picked":"Machine Learning","floor":16},{"not_picked":["Gash","Auto Shields"],"picked":"Ball Lightning","floor":18},{"not_picked":["Steam Power","Aggregate"],"picked":"BootSequence","floor":19},{"not_picked":["Sweeping Beam","Hologram"],"picked":"Darkness","floor":21},{"not_picked":["Compile Driver","Coolheaded"],"picked":"Redo+1","floor":27},{"not_picked":["Static Discharge","Undo"],"picked":"Ball Lightning+1","floor":30},{"not_picked":["Barrage","Go for the Eyes"],"picked":"Hello World","floor":31}],"player_experience":9067,"relics_obtained":[{"floor":9,"key":"Torii"},{"floor":19,"key":"Red Mask"},{"floor":26,"key":"Calipers"}],"event_choices":[{"damage_healed":0,"gold_gain":175,"player_choice":"AGREE","damage_taken":0,"max_hp_gain":0,"max_hp_loss":0,"event_name":"Liars Game","floor":5,"gold_loss":0,"cards_obtained":["Doubt"]},{"cards_removed":["Doubt"],"damage_healed":0,"gold_gain":0,"player_choice":"Card Removal","damage_taken":0,"max_hp_gain":0,"max_hp_loss":0,"event_name":"The Cleric","floor":10,"gold_loss":50},{"damage_healed":0,"gold_gain":0,"player_choice":"Fought Bandits","damage_taken":0,"max_hp_gain":0,"max_hp_loss":0,"event_name":"Masked Bandits","floor":19,"gold_loss":0},{"damage_healed":0,"gold_gain":99,"player_choice":"Stole From Cult","damage_taken":0,"max_hp_gain":0,"max_hp_loss":0,"event_name":"Nest","floor":20,"gold_loss":0},{"damage_healed":0,"gold_gain":0,"player_choice":"Shed Blood","damage_taken":21,"max_hp_gain":5,"max_hp_loss":0,"event_name":"Forgotten Altar","floor":22,"gold_loss":0},{"damage_healed":0,"gold_gain":0,"player_choice":"Ignored","damage_taken":0,"max_hp_gain":0,"max_hp_loss":0,"event_name":"Ghosts","floor":25,"gold_loss":0}],"is_beta":false,"boss_relics":[{"not_picked":["Sozu","FrozenCore"],"picked":"Cursed Key"}],"items_purged_floors":[24],"is_endless":false,"potions_floor_spawned":[3,8,12,14,16,18,23,27],"killed_by":"Collector","ascension_level":0}