{"gold_per_floor":[113,86,86,100,48,82,82,98,98,98,63,75,110,110,110,206,206,224,224,239,61,61,61,93,110,110,124,39,51,3,3],"floor_reached":31,"playtime":859,"items_purged":["Force Field"],"score":263,"play_id":"3e034e15-f882-4d72-a9e2-20dc97331f6e","local_time":"20181012061348","is_ascension_mode":false,"campfire_choices":[{"data":"Redo","floor":7,"key":"SMITH"},{"floor":10,"key":"REST"},{"floor":15,"key":"REST"}],"neow_cost":"NONE","seed_source_timestamp":130272762993266,"circlet_count":0,"master_deck":["Zap","Dualcast","Redo","Redo+1","Steam","Redo+1","Tempest","Ball Lightning","White Noise","Beam Cell","All For One","Beam Cell","Gash","Reinforced Body","Capacitor","Chaos","Stack","Genetic Algorithm","Steam","Trip","Chaos+1","Reprogram+1","Auto Shields+1","Beam Cell+1","Barrage"],"relics":["Cracked Core","Pantograph","Shuriken","Dodecahedron","Pandora\u0027s Box","FossilizedHelix","Enchiridion","Darkstone Periapt","Singing Bowl","Du-Vu Doll"],"potions_floor_usage":[6,25,29],"damage_taken":[{"damage":2,"enemies":"2 Louse","floor":1,"turns":2},{"damage":6,"enemies":"Jaw Worm","floor":4,"turns":3},{"damage":25,"enemies":"3 Sentries","floor":6,"turns":5},{"damage":15,"enemies":"Small Slimes","floor":8,"turns":2},{"damage":12,"enemies":"Blue Slaver","floor":12,"turns":2},{"damage":28,"enemies":"Gremlin Nob","floor":13,"turns":4},{"damage":52,"enemies":"The Guardian","floor":16,"turns":8},{"damage":16,"enemies":"Shell Parasite","floor":18,"turns":3},{"damage":5,"enemies":"Chosen","floor":20,"turns":3},{"damage":18,"enemies":"Slavers","floor":24,"turns":7},{"damage":0,"enemies":"Snecko","floor":25,"turns":3},{"damage":11,"enemies":"Cultist and Chosen","floor":27,"turns":8},{"damage":0,"enemies":"Centurion and Healer","floor":29,"turns":5},{"damage":9,"enemies":"3 Cultists","floor":31,"turns":3}],"seed_played":"3082880344581664681","potions_obtained":[{"floor":1,"key":"FocusPotion"},{"floor":8,"key":"Ancient Potion"},{"floor":13,"key":"FearPotion"},{"floor":18,"key":"FearPotion"},{"floor":24,"key":"EssenceOfSteel"}],"is_trial":false,"path_per_floor":["M","?","?","M","$","E","R","M","T","R","?","M","E","?","R","B",null,"M","?","M","$","?","$","E","M","T","M","?","M","$"],"character_chosen":"DEFECT","items_purchased":["Redo","Trip","Barrage"],"campfire_rested":2,"item_purchase_floors":[5,21,30],"current_hp_per_floor":[73,73,73,67,67,42,42,27,27,49,67,55,27,27,49,22,75,59,59,54,54,38,38,20,20,20,9,9,9,9,0],"gold":3,"neow_bonus":"TRANSFORM_CARD","is_prod":false,"is_daily":false,"chose_seed":false,"campfire_upgraded":1,"win_rate":0.0,"timestamp":1539350028,"path_taken":["M","?","?","M","?","E","R","M","T","R","?","?","E","?","R","BOSS","M","?","?","$","?","$","E","?","T","M","?","M","?","M"],"build_version":"2018-10-11","purchased_purges":1,"victory":false,"max_hp_per_floor":[75,75,75,75,75,75,75,75,75,75,75,75,75,75,75,75,75,75,75,75,75,75,75,75,75,75,75,75,75,75,75],"card_choices":[{"not_picked":["Glacier","Steam"],"picked":"Redo","floor":1},{"not_picked":["Beam Cell","Go for the Eyes"],"picked":"Steam","floor":4},{"not_picked":["Gash","Rip and Tear"],"picked":"Tempest","floor":6},{"not_picked":["Fusion","Compile Driver"],"picked":"Ball Lightning","floor":8},{"not_picked":["Ball Lightning","Reinforced Body"],"picked":"White Noise","floor":12},{"not_picked":["Steam","Reinforced Body"],"picked":"Beam Cell","floor":13},{"not_picked":["Echo Form","Meteor Strike"],"picked":"All For One","floor":16},{"not_picked":["Ball Lightning+1","Melter"],"picked":"Genetic Algorithm","floor":18},{"not_picked":["Coolheaded","Turbo"],"picked":"Steam","floor":20},{"not_picked":["Glacier","Compile Driver"],"picked":"Chaos+1","floor":24},{"not_picked":["Hello World","Capacitor"],"picked":"Reprogram+1","floor":25},{"not_picked":["Genetic Algorithm","Chaos"],"picked":"Auto Shields+1","floor":27},{"not_picked":["Go for the Eyes","Chill"],"picked":"Beam Cell+1","floor":29}],"player_experience":475567,"relics_obtained":[{"floor":6,"key":"Pantograph"},{"floor":9,"key":"Shuriken"},{"floor":13,"key":"Dodecahedron"},{"floor":22,"key":"Enchiridion"},{"floor":24,"key":"Darkstone Periapt"},{"floor":26,"key":"Singing Bowl"}],"event_choices":[{"event_name":"World of Goop","player_choice":"Left","floor":2,"damage_taken":0},{"event_name":"Living Wall","player_choice":"Grow","floor":3,"damage_taken":0},{"event_name":"The Cleric","player_choice":"Healed","floor":11,"damage_taken":0},{"event_name":"Shining Light","player_choice":"Ignored","floor":14,"damage_taken":0},{"event_name":"The Mausoleum","player_choice":"Yes","floor":19,"damage_taken":0},{"event_name":"Cursed Tome","player_choice":"Obtained Book","floor":22,"damage_taken":0},{"event_name":"Addict","player_choice":"Obtained Relic","floor":28,"damage_taken":0}],"is_beta":false,"boss_relics":[{"not_picked":["FrozenCore","Busted Crown"],"picked":"Pandora\u0027s Box"}],"items_purged_floors":[21],"is_endless":false,"potions_floor_spawned":[1,8,13,18,24],"killed_by":"3 Cultists","ascension_level":0}