{"path_per_floor":["M","?","$","?","?","E","R","E","T","M","M","?","$","M","R","B",null,"M","$","?","?","M","R"],"character_chosen":"THE_SILENT","items_purchased":["Caltrops","Paper Crane","Dagger Spray","Ancient Tea Set"],"gold_per_floor":[118,118,84,84,184,217,217,281,306,322,341,306,35,56,56,185,185,206,49,229,144,163,163],"floor_reached":24,"campfire_rested":2,"playtime":735,"current_hp_per_floor":[63,63,63,63,63,46,46,11,11,7,7,25,25,25,46,40,64,54,54,30,30,23,44],"items_purged":[],"gold":163,"score":263,"play_id":"1fd892c7-2958-465e-a130-35507dc4cfa3","is_prod":false,"is_daily":false,"is_ascension_mode":true,"campfire_upgraded":1,"path_taken":["M","?","$","?","?","E","R","E","T","M","?","?","?","M","R","BOSS","M","$","?","?","?","R","E"],"build_version":"2018-02-22-PROD2","purchased_purges":0,"victory":false,"master_deck":["Defend_G","Defend_G+1","Defend_G","Defend_G","Strike_G","Strike_G","Strike_G","Strike_G","Survivor","Neutralize","Backflip","Blade Dance+1","Caltrops+1","Dagger Throw","Flying Knee","Backstab","Slice","Dagger Spray","Heel Hook","Tools of the Trade","Prepared+1","Noxious Fumes+1"],"max_hp_per_floor":[70,65,65,65,65,72,72,72,72,72,72,72,72,72,72,72,72,72,72,72,72,72,72],"relics":["Ring of the Snake","Golden Idol","Strawberry","Tiny Chest","War Paint","Paper Crane","Sozu","Ancient Tea Set","Unceasing Top"],"card_choices":[{"not_picked":["Prepared","Flying Knee"],"picked":"Blade Dance"},{"not_picked":["Prepared","Flechettes"],"picked":"Dagger Throw"},{"not_picked":["Reflex","Riddle With Holes"],"picked":"Flying Knee"},{"not_picked":["Setup","Dagger Throw"],"picked":"Backstab"},{"not_picked":["Wraith Form","Bane"],"picked":"Slice"},{"not_picked":["Backflip","Endless Agony"],"picked":"Heel Hook"},{"not_picked":["Bullet Time","Night Terror"],"picked":"Tools of the Trade"},{"not_picked":["Dodge and Roll","Outmaneuver"],"picked":"Prepared"},{"not_picked":["Prepared","Storm of Steel"],"picked":"Noxious Fumes"}],"player_experience":203346,"potions_floor_usage":[6,14,16,16],"damage_taken":[{"damage":0,"enemies":"Small Slimes","floor":1,"turns":4},{"damage":24,"enemies":"3 Sentries","floor":6,"turns":10},{"damage":35,"enemies":"Gremlin Nob","floor":8,"turns":5},{"damage":4,"enemies":"Jaw Worm","floor":10,"turns":3},{"damage":0,"enemies":"2 Louse","floor":11,"turns":2},{"damage":0,"enemies":"Gremlin Gang","floor":14,"turns":1},{"damage":6,"enemies":"Hexaghost","floor":16,"turns":9},{"damage":10,"enemies":"2 Thieves","floor":18,"turns":3},{"damage":7,"enemies":"3 Byrds","floor":22,"turns":4},{"damage":45,"enemies":"Gremlin Leader","floor":24,"turns":7}],"event_choices":[{"event_name":"Golden Idol","player_choice":"Lose Max HP","floor":2,"damage_taken":0},{"event_name":"Bonfire Elementals","player_choice":"BASIC","floor":4,"damage_taken":0},{"event_name":"Golden Shrine","player_choice":"Pray","floor":5,"damage_taken":0},{"event_name":"The Cleric","player_choice":"Healed","floor":12,"damage_taken":0},{"event_name":"Knowing Skull","player_choice":"GOLD GOLD ","floor":20,"damage_taken":0},{"event_name":"Addict","player_choice":"Obtained Relic","floor":21,"damage_taken":0}],"boss_relics":[{"not_picked":["Velvet Choker","Snecko Eye"],"picked":"Sozu"}],"potions_floor_spawned":[1,6,10,11],"seed_played":"-1174854843207429153","killed_by":"Gremlin Leader","ascension_level":6,"is_trial":false}