{"gold_per_floor":[218,218,228,242,242,289,301,341,378,390,461,473],"floor_reached":12,"playtime":251,"items_purged":[],"score":106,"play_id":"4e820c4d-6818-4da4-94f1-120828d29a63","local_time":"20181014133820","is_ascension_mode":true,"campfire_choices":[{"floor":10,"key":"REST"}],"neow_cost":"NONE","seed_source_timestamp":330354364011503,"circlet_count":0,"master_deck":["Strike_B","Strike_B","Strike_B","Strike_B","Defend_B","Defend_B+1","Defend_B","Defend_B","Zap","Dualcast","Rip and Tear+1","Auto Shields+1","Streamline","Regret","Lockon","Redo","Static Discharge"],"relics":["Cracked Core","MawBank","Omamori","Blood Vial","Dodecahedron","War Paint","Tiny Chest"],"potions_floor_usage":[6,8,11],"damage_taken":[{"damage":0,"enemies":"2 Louse","floor":1,"turns":3},{"damage":7,"enemies":"Small Slimes","floor":3,"turns":2},{"damage":7,"enemies":"Jaw Worm","floor":4,"turns":2},{"damage":6,"enemies":"Gremlin Nob","floor":6,"turns":3},{"damage":35,"enemies":"Lagavulin","floor":8,"turns":5},{"damage":25,"enemies":"3 Sentries","floor":11,"turns":7},{"damage":27,"enemies":"Gremlin Gang","floor":12,"turns":2}],"seed_played":"-8941566706336783851","potions_obtained":[{"floor":4,"key":"FearPotion"},{"floor":6,"key":"Strength Potion"},{"floor":8,"key":"FearPotion"}],"is_trial":false,"path_per_floor":["M","?","M","M","?","E","?","E","T","R","E"],"character_chosen":"DEFECT","items_purchased":[],"campfire_rested":1,"item_purchase_floors":[],"current_hp_per_floor":[75,75,68,61,61,55,55,22,22,44,21,0],"gold":473,"neow_bonus":"HUNDRED_GOLD","is_prod":false,"is_daily":false,"chose_seed":false,"campfire_upgraded":0,"win_rate":0,"timestamp":1539549500,"path_taken":["M","?","M","M","?","E","?","E","T","R","E","M"],"build_version":"2018-10-11","purchased_purges":0,"victory":false,"max_hp_per_floor":[75,75,75,75,75,75,75,75,75,75,75,75],"card_choices":[{"not_picked":["Steam","Gash"],"picked":"Rip and Tear","floor":1},{"not_picked":["Stack","Go for the Eyes"],"picked":"Auto Shields","floor":3},{"not_picked":["Undo","Force Field"],"picked":"Streamline","floor":4},{"not_picked":["Self Repair","Storm"],"picked":"Lockon","floor":6},{"not_picked":["Cold Snap","Darkness"],"picked":"Redo","floor":8},{"not_picked":["Darkness","FTL"],"picked":"Static Discharge","floor":11}],"player_experience":497102,"relics_obtained":[{"floor":6,"key":"Omamori"},{"floor":8,"key":"Dodecahedron"},{"floor":9,"key":"War Paint"},{"floor":11,"key":"Tiny Chest"}],"event_choices":[{"event_name":"Living Wall","player_choice":"Grow","floor":2,"damage_taken":0},{"event_name":"Big Fish","player_choice":"Box","floor":5,"damage_taken":0},{"event_name":"Dead Adventurer","player_choice":"Searched \u00272\u0027 times","floor":7,"damage_taken":0}],"is_beta":false,"boss_relics":[],"items_purged_floors":[],"is_endless":false,"potions_floor_spawned":[4,6,8],"killed_by":"Gremlin Gang","ascension_level":2}