{"gold_per_floor":[13,31,31,31,0,0,32,32,86,119,119,44,58,68,68,166,166,178,103,128,0,12,12,37,37,63,76,76,92,104,124,124,124],"floor_reached":33,"playtime":1416,"items_purged":["Berserk"],"score":440,"play_id":"a572658c-8237-4e42-9c2f-956164b408f7","local_time":"20190310171838","is_ascension_mode":true,"campfire_choices":[{"floor":6,"key":"REST"},{"data":"Uppercut","floor":8,"key":"SMITH"},{"floor":11,"key":"REST"},{"data":"Bash","floor":15,"key":"SMITH"},{"floor":23,"key":"REST"},{"data":"Limit Break","floor":25,"key":"SMITH"},{"data":"Spot Weakness","floor":28,"key":"SMITH"},{"floor":32,"key":"REST"}],"neow_cost":"NO_GOLD","seed_source_timestamp":526313247135587,"circlet_count":0,"master_deck":["AscendersBane","Bash+1","Ghostly Armor","Uppercut+1","Rampage","Iron Wave+1","Clothesline+1","Cleave+1","Thunderclap+1","Fiend Fire+1","Ghostly Armor+1","Limit Break+1","Blood for Blood+1","Spot Weakness+1","Sentinel+1","Headbutt+1","Cleave+1","Rampage+1","Shrug It Off","Heavy Blade+1","Headbutt+1","Iron Wave+1"],"relics":["Burning Blood","Molten Egg 2","Matryoshka","Tiny Chest","Regal Pillow","Strawberry","Pandora\u0027s Box","Vajra","Lantern","Ancient Tea Set","War Paint"],"potions_floor_usage":[7,7,16,22,29,33,33],"damage_taken":[{"damage":21,"enemies":"Small Slimes","floor":1,"turns":5},{"damage":0,"enemies":"2 Louse","floor":2,"turns":2},{"damage":27,"enemies":"Gremlin Nob","floor":7,"turns":4},{"damage":42,"enemies":"3 Sentries","floor":10,"turns":11},{"damage":2,"enemies":"Jaw Worm","floor":13,"turns":3},{"damage":4,"enemies":"Blue Slaver","floor":14,"turns":3},{"damage":20,"enemies":"Slime Boss","floor":16,"turns":8},{"damage":29,"enemies":"3 Byrds","floor":18,"turns":5},{"damage":19,"enemies":"2 Thieves","floor":22,"turns":2},{"damage":26,"enemies":"Book of Stabbing","floor":24,"turns":5},{"damage":0,"enemies":"Centurion and Healer","floor":27,"turns":4},{"damage":24,"enemies":"Snake Plant","floor":29,"turns":2},{"damage":26,"enemies":"3 Cultists","floor":30,"turns":5},{"damage":21,"enemies":"Centurion and Healer","floor":31,"turns":3},{"damage":60,"enemies":"Collector","floor":33,"turns":5}],"seed_played":"-2103361339860583055","potions_obtained":[{"floor":1,"key":"PowerPotion"},{"floor":2,"key":"AttackPotion"},{"floor":13,"key":"Strength Potion"},{"floor":16,"key":"Weak Potion"},{"floor":24,"key":"LiquidBronze"},{"floor":27,"key":"FearPotion"},{"floor":29,"key":"EntropicBrew"},{"floor":31,"key":"Block Potion"}],"is_trial":false,"path_per_floor":["M","M","?","?","?","R","E","R","T","E","R","$","M","M","R","B",null,"M","?","T","?","M","R","E","R","T","M","R","M","M","M","R","B"],"character_chosen":"IRONCLAD","items_purchased":[],"campfire_rested":4,"item_purchase_floors":[],"current_hp_per_floor":[57,63,63,45,45,69,48,48,48,19,60,60,64,66,66,52,78,55,55,55,55,42,83,63,63,63,69,69,51,31,16,57,0],"gold":124,"neow_bonus":"TRANSFORM_TWO_CARDS","is_prod":false,"is_daily":false,"chose_seed":false,"campfire_upgraded":4,"win_rate":0,"timestamp":1552252718,"path_taken":["M","M","?","?","?","R","E","R","T","E","R","?","M","M","R","BOSS","M","?","?","?","M","R","E","R","T","M","R","M","M","?","R","BOSS"],"build_version":"2019-01-23","purchased_purges":1,"victory":false,"max_hp_per_floor":[80,80,80,80,80,80,80,80,80,87,87,87,87,87,87,87,87,87,87,87,87,87,87,87,87,87,87,87,87,87,87,87,87],"card_choices":[{"not_picked":["Sentinel","Rupture"],"picked":"Uppercut","floor":1},{"not_picked":["Metallicize","Pummel"],"picked":"Rampage","floor":2},{"not_picked":["True Grit","Shrug It Off"],"picked":"Iron Wave+1","floor":7},{"not_picked":["Armaments","Corruption"],"picked":"Clothesline+1","floor":10},{"not_picked":["Shockwave","Wild Strike+1"],"picked":"Cleave+1","floor":13},{"not_picked":["Flex","Infernal Blade"],"picked":"Thunderclap+1","floor":14},{"not_picked":["Exhume","Impervious"],"picked":"Fiend Fire+1","floor":16},{"not_picked":["Havoc","Hemokinesis+1"],"picked":"Cleave+1","floor":18},{"not_picked":["Disarm","Clash+1"],"picked":"Rampage+1","floor":22},{"not_picked":["Evolve","Havoc"],"picked":"Shrug It Off","floor":24},{"not_picked":["Body Slam+1","Wild Strike+1"],"picked":"Heavy Blade+1","floor":27},{"not_picked":["Battle Trance","Hemokinesis+1"],"picked":"Headbutt+1","floor":29},{"not_picked":["Perfected Strike+1","Flex","Carnage+1"],"picked":"SKIP","floor":30},{"not_picked":["Clash+1","Twin Strike+1"],"picked":"Iron Wave+1","floor":31}],"player_experience":279794,"relics_obtained":[{"floor":7,"key":"Matryoshka"},{"floor":9,"key":"Tiny Chest"},{"floor":9,"key":"Regal Pillow"},{"floor":10,"key":"Strawberry"},{"floor":20,"key":"Vajra"},{"floor":20,"key":"Lantern"},{"floor":24,"key":"Ancient Tea Set"},{"floor":26,"key":"War Paint"}],"event_choices":[{"damage_healed":0,"gold_gain":0,"player_choice":"Leave","damage_taken":0,"max_hp_gain":0,"max_hp_loss":0,"event_name":"The Cleric","floor":3,"gold_loss":0},{"damage_healed":0,"gold_gain":0,"player_choice":"Success","damage_taken":18,"relics_obtained":["Molten Egg 2"],"max_hp_gain":0,"max_hp_loss":0,"event_name":"Scrap Ooze","floor":4,"gold_loss":0},{"damage_healed":0,"gold_gain":0,"player_choice":"Left Gold","damage_taken":0,"max_hp_gain":0,"max_hp_loss":0,"event_name":"World of Goop","floor":5,"gold_loss":31},{"cards_removed":["Rupture"],"damage_healed":0,"gold_gain":0,"player_choice":"Gave Gold","damage_taken":0,"max_hp_gain":0,"max_hp_loss":0,"event_name":"Beggar","floor":19,"gold_loss":75},{"damage_healed":0,"gold_gain":0,"player_choice":"Paid Fearfully","damage_taken":0,"max_hp_gain":0,"max_hp_loss":0,"event_name":"Masked Bandits","floor":21,"gold_loss":128}],"is_beta":false,"boss_relics":[{"not_picked":["Runic Cube","White Beast Statue"],"picked":"Pandora\u0027s Box"}],"items_purged_floors":[12],"is_endless":false,"potions_floor_spawned":[1,2,13,16,24,27,29,31],"killed_by":"Collector","ascension_level":12}