{"gold_per_floor":[110,126,91,91,101,135,146,146,146,156,156,166,118,151,151,225,225,240,240,240,260,275,275],"floor_reached":23,"playtime":494,"items_purged":[],"score":345,"play_id":"f0684c38-99de-4cef-ab2a-e1d3ab0012f0","local_time":"20181019163622","is_ascension_mode":true,"campfire_choices":[{"data":"Immolate","floor":8,"key":"SMITH"},{"data":"Uppercut","floor":15,"key":"SMITH"}],"neow_cost":"NONE","seed_source_timestamp":772794200962704,"circlet_count":0,"master_deck":["Strike_R","Strike_R","Strike_R+1","Strike_R","Defend_R","Defend_R","Defend_R","Defend_R","Bash","AscendersBane","Immolate+1","Headbutt+1","Whirlwind","Dropkick","Shrug It Off","Thunderclap","Uppercut+1","Pommel Strike","Flex","Limit Break","Wild Strike+1","Perfected Strike+1","Flex"],"relics":["Burning Blood","Letter Opener","Kunai","Potion Belt","Eternal Feather"],"potions_floor_usage":[6,14,18,23],"damage_taken":[{"damage":18,"enemies":"Jaw Worm","floor":1,"turns":4},{"damage":4,"enemies":"2 Louse","floor":2,"turns":2},{"damage":6,"enemies":"Cultist","floor":5,"turns":3},{"damage":25,"enemies":"3 Sentries","floor":6,"turns":3},{"damage":0,"enemies":"3 Louse","floor":7,"turns":1},{"damage":0,"enemies":"Exordium Thugs","floor":10,"turns":2},{"damage":3,"enemies":"Looter","floor":12,"turns":2},{"damage":20,"enemies":"Gremlin Nob","floor":14,"turns":4},{"damage":20,"enemies":"Slime Boss","floor":16,"turns":6},{"damage":6,"enemies":"Chosen","floor":18,"turns":4},{"damage":11,"enemies":"Spheric Guardian","floor":21,"turns":3},{"damage":28,"enemies":"Snecko","floor":22,"turns":5},{"damage":53,"enemies":"Gremlin Leader","floor":23,"turns":4}],"seed_played":"-1572757854971534920","potions_obtained":[{"floor":2,"key":"AttackPotion"},{"floor":7,"key":"Strength Potion"},{"floor":12,"key":"BloodPotion"},{"floor":14,"key":"Strength Potion"}],"is_trial":false,"path_per_floor":["M","M","?","?","M","E","M","R","T","M","?","M","$","E","R","B",null,"M","?","?","M","M"],"character_chosen":"IRONCLAD","items_purchased":["AttackPotion"],"campfire_rested":0,"item_purchase_floors":[13],"current_hp_per_floor":[56,58,75,60,60,41,47,47,47,53,75,75,75,61,61,47,68,68,68,68,63,41,0],"gold":275,"neow_bonus":"TRANSFORM_CARD","is_prod":false,"is_daily":false,"chose_seed":false,"campfire_upgraded":2,"win_rate":0,"timestamp":1539992182,"path_taken":["M","M","?","?","M","E","M","R","T","M","?","M","$","E","R","BOSS","M","?","?","?","?","E"],"build_version":"2018-10-18","purchased_purges":0,"victory":false,"max_hp_per_floor":[75,75,75,75,75,75,75,75,75,75,75,75,75,75,75,75,75,75,75,75,75,75,75],"card_choices":[{"not_picked":["Anger","True Grit"],"picked":"Headbutt","floor":1},{"not_picked":["Burning Pact","Sword Boomerang"],"picked":"Whirlwind","floor":2},{"not_picked":["Cleave","Sword Boomerang"],"picked":"Dropkick","floor":5},{"not_picked":["Exhume","Ghostly Armor"],"picked":"Shrug It Off","floor":6},{"not_picked":["Cleave","Clothesline"],"picked":"Thunderclap","floor":7},{"not_picked":["Ghostly Armor","Headbutt"],"picked":"Uppercut","floor":10},{"not_picked":["Havoc","Iron Wave"],"picked":"Pommel Strike","floor":12},{"not_picked":["Rampage","Ghostly Armor"],"picked":"Flex","floor":14},{"not_picked":["Double Tap","Dark Embrace"],"picked":"Limit Break","floor":16},{"not_picked":["Cleave","Sword Boomerang"],"picked":"Wild Strike+1","floor":18},{"not_picked":["Blood for Blood","Thunderclap"],"picked":"Perfected Strike+1","floor":21},{"not_picked":["Rupture","Shrug It Off"],"picked":"Flex","floor":22}],"player_experience":560798,"relics_obtained":[{"floor":6,"key":"Letter Opener"},{"floor":9,"key":"Kunai"},{"floor":14,"key":"Potion Belt"}],"event_choices":[{"damage_healed":18,"gold_gain":0,"player_choice":"Healed","damage_taken":0,"max_hp_gain":0,"max_hp_loss":0,"event_name":"The Cleric","floor":3,"gold_loss":35},{"damage_healed":0,"gold_gain":0,"player_choice":"Entered Light","damage_taken":15,"max_hp_gain":0,"max_hp_loss":0,"event_name":"Shining Light","floor":4,"gold_loss":0,"cards_upgraded":["Strike_R","Headbutt"]},{"damage_healed":25,"gold_gain":0,"player_choice":"Banana","damage_taken":0,"max_hp_gain":0,"max_hp_loss":0,"event_name":"Big Fish","floor":11,"gold_loss":0},{"damage_healed":0,"gold_gain":0,"player_choice":"Ignored","damage_taken":0,"max_hp_gain":0,"max_hp_loss":0,"event_name":"Ghosts","floor":19,"gold_loss":0},{"damage_healed":0,"gold_gain":0,"player_choice":"Ignored","damage_taken":0,"max_hp_gain":0,"max_hp_loss":0,"event_name":"Vampires","floor":20,"gold_loss":0}],"is_beta":false,"boss_relics":[{"not_picked":["Ectoplasm","Empty Cage"],"picked":"Eternal Feather"}],"items_purged_floors":[],"is_endless":false,"potions_floor_spawned":[2,7,12,14],"killed_by":"Gremlin Leader","ascension_level":14}