{"gold_per_floor":[109,109,60,60,76,76,104,132,144,46,64,64,64,82,82,187,187,202,202,221,185,100,131,131,166,193,193,228,22,22,53,53,53],"floor_reached":33,"playtime":671,"items_purged":[],"score":389,"play_id":"2c7fcb42-5311-45f6-a059-e7b044bf78ff","local_time":"20181017002022","is_ascension_mode":true,"campfire_choices":[{"data":"Tempest","floor":6,"key":"SMITH"},{"floor":13,"key":"REST"},{"floor":15,"key":"REST"},{"floor":24,"key":"REST"},{"data":"Fission","floor":27,"key":"SMITH"},{"floor":30,"key":"REST"},{"floor":32,"key":"REST"}],"neow_cost":"NONE","seed_source_timestamp":541251783927164,"circlet_count":0,"master_deck":["Strike_B+1","Strike_B+1","Strike_B+1","Strike_B+1","Defend_B+1","Defend_B+1","Defend_B+1","Defend_B+1","Zap","Dualcast","Tempest+1","Redo+1","Beam Cell","Compile Driver","Sunder+1","Beam Cell","FTL","Rip and Tear","Conserve Battery","Defragment","Core Surge","Chaos","White Noise","Rip and Tear","Melter","Fission+1","Pain","Defragment","Beam Cell","Hologram+1"],"relics":["Cracked Core","MawBank","Pear","Cursed Key","Vajra","Regal Pillow","Dodecahedron","Blood Vial","Red Mask","Bronze Scales","Matryoshka"],"potions_floor_usage":[11,16,23,23,31],"damage_taken":[{"damage":12,"enemies":"Jaw Worm","floor":1,"turns":2},{"damage":6,"enemies":"2 Louse","floor":5,"turns":2},{"damage":38,"enemies":"Gremlin Nob","floor":7,"turns":4},{"damage":5,"enemies":"Small Slimes","floor":8,"turns":2},{"damage":8,"enemies":"Blue Slaver","floor":11,"turns":1},{"damage":1,"enemies":"Exordium Thugs","floor":14,"turns":3},{"damage":53,"enemies":"The Guardian","floor":16,"turns":8},{"damage":14,"enemies":"3 Byrds","floor":18,"turns":3},{"damage":0,"enemies":"Spheric Guardian","floor":20,"turns":3},{"damage":24,"enemies":"Gremlin Leader","floor":23,"turns":4},{"damage":30,"enemies":"Book of Stabbing","floor":25,"turns":4},{"damage":21,"enemies":"Masked Bandits","floor":28,"turns":3},{"damage":25,"enemies":"Slavers","floor":31,"turns":3},{"damage":108,"enemies":"Collector","floor":33,"turns":7}],"seed_played":"-2979844350879638154","potions_obtained":[{"floor":5,"key":"Ancient Potion"},{"floor":7,"key":"LiquidBronze"},{"floor":11,"key":"EssenceOfSteel"},{"floor":18,"key":"Regen Potion"},{"floor":20,"key":"FearPotion"},{"floor":28,"key":"AttackPotion"}],"is_trial":false,"path_per_floor":["M","?","$","?","M","R","E","M","T","$","M","?","R","M","R","B",null,"M","?","M","$","?","E","R","E","T","R","?","$","R","E","R"],"character_chosen":"DEFECT","items_purchased":["Beam Cell","FTL","Rip and Tear","Rip and Tear","Bronze Scales","Beam Cell"],"campfire_rested":5,"item_purchase_floors":[3,10,10,21,29,29],"current_hp_per_floor":[56,56,56,56,50,50,12,7,17,17,9,9,34,33,58,5,65,51,51,51,51,51,39,79,49,49,49,30,30,70,47,85,0],"gold":53,"neow_bonus":"THREE_CARDS","is_prod":false,"is_daily":false,"chose_seed":false,"campfire_upgraded":2,"win_rate":0,"timestamp":1539760822,"path_taken":["M","?","$","?","M","R","E","M","T","$","M","?","R","?","R","BOSS","M","?","M","$","?","E","R","E","T","R","?","?","R","E","R","BOSS"],"build_version":"2018-10-11","purchased_purges":0,"victory":false,"max_hp_per_floor":[75,75,75,75,75,75,75,75,85,85,85,85,85,85,85,85,85,85,85,85,85,85,85,85,85,85,85,85,85,85,85,85,85],"card_choices":[{"not_picked":["Barrage","Conserve Battery"],"picked":"Tempest","floor":0},{"not_picked":["Sweeping Beam","Hello World"],"picked":"Redo","floor":1},{"not_picked":["Cold Snap","Heatsinks"],"picked":"Compile Driver","floor":5},{"not_picked":["Compile Driver","Melter"],"picked":"Sunder","floor":7},{"not_picked":["Go for the Eyes","Reinforced Body"],"picked":"Beam Cell","floor":8},{"not_picked":["Coolheaded","Rebound"],"picked":"Conserve Battery","floor":11},{"not_picked":["Consume","Cold Snap"],"picked":"Defragment","floor":14},{"not_picked":["Amplify","Creative AI"],"picked":"Core Surge","floor":16},{"not_picked":["Barrage","Sweeping Beam"],"picked":"Chaos","floor":18},{"not_picked":["Leap","Coolheaded"],"picked":"White Noise","floor":20},{"not_picked":["Coolheaded","Turbo"],"picked":"Melter","floor":23},{"not_picked":["BootSequence","Darkness"],"picked":"Fission","floor":25},{"not_picked":["Gash","Double Energy"],"picked":"Defragment","floor":28},{"not_picked":["Beam Cell","Meteor Strike"],"picked":"Hologram+1","floor":31}],"player_experience":534822,"relics_obtained":[{"floor":7,"key":"MawBank"},{"floor":9,"key":"Pear"},{"floor":23,"key":"Regal Pillow"},{"floor":25,"key":"Dodecahedron"},{"floor":26,"key":"Blood Vial"},{"floor":28,"key":"Red Mask"},{"floor":31,"key":"Matryoshka"}],"event_choices":[{"event_name":"Golden Wing","player_choice":"Ignored","floor":2,"damage_taken":0},{"event_name":"Accursed Blacksmith","player_choice":"Forge","floor":4,"damage_taken":0},{"event_name":"Living Wall","player_choice":"Grow","floor":12,"damage_taken":0},{"event_name":"Back to Basics","player_choice":"Simplicity","floor":19,"damage_taken":0},{"event_name":"Addict","player_choice":"Obtained Relic","floor":22,"damage_taken":0},{"event_name":"Masked Bandits","player_choice":"Fought Bandits","floor":28,"damage_taken":0}],"is_beta":false,"boss_relics":[{"not_picked":["Busted Crown","Orrery"],"picked":"Cursed Key"}],"items_purged_floors":[],"is_endless":false,"potions_floor_spawned":[5,7,11,18,20,28],"killed_by":"Collector","ascension_level":6}