{"gold_per_floor":[115,127,141,153,173,203,203,216,239,249,249,280,280,290,290,290],"floor_reached":16,"playtime":539,"items_purged":[],"score":232,"play_id":"81e83657-00dd-4dab-a185-e690bd92cd0a","local_time":"20190403123229","is_ascension_mode":true,"campfire_choices":[{"data":"Sunder","floor":7.0,"key":"SMITH"},{"floor":11.0,"key":"REST"},{"floor":13.0,"key":"REST"},{"data":"Beam Cell","floor":15.0,"key":"SMITH"}],"neow_cost":"NONE","seed_source_timestamp":930908025160721,"circlet_count":0,"master_deck":["AscendersBane","Strike_B","Strike_B","Strike_B+1","Strike_B","Defend_B","Defend_B","Defend_B","Defend_B","Zap","Dualcast","Leap","Sunder+1","Chill","Compile Driver+1","Meteor Strike","Biased Cognition","Steam","Loop","Beam Cell+1","Go for the Eyes"],"special_seed":0,"relics":["Cracked Core","NeowsBlessing","Pen Nib","Whetstone","Ancient Tea Set"],"potions_floor_usage":[16],"damage_taken":[{"damage":0.0,"enemies":"Cultist","floor":1.0,"turns":1.0},{"damage":0.0,"enemies":"Jaw Worm","floor":2.0,"turns":1.0},{"damage":0.0,"enemies":"2 Louse","floor":3.0,"turns":1.0},{"damage":9.0,"enemies":"Red Slaver","floor":4.0,"turns":3.0},{"damage":14.0,"enemies":"3 Louse","floor":5.0,"turns":3.0},{"damage":26.0,"enemies":"Lagavulin","floor":6.0,"turns":8.0},{"damage":13.0,"enemies":"Looter","floor":8.0,"turns":4.0},{"damage":0.0,"enemies":"Exordium Wildlife","floor":10.0,"turns":4.0},{"damage":18.0,"enemies":"Gremlin Nob","floor":12.0,"turns":4.0},{"damage":0.0,"enemies":"Exordium Thugs","floor":14.0,"turns":2.0},{"damage":32,"enemies":"Slime Boss","floor":16,"turns":7}],"seed_played":"-2433679950589425667","potions_obtained":[{"floor":1.0,"key":"Weak Potion"},{"floor":3.0,"key":"Poison Potion"},{"floor":6.0,"key":"Dexterity Potion"},{"floor":10.0,"key":"Block Potion"}],"is_trial":false,"path_per_floor":["M","M","M","M","M","E","R","M","T","M","R","E","R","M","R","B"],"character_chosen":"DEFECT","items_purchased":[],"campfire_rested":2,"item_purchase_floors":[],"current_hp_per_floor":[64,64,64,55,41,15,15,2,2,2,23,5,26,26,26,0],"gold":290,"neow_bonus":"THREE_ENEMY_KILL","is_prod":false,"is_daily":false,"chose_seed":false,"campfire_upgraded":2,"win_rate":0,"timestamp":1554316349,"path_taken":["M","M","?","M","M","E","R","M","T","M","R","E","R","?","R","BOSS"],"build_version":"2019-03-15","purchased_purges":0,"victory":false,"max_hp_per_floor":[71,71,71,71,71,71,71,71,71,71,71,71,71,71,71,71],"card_choices":[{"not_picked":["Recycle","Steam"],"picked":"Leap","floor":1.0},{"not_picked":["Cold Snap","Go for the Eyes"],"picked":"Sunder","floor":2.0},{"not_picked":["Ball Lightning","Scrape"],"picked":"Chill","floor":3.0},{"not_picked":["Turbo","Rebound"],"picked":"Compile Driver","floor":4.0},{"not_picked":["Barrage","Turbo"],"picked":"Meteor Strike","floor":5.0},{"not_picked":["Conserve Battery","Hologram"],"picked":"Biased Cognition","floor":6.0},{"not_picked":["Rebound","Consume"],"picked":"Steam","floor":8.0},{"not_picked":["Turbo","Gash"],"picked":"Loop","floor":10.0},{"not_picked":["Stack","Skim"],"picked":"Beam Cell","floor":12.0},{"not_picked":["Amplify","Blizzard"],"picked":"Go for the Eyes","floor":14.0}],"player_experience":2728222,"relics_obtained":[{"floor":6.0,"key":"Pen Nib"},{"floor":9.0,"key":"Whetstone"},{"floor":12.0,"key":"Ancient Tea Set"}],"event_choices":[],"is_beta":true,"boss_relics":[],"items_purged_floors":[],"is_endless":false,"potions_floor_spawned":[1,3,6,10],"killed_by":"Slime Boss","ascension_level":20}