{"gold_per_floor":[119,131,131,147,20,30,30,64,90,90,123,165,210,234,246,337,349,371,383,414,526,118,118,78,106,133,164,164,178,100,100,100,174,174,190,204,221,232,243,271,271,271,271,303,303,317,348,359,359,359],"floor_reached":51,"playtime":5313,"items_purged":["Pain"],"score":1584,"play_id":"8afa06d2-581f-4293-8bb7-38001cfb61d4","local_time":"20190408163709","is_ascension_mode":true,"campfire_choices":[{"data":"Zap","floor":7,"key":"SMITH"},{"data":"Coolheaded","floor":10,"key":"SMITH"},{"data":"Defend_B","floor":15,"key":"SMITH"},{"data":"Seek","floor":23,"key":"SMITH"},{"data":"Stack","floor":28,"key":"SMITH"},{"data":"Dualcast","floor":32,"key":"SMITH"},{"data":"Loop","floor":41,"key":"SMITH"},{"data":"Recycle","floor":49,"key":"SMITH"}],"neow_cost":"NONE","seed_source_timestamp":375639114375310,"circlet_count":0,"master_deck":["AscendersBane","Zap+1","Dualcast+1","Doom and Gloom","Coolheaded+1","Gash","Gash","Gash","Chill","Gash","Seek+1","Loop+1","Leap","Cold Snap","Undo","Stack+1","Double Energy","Recycle+1","Core Surge","Static Discharge","Consume+1","Electrodynamics","Steam+1","Rebound","Coolheaded+1","Echo Form","Multi-Cast+1","Violence+1","Secret Technique+1","Conserve Battery+1"],"relics":["Coffee Dripper","WarpedTongs","Smiling Mask","Pen Nib","MawBank","Tiny Chest","Thread and Needle","Emotion Chip","Toxic Egg 2","MealTicket","DataDisk","Bag of Preparation","PreservedInsect","Anchor","Nloth\u0027s Gift","Philosopher\u0027s Stone","Torii","Blue Candle","Molten Egg 2","Blood Vial","Bottled Flame"],"potions_floor_usage":[8,8,8,11,13,16,21,25,25,33,44,46,48,48],"damage_taken":[{"damage":4,"enemies":"Jaw Worm","floor":1,"turns":4},{"damage":0,"enemies":"Cultist","floor":2,"turns":3},{"damage":0,"enemies":"2 Louse","floor":4,"turns":1},{"damage":4,"enemies":"Looter","floor":6,"turns":4},{"damage":0,"enemies":"3 Sentries","floor":8,"turns":5},{"damage":18,"enemies":"Gremlin Nob","floor":11,"turns":3},{"damage":4,"enemies":"3 Sentries","floor":13,"turns":6},{"damage":0,"enemies":"Red Slaver","floor":14,"turns":4},{"damage":1,"enemies":"The Guardian","floor":16,"turns":6},{"damage":0,"enemies":"Chosen","floor":18,"turns":5},{"damage":0,"enemies":"Spheric Guardian","floor":20,"turns":4},{"damage":8,"enemies":"Colosseum Slavers","floor":21,"turns":4},{"damage":15,"enemies":"Colosseum Nobs","floor":21,"turns":4},{"damage":25,"enemies":"Slavers","floor":25,"turns":2},{"damage":0,"enemies":"Gremlin Leader","floor":27,"turns":5},{"damage":0,"enemies":"Snake Plant","floor":29,"turns":2},{"damage":0,"enemies":"Champ","floor":33,"turns":8},{"damage":0,"enemies":"Orb Walker","floor":35,"turns":3},{"damage":0,"enemies":"3 Shapes","floor":36,"turns":4},{"damage":8,"enemies":"Sphere and 2 Shapes","floor":37,"turns":4},{"damage":0,"enemies":"Spire Growth","floor":38,"turns":5},{"damage":0,"enemies":"Jaw Worm Horde","floor":39,"turns":3},{"damage":0,"enemies":"Giant Head","floor":40,"turns":7},{"damage":0,"enemies":"Nemesis","floor":44,"turns":3},{"damage":0,"enemies":"Maw","floor":46,"turns":5},{"damage":0,"enemies":"Giant Head","floor":47,"turns":3},{"damage":3,"enemies":"Writhing Mass","floor":48,"turns":4},{"damage":34,"enemies":"Awakened One","floor":50,"turns":7}],"seed_played":"4520299878809101380","potions_obtained":[{"floor":4,"key":"EntropicBrew"},{"floor":8,"key":"Regen Potion"},{"floor":14,"key":"FocusPotion"},{"floor":20,"key":"FocusPotion"},{"floor":24,"key":"FocusPotion"},{"floor":24,"key":"LiquidBronze"},{"floor":25,"key":"Energy Potion"},{"floor":29,"key":"EssenceOfSteel"},{"floor":36,"key":"SpeedPotion"},{"floor":38,"key":"Block Potion"},{"floor":47,"key":"EntropicBrew"}],"is_trial":false,"path_per_floor":["M","M","?","M","$","M","R","E","T","R","E","?","E","M","R","B",null,"M","?","M","?","$","R","?","E","T","E","R","M","$","?","R","B",null,"M","M","M","M","M","E","R","T","T","E","?","M","E","M","R","B",null],"character_chosen":"DEFECT","items_purchased":["Fire Potion","MealTicket","Electrodynamics","DataDisk","FocusPotion"],"campfire_rested":0,"item_purchase_floors":[5,22,22,22,30],"current_hp_per_floor":[64,64,64,64,64,60,60,60,60,60,42,39,50,50,50,49,69,69,69,69,46,46,46,46,21,21,21,21,21,36,36,36,36,65,65,65,57,57,57,57,57,57,57,57,52,54,56,55,55,23],"gold":359,"neow_bonus":"BOSS_RELIC","is_prod":false,"is_daily":false,"chose_seed":false,"campfire_upgraded":8,"win_rate":0,"timestamp":1554737829,"path_taken":["M","M","?","M","$","?","R","E","T","R","E","?","E","M","R","BOSS","M","?","M","?","$","R","?","E","T","E","R","?","$","?","R","BOSS","M","?","M","M","M","E","R","?","T","E","?","M","E","M","R","BOSS"],"build_version":"2019-01-23","purchased_purges":1,"victory":true,"max_hp_per_floor":[75,75,75,75,75,75,75,75,75,75,75,75,75,75,75,75,75,75,75,75,75,75,75,75,75,75,75,75,75,75,75,75,75,75,75,75,75,75,75,75,75,75,75,75,75,75,75,75,75,75],"card_choices":[{"not_picked":["Rebound","Skim"],"picked":"Doom and Gloom","floor":1},{"not_picked":["Doom and Gloom","Turbo"],"picked":"Coolheaded","floor":2},{"not_picked":["Barrage","Heatsinks"],"picked":"Gash","floor":4},{"not_picked":["Steam Power","Conserve Battery"],"picked":"Gash","floor":6},{"not_picked":["Sweeping Beam","Glacier"],"picked":"Gash","floor":8},{"not_picked":["All For One","Consume"],"picked":"Chill","floor":11},{"not_picked":["Tempest","Chill","Sweeping Beam"],"picked":"SKIP","floor":13},{"not_picked":["Barrage","Stack"],"picked":"Gash","floor":14},{"not_picked":["Reboot","Multi-Cast"],"picked":"Seek","floor":16},{"not_picked":["Compile Driver","Stack","Melter"],"picked":"SKIP","floor":18},{"not_picked":["Recycle+1","Stack"],"picked":"Static Discharge","floor":20},{"not_picked":["Sweeping Beam","Go for the Eyes"],"picked":"Consume","floor":21},{"not_picked":["Storm+1","Redo+1"],"picked":"Steam+1","floor":25},{"not_picked":["Blizzard","Leap+1"],"picked":"Rebound","floor":27},{"not_picked":["Hologram+1","Leap+1"],"picked":"Coolheaded+1","floor":29},{"not_picked":["Rainbow+1","Creative AI"],"picked":"Echo Form","floor":33},{"not_picked":["Coolheaded+1","Hologram+1","Turbo+1"],"picked":"SKIP","floor":35},{"not_picked":["Hello World","Lockon+1","Streamline"],"picked":"SKIP","floor":36},{"not_picked":["Sweeping Beam","Redo+1","Compile Driver+1"],"picked":"SKIP","floor":37},{"not_picked":["Doom and Gloom","Redo+1"],"picked":"Multi-Cast+1","floor":38},{"not_picked":["Sweeping Beam","Coolheaded+1","Gash"],"picked":"SKIP","floor":39},{"not_picked":["Amplify+1","Beam Cell+1","Leap+1"],"picked":"SKIP","floor":40},{"not_picked":["Fusion+1","Barrage+1","Coolheaded+1"],"picked":"SKIP","floor":44},{"not_picked":["Trip+1","Sadistic Nature"],"picked":"Violence+1","floor":45},{"not_picked":["Dramatic Entrance+1","Blind+1"],"picked":"Secret Technique+1","floor":45},{"not_picked":["Ball Lightning+1","Beam Cell+1","Multi-Cast+1"],"picked":"SKIP","floor":46},{"not_picked":["Ball Lightning+1","Reinforced Body+1","Gash+1"],"picked":"SKIP","floor":47},{"not_picked":["Chill+1","Gash+1"],"picked":"Conserve Battery+1","floor":48}],"player_experience":944799,"relics_obtained":[{"floor":8,"key":"Smiling Mask"},{"floor":9,"key":"Pen Nib"},{"floor":11,"key":"MawBank"},{"floor":13,"key":"Thread and Needle"},{"floor":21,"key":"Emotion Chip"},{"floor":21,"key":"Toxic Egg 2"},{"floor":25,"key":"Bag of Preparation"},{"floor":26,"key":"PreservedInsect"},{"floor":27,"key":"Anchor"},{"floor":40,"key":"Torii"},{"floor":42,"key":"Blue Candle"},{"floor":43,"key":"Molten Egg 2"},{"floor":44,"key":"Blood Vial"},{"floor":47,"key":"Bottled Flame"}],"event_choices":[{"damage_healed":0,"gold_gain":0,"player_choice":"Rummage","damage_taken":0,"relics_obtained":["WarpedTongs"],"max_hp_gain":0,"max_hp_loss":0,"event_name":"Accursed Blacksmith","floor":3,"gold_loss":0,"cards_obtained":["Pain"]},{"damage_healed":0,"gold_gain":0,"player_choice":"Success","damage_taken":3,"relics_obtained":["Tiny Chest"],"max_hp_gain":0,"max_hp_loss":0,"event_name":"Scrap Ooze","floor":12,"gold_loss":0},{"damage_healed":0,"gold_gain":0,"player_choice":"Ignored","damage_taken":0,"max_hp_gain":0,"max_hp_loss":0,"event_name":"Vampires","floor":19,"gold_loss":0},{"damage_healed":0,"gold_gain":0,"player_choice":"Fight","damage_taken":0,"max_hp_gain":0,"max_hp_loss":0,"event_name":"Colosseum","floor":21,"gold_loss":0},{"damage_healed":0,"gold_gain":0,"player_choice":"Fought Nobs","damage_taken":0,"max_hp_gain":0,"max_hp_loss":0,"event_name":"Colosseum","floor":21,"gold_loss":0},{"damage_healed":0,"gold_gain":0,"player_choice":"Bought 3 Potions","damage_taken":0,"max_hp_gain":0,"max_hp_loss":0,"event_name":"The Woman in Blue","floor":24,"gold_loss":0},{"damage_healed":0,"gold_gain":0,"player_choice":"Traded Relic","damage_taken":0,"relics_obtained":["Nloth\u0027s Gift"],"max_hp_gain":0,"max_hp_loss":0,"event_name":"N\u0027loth","floor":31,"relics_lost":["Pandora\u0027s Box"],"gold_loss":0},{"damage_healed":0,"gold_gain":0,"player_choice":"Memory 2","damage_taken":5,"max_hp_gain":0,"max_hp_loss":0,"event_name":"SensoryStone","floor":45,"gold_loss":0}],"is_beta":false,"boss_relics":[{"not_picked":["Nuclear Battery","Busted Crown"],"picked":"Pandora\u0027s Box"},{"not_picked":["Empty Cage","Lizard Tail"],"picked":"Philosopher\u0027s Stone"}],"items_purged_floors":[5],"is_endless":false,"potions_floor_spawned":[4,6,8,14,20,21,25,29,36,38,39,47],"ascension_level":13}