{"gold_per_floor":[112,62,62,237,237,268,268,279,302,333,333,349,375,385,385,482,482,492,492,505,515,533,533,533,565,565,9,19,38,57,70,70,70],"floor_reached":33,"playtime":961,"items_purged":[],"score":293,"play_id":"f4a34ac6-bb2f-4a7e-b27d-39fb14f41632","local_time":"20181014023723","is_ascension_mode":true,"campfire_choices":[{"floor":7,"key":"REST"},{"data":"Creative AI","floor":11,"key":"SMITH"},{"floor":15,"key":"REST"},{"floor":23,"key":"REST"},{"floor":32,"key":"REST"}],"neow_cost":"NONE","seed_source_timestamp":289986331196723,"circlet_count":0,"master_deck":["Strike_B","Strike_B","Strike_B","Defend_B","Defend_B","Defend_B","Zap+1","Compile Driver","Doubt","Storm+1","BootSequence","Creative AI+1","Go for the Eyes","Redo","Electrodynamics","Redo","Stack+1","Force Field+1","Defragment+1","Amplify","Barrage+1","Transmutation","Ball Lightning+1","Leap+1"],"relics":["Cracked Core","Anchor","Kunai","Oddly Smooth Stone","Ginger","Potion Belt","Eternal Feather","Bag of Preparation","Singing Bowl","Vajra","Blood Vial"],"potions_floor_usage":[10,12,16,16,21,22,28,33],"damage_taken":[{"damage":0,"enemies":"Small Slimes","floor":1,"turns":2},{"damage":48,"enemies":"3 Sentries","floor":6,"turns":8},{"damage":0,"enemies":"2 Louse","floor":8,"turns":2},{"damage":20,"enemies":"Gremlin Nob","floor":10,"turns":4},{"damage":0,"enemies":"Cultist","floor":12,"turns":3},{"damage":2,"enemies":"Large Slime","floor":14,"turns":5},{"damage":32,"enemies":"Slime Boss","floor":16,"turns":8},{"damage":0,"enemies":"Chosen","floor":18,"turns":4},{"damage":0,"enemies":"3 Byrds","floor":20,"turns":2},{"damage":35,"enemies":"Cultist and Chosen","floor":21,"turns":4},{"damage":11,"enemies":"Centurion and Healer","floor":22,"turns":6},{"damage":22,"enemies":"Book of Stabbing","floor":25,"turns":5},{"damage":11,"enemies":"Snecko","floor":28,"turns":5},{"damage":0,"enemies":"Chosen and Byrds","floor":29,"turns":5},{"damage":24,"enemies":"Centurion and Healer","floor":30,"turns":3},{"damage":7,"enemies":"3 Cultists","floor":31,"turns":3},{"damage":60,"enemies":"Collector","floor":33,"turns":7}],"seed_played":"1490097532141055627","potions_obtained":[{"floor":6,"key":"Weak Potion"},{"floor":8,"key":"Fire Potion"},{"floor":10,"key":"AttackPotion"},{"floor":16,"key":"Fruit Juice"},{"floor":18,"key":"Swift Potion"},{"floor":20,"key":"Swift Potion"},{"floor":31,"key":"Explosive Potion"}],"is_trial":false,"path_per_floor":["M","?","?","?","?","E","R","M","T","E","R","M","T","M","R","B",null,"M","?","M","M","M","R","?","E","T","$","M","M","M","M","R"],"character_chosen":"DEFECT","items_purchased":["Vajra","Transmutation","Blood Vial","SpeedPotion"],"campfire_rested":4,"item_purchase_floors":[27,27,27,27],"current_hp_per_floor":[75,75,68,68,68,20,42,42,42,22,22,22,22,20,42,15,80,80,80,80,45,34,70,70,48,48,48,41,43,23,18,55,0],"gold":70,"neow_bonus":"RANDOM_COMMON_RELIC","is_prod":false,"is_daily":false,"chose_seed":false,"campfire_upgraded":1,"win_rate":0,"timestamp":1539509843,"path_taken":["M","?","?","?","?","E","R","M","T","E","R","M","?","M","R","BOSS","M","?","?","M","M","R","?","E","T","$","M","M","M","M","R","BOSS"],"build_version":"2018-10-11","purchased_purges":0,"victory":false,"max_hp_per_floor":[75,75,75,75,75,75,75,75,75,75,75,75,75,75,75,80,80,80,80,80,80,80,80,80,80,80,80,82,82,84,84,84,84],"card_choices":[{"not_picked":["Hello World","Consume"],"picked":"Compile Driver","floor":1},{"not_picked":["Redo","Gash"],"picked":"Storm","floor":6},{"not_picked":["Steam","Skim"],"picked":"BootSequence","floor":8},{"not_picked":["Leap","Gash"],"picked":"Creative AI","floor":10},{"not_picked":["Stack","Steam"],"picked":"Go for the Eyes","floor":12},{"not_picked":["Steam","Cold Snap"],"picked":"Redo","floor":14},{"not_picked":["Echo Form","Meteor Strike"],"picked":"Electrodynamics","floor":16},{"not_picked":["Steam+1","Blizzard+1"],"picked":"Redo","floor":18},{"not_picked":["Static Discharge","Barrage"],"picked":"Stack+1","floor":20},{"not_picked":["Turbo+1","Reboot"],"picked":"Force Field+1","floor":21},{"not_picked":["Hologram","Streamline"],"picked":"Defragment+1","floor":22},{"not_picked":["Gash","Sunder"],"picked":"Barrage+1","floor":25},{"not_picked":["Coolheaded","Barrage","Gash"],"picked":"Singing Bowl","floor":28},{"not_picked":["Self Repair","Recycle+1"],"picked":"Ball Lightning+1","floor":29},{"not_picked":["Consume","Compile Driver","Rebound"],"picked":"Singing Bowl","floor":30},{"not_picked":["Hologram","Hyperbeam"],"picked":"Leap+1","floor":31}],"player_experience":487237,"relics_obtained":[{"floor":6,"key":"Kunai"},{"floor":9,"key":"Oddly Smooth Stone"},{"floor":10,"key":"Ginger"},{"floor":13,"key":"Potion Belt"},{"floor":25,"key":"Bag of Preparation"},{"floor":26,"key":"Singing Bowl"}],"event_choices":[{"event_name":"The Cleric","player_choice":"Card Removal","floor":2,"damage_taken":0},{"event_name":"Golden Wing","player_choice":"Card Removal","floor":3,"damage_taken":0},{"event_name":"Liars Game","player_choice":"agreed","floor":4,"damage_taken":0},{"event_name":"Living Wall","player_choice":"Grow","floor":5,"damage_taken":0},{"event_name":"Upgrade Shrine","player_choice":"Upgraded","floor":19,"damage_taken":0},{"event_name":"Transmorgrifier","player_choice":"Transform","floor":24,"damage_taken":0}],"is_beta":false,"boss_relics":[{"not_picked":["Orrery","Runic Dome"],"picked":"Eternal Feather"}],"items_purged_floors":[],"is_endless":false,"potions_floor_spawned":[6,8,10,16,18,20,31],"killed_by":"Collector","ascension_level":1}