{"gold_per_floor":[359,359,12,27,27,27,56,56,56,56,66,79,105,117,117,221,221,232,232,247,264,283,311,324,324,404,438,438,48,77,97,97,195,195,205,217,18,0,16,46,66,95,95,95,115,115,150,0,0,0],"floor_reached":51,"playtime":7077,"items_purged":["Strike_G","Strike_G","Strike_G","Strike_G"],"score":1220,"play_id":"291d0067-d224-4039-a297-50c8d536cb5a","local_time":"20190312164312","is_ascension_mode":true,"campfire_choices":[{"data":"Neutralize","floor":6.0,"key":"SMITH"},{"data":"Infinite Blades","floor":8.0,"key":"SMITH"},{"data":"Terror","floor":10.0,"key":"SMITH"},{"data":"Sucker Punch","floor":15.0,"key":"SMITH"},{"data":"Backflip","floor":25.0,"key":"SMITH"},{"floor":28.0,"key":"REST"},{"data":"Cloak And Dagger","floor":32,"key":"SMITH"},{"data":"Leg Sweep","floor":44,"key":"SMITH"},{"floor":49,"key":"REST"}],"neow_cost":"PERCENT_DAMAGE","seed_source_timestamp":0,"circlet_count":0,"master_deck":["Defend_G+1","Defend_G","Defend_G","Defend_G","Defend_G+1","Strike_G+1","Survivor","Neutralize+1","Terror+1","Infinite Blades+1","Cloak And Dagger+1","Backflip+1","Sucker Punch+1","Endless Agony","Wraith Form v2+1","Heel Hook","Well Laid Plans+1","Poisoned Stab+1","Footwork+1","Footwork+1","Predator+1","Infinite Blades+1","Dodge and Roll+1","Corpse Explosion+1","Dodge and Roll","Accuracy+1","Leg Sweep+1","Bane+1","Dagger Throw"],"special_seed":0,"relics":["Ring of the Snake","Lee\u0027s Waffle","Frozen Egg 2","Mercury Hourglass","Paper Crane","Cursed Key","Omamori","Mummified Hand","Pear","Matryoshka","Bottled Lightning","Black Star","Red Mask","Vajra","Meat on the Bone","Potion Belt","Bottled Tornado","Oddly Smooth Stone","Kunai","Prayer Wheel","War Paint"],"potions_floor_usage":[33,40,50,50],"damage_taken":[{"damage":3.0,"enemies":"Jaw Worm","floor":1.0,"turns":5.0},{"damage":1.0,"enemies":"Small Slimes","floor":4.0,"turns":4.0},{"damage":11.0,"enemies":"Lagavulin","floor":7.0,"turns":8.0},{"damage":2.0,"enemies":"2 Louse","floor":11.0,"turns":2.0},{"damage":0.0,"enemies":"Blue Slaver","floor":12.0,"turns":3.0},{"damage":11.0,"enemies":"3 Sentries","floor":13.0,"turns":7.0},{"damage":0.0,"enemies":"Red Slaver","floor":14.0,"turns":3.0},{"damage":12.0,"enemies":"Slime Boss","floor":16.0,"turns":11.0},{"damage":2.0,"enemies":"Chosen","floor":18.0,"turns":4.0},{"damage":0.0,"enemies":"3 Byrds","floor":20.0,"turns":5.0},{"damage":2.0,"enemies":"Cultist and Chosen","floor":21.0,"turns":6.0},{"damage":1.0,"enemies":"Centurion and Healer","floor":22.0,"turns":7.0},{"damage":0.0,"enemies":"Book of Stabbing","floor":23.0,"turns":6.0},{"damage":3.0,"enemies":"Snake Plant","floor":24.0,"turns":5.0},{"damage":23.0,"enemies":"Slavers","floor":27.0,"turns":5.0},{"damage":5.0,"enemies":"Gremlin Leader","floor":30.0,"turns":5.0},{"damage":4,"enemies":"Sentry and Sphere","floor":31,"turns":6},{"damage":8,"enemies":"Automaton","floor":33,"turns":10},{"damage":0,"enemies":"3 Darklings","floor":35,"turns":2},{"damage":2,"enemies":"3 Shapes","floor":36,"turns":3},{"damage":13,"enemies":"Transient","floor":39,"turns":5},{"damage":2,"enemies":"Reptomancer","floor":40,"turns":6},{"damage":0,"enemies":"Writhing Mass","floor":41,"turns":6},{"damage":7,"enemies":"Giant Head","floor":42,"turns":7},{"damage":18,"enemies":"Sphere and 2 Shapes","floor":45,"turns":4},{"damage":3,"enemies":"Reptomancer","floor":47,"turns":7},{"damage":18,"enemies":"Donu and Deca","floor":50,"turns":5}],"seed_played":"-6760586899448731168","potions_obtained":[{"floor":1.0,"key":"PowerPotion"},{"floor":7.0,"key":"Weak Potion"},{"floor":11.0,"key":"Poison Potion"},{"floor":18.0,"key":"FearPotion"},{"floor":22.0,"key":"Poison Potion"},{"floor":24.0,"key":"Explosive Potion"},{"floor":27.0,"key":"Poison Potion"},{"floor":31,"key":"Regen Potion"},{"floor":35,"key":"Strength Potion"},{"floor":39,"key":"Regen Potion"},{"floor":45,"key":"SteroidPotion"}],"is_trial":false,"path_per_floor":["M","?","$","M","$","R","E","R","T","R","M","M","E","M","R","B",null,"M","?","M","M","M","E","M","R","T","E","R","$","E","M","R","B",null,"M","M","$","?","M","E","M","E","T","R","M","?","E","$","R","B",null],"character_chosen":"THE_SILENT","items_purchased":["Lee\u0027s Waffle","Infinite Blades","Infinite Blades+1","Matryoshka","Accuracy+1"],"campfire_rested":2,"item_purchase_floors":[3,3,29,29,37],"current_hp_per_floor":[42,28,77,76,76,76,65,65,65,65,63,63,52,52,52,40,68,66,52,52,50,49,49,46,46,46,33,60,60,55,51,51,58,84,84,82,82,82,69,82,82,75,75,75,57,57,54,54,81,63],"gold":0,"neow_bonus":"TWO_FIFTY_GOLD","is_prod":false,"is_daily":false,"chose_seed":false,"campfire_upgraded":7,"win_rate":0,"timestamp":1552408992,"path_taken":["M","?","$","M","$","R","E","R","T","R","M","M","E","M","R","BOSS","M","?","M","M","M","E","M","R","T","E","R","$","E","M","R","BOSS","M","M","$","?","M","E","M","E","T","R","M","?","E","$","R","BOSS"],"build_version":"2019-01-23","purchased_purges":4,"victory":true,"max_hp_per_floor":[70,70,77,77,77,77,77,77,77,77,77,77,77,77,77,77,77,77,82,82,82,82,82,82,82,82,92,92,92,92,92,92,92,92,92,92,92,92,92,92,92,92,92,92,92,92,92,92,92,92],"card_choices":[{"not_picked":["Reflex","Bane"],"picked":"Terror","floor":1.0},{"not_picked":["Bouncing Flask","PiercingWail","Deflect"],"picked":"SKIP","floor":4.0},{"not_picked":["Distraction","Underhanded Strike","Slice"],"picked":"SKIP","floor":7.0},{"not_picked":["Slice","Setup"],"picked":"Cloak And Dagger","floor":11.0},{"not_picked":["Blade Dance","Acrobatics"],"picked":"Backflip","floor":12.0},{"not_picked":["Underhanded Strike","Predator"],"picked":"Sucker Punch","floor":13.0},{"not_picked":["Outmaneuver","Underhanded Strike"],"picked":"Endless Agony","floor":14.0},{"not_picked":["Burst","Die Die Die"],"picked":"Wraith Form v2+1","floor":16.0},{"not_picked":["Deadly Poison","Bouncing Flask+1"],"picked":"Heel Hook","floor":18.0},{"not_picked":["Finisher","Outmaneuver"],"picked":"Well Laid Plans+1","floor":20.0},{"not_picked":["Tactician+1","Sucker Punch+1"],"picked":"Poisoned Stab+1","floor":21.0},{"not_picked":["Blade Dance+1","Backflip+1"],"picked":"Footwork+1","floor":22.0},{"not_picked":["Slice+1","Blade Dance+1"],"picked":"Footwork+1","floor":23.0},{"not_picked":["Night Terror","Poisoned Stab"],"picked":"Predator+1","floor":24.0},{"not_picked":["Riddle With Holes","Acrobatics","Slice"],"picked":"SKIP","floor":27.0},{"not_picked":["Flying Knee","All Out Attack+1","Deflect"],"picked":"SKIP","floor":30},{"not_picked":["Expertise+1","Outmaneuver"],"picked":"Dodge and Roll+1","floor":31},{"not_picked":["Bullet Time","Doppelganger"],"picked":"Corpse Explosion","floor":33},{"not_picked":["Outmaneuver+1","Bane+1"],"picked":"Dodge and Roll","floor":35},{"not_picked":["Quick Slash+1","Poisoned Stab","Outmaneuver+1"],"picked":"SKIP","floor":36},{"not_picked":["Dagger Spray","Underhanded Strike"],"picked":"Leg Sweep","floor":39},{"not_picked":["Underhanded Strike","Deflect+1"],"picked":"Bane+1","floor":40},{"not_picked":["Acrobatics","Die Die Die","Reflex"],"picked":"SKIP","floor":41},{"not_picked":["Flying Knee","Heel Hook"],"picked":"Dagger Throw","floor":42},{"not_picked":["Poisoned Stab","Deflect+1","Eviscerate+1"],"picked":"SKIP","floor":45},{"not_picked":["Poisoned Stab","Dodge and Roll","Masterful Stab+1"],"picked":"SKIP","floor":47}],"player_experience":557439,"relics_obtained":[{"floor":7.0,"key":"Frozen Egg 2"},{"floor":9.0,"key":"Mercury Hourglass"},{"floor":13.0,"key":"Paper Crane"},{"floor":23.0,"key":"Omamori"},{"floor":26.0,"key":"Mummified Hand"},{"floor":27.0,"key":"Pear"},{"floor":30,"key":"Bottled Lightning"},{"floor":40,"key":"Vajra"},{"floor":40,"key":"Meat on the Bone"},{"floor":42,"key":"Potion Belt"},{"floor":42,"key":"Bottled Tornado"},{"floor":43,"key":"Oddly Smooth Stone"},{"floor":43,"key":"Kunai"},{"floor":47,"key":"Prayer Wheel"},{"floor":47,"key":"War Paint"}],"event_choices":[{"damage_healed":0.0,"max_hp_gain":0.0,"max_hp_loss":0.0,"gold_gain":0.0,"event_name":"Shining Light","player_choice":"Entered Light","floor":2.0,"gold_loss":0.0,"damage_taken":14.0,"cards_upgraded":["Defend_G","Strike_G"]},{"damage_healed":0.0,"max_hp_gain":5.0,"max_hp_loss":0.0,"gold_gain":0.0,"event_name":"Forgotten Altar","player_choice":"Shed Blood","floor":19.0,"gold_loss":0.0,"damage_taken":19.0},{"damage_healed":0,"gold_gain":0,"player_choice":"Paid","damage_taken":0,"relics_obtained":["Red Mask"],"max_hp_gain":0,"max_hp_loss":0,"event_name":"Tomb of Lord Red Mask","floor":38,"gold_loss":18},{"damage_healed":0,"gold_gain":0,"player_choice":"Ignored","damage_taken":0,"max_hp_gain":0,"max_hp_loss":0,"event_name":"SecretPortal","floor":46,"gold_loss":0}],"is_beta":false,"boss_relics":[{"not_picked":["Fusion Hammer","Calling Bell"],"picked":"Cursed Key"},{"not_picked":["Coffee Dripper","Pandora\u0027s Box"],"picked":"Black Star"}],"items_purged_floors":[3,29,37,48],"is_endless":false,"potions_floor_spawned":[1,7,11,18,22,24,27,31,35,39,45],"ascension_level":9}