{"path_per_floor":["M","?","?","M","M","R","E","$","T","E","R","E","M","M","R","B",null,"M","?","$","M","?","R","M","E","T","M","?","R","?","T","R","B",null,"M","$","M","?","?","E","T","M","T","R","E","$","E","M","R","B"],"character_chosen":"THE_SILENT","items_purchased":["Apotheosis","Block Potion","Regal Pillow","Slice","Happy Flower","Block Potion","Strength Potion"],"gold_per_floor":[110,185,185,199,209,209,244,11,37,71,71,104,121,134,134,231,231,241,241,17,37,37,37,57,83,110,121,46,46,46,46,46,145,175,189,164,180,180,180,206,233,253,253,253,287,39,66,83,83,83],"floor_reached":51,"campfire_rested":2,"playtime":2255,"current_hp_per_floor":[69,58,58,58,53,53,30,30,30,23,23,11,11,5,26,5,70,63,47,47,47,47,46,46,38,38,33,33,33,43,43,43,43,48,48,48,43,43,43,41,41,30,30,30,29,29,27,23,54,16],"items_purged":["Regret"],"gold":83,"score":787,"play_id":"d9ec81e2-97cd-4a57-9b44-5132a2d4ceb4","is_prod":false,"is_daily":false,"is_ascension_mode":true,"campfire_upgraded":4,"path_taken":["M","?","?","?","M","R","E","$","T","E","R","E","M","M","R","BOSS","M","?","$","M","?","R","M","E","T","?","?","R","?","?","R","BOSS","M","$","M","?","?","E","?","?","T","R","E","$","E","M","R","BOSS"],"build_version":"2018-02-15-PROD1","purchased_purges":1,"victory":true,"master_deck":["Defend_G","Defend_G+1","Defend_G+1","Survivor+1","Neutralize","Venomology+1","Neutralize","Skewer","Noxious Fumes","Slice","Cloak And Dagger","Apotheosis+1","After Image+1","Slice","Quick Slash","Doppelganger","Clumsy","Deflect","Prepared","Bite","Bite","Bite","Bite","Bite","Dash+1","Deflect","Venomology+1","Quick Slash","Slice+1","Slice","Cloak And Dagger+1","Necronomicurse","Tools of the Trade","Dagger Spray+1","Terror","Caltrops+1","Deflect+1"],"max_hp_per_floor":[70,70,70,70,70,70,70,70,70,70,70,70,70,70,70,70,70,70,70,70,70,49,46,46,46,46,46,46,43,43,43,43,43,48,48,48,48,48,48,48,48,48,48,48,55,55,55,55,55,55],"relics":["Ring of the Snake","Centennial Puzzle","Pen Nib","Lantern","Bag of Preparation","Calling Bell","War Paint","Dodecahedron","Peace Pipe","Necronomicon","Regal Pillow","Kunai","Oddly Smooth Stone","Orichalcum","Tiny House","Mummified Hand","Art of War","Singing Bowl","Strawberry","Happy Flower","Vajra"],"card_choices":[{"not_picked":["Accuracy","Acrobatics"],"picked":"Venomology"},{"not_picked":["Deflect","Dagger Spray"],"picked":"Noxious Fumes"},{"not_picked":["Dodge and Roll","Deadly Poison"],"picked":"Slice"},{"not_picked":["Bane","Outmaneuver"],"picked":"Cloak And Dagger"},{"not_picked":["Slice","Cloak And Dagger"],"picked":"After Image"},{"not_picked":["Poisoned Stab","Quick Slash"],"picked":"Slice"},{"not_picked":["Predator","Acrobatics"],"picked":"Bouncing Flask"},{"not_picked":["Acrobatics","Eviscerate"],"picked":"Quick Slash"},{"not_picked":["Unload","Grand Finale"],"picked":"Doppelganger"},{"not_picked":["Dash","Dagger Spray"],"picked":"Deflect"},{"not_picked":["Calculated Gamble","Flechettes"],"picked":"Prepared"},{"not_picked":["Backflip","Prepared"],"picked":"Dash"},{"not_picked":["Sucker Punch","Expertise"],"picked":"Deflect"},{"not_picked":["Night Terror","Bullet Time"],"picked":"Venomology"},{"not_picked":["Backflip","Expertise"],"picked":"Quick Slash"},{"not_picked":["Quick Slash","Dagger Throw"],"picked":"Slice"},{"not_picked":["Underhanded Strike","Finisher"],"picked":"Cloak And Dagger"},{"not_picked":["Malaise","Terror"],"picked":"Tools of the Trade"},{"not_picked":["PiercingWail","Flying Knee"],"picked":"Dagger Spray"},{"not_picked":["Deadly Poison","Finisher"],"picked":"Terror"},{"not_picked":["Quick Slash","Skewer"],"picked":"Caltrops"},{"not_picked":["Slice","Cloak And Dagger"],"picked":"Deflect"}],"player_experience":182009,"potions_floor_usage":[7,7,10,10,13,13,14,16,16,16,25,27,27,33,33,33,35,37,40,40,42,42,42,45,45,45,45,47,47,47,48,48,50,50,50,50,50],"damage_taken":[{"damage":1,"enemies":"Small Slimes","floor":1,"turns":4},{"damage":0,"enemies":"2 Louse","floor":4,"turns":2},{"damage":5,"enemies":"Jaw Worm","floor":5,"turns":3},{"damage":23,"enemies":"Lagavulin","floor":7,"turns":6},{"damage":19,"enemies":"Gremlin Nob","floor":10,"turns":4},{"damage":12,"enemies":"Lagavulin","floor":12,"turns":6},{"damage":0,"enemies":"Exordium Thugs","floor":13,"turns":3},{"damage":6,"enemies":"Large Slime","floor":14,"turns":5},{"damage":21,"enemies":"The Guardian","floor":16,"turns":9},{"damage":7,"enemies":"Shell Parasite","floor":18,"turns":4},{"damage":0,"enemies":"Spheric Guardian","floor":21,"turns":2},{"damage":14,"enemies":"Centurion and Healer","floor":24,"turns":5},{"damage":11,"enemies":"Book of Stabbing","floor":25,"turns":3},{"damage":17,"enemies":"Slaver and Parasite","floor":27,"turns":4},{"damage":5,"enemies":"Automaton","floor":33,"turns":8},{"damage":0,"enemies":"3 Darklings","floor":35,"turns":6},{"damage":5,"enemies":"3 Shapes","floor":37,"turns":4},{"damage":8,"enemies":"2 Orb Walkers","floor":40,"turns":6},{"damage":21,"enemies":"3 Darklings","floor":42,"turns":5},{"damage":32,"enemies":"Giant Head","floor":45,"turns":11},{"damage":9,"enemies":"2 Orb Walkers","floor":47,"turns":5},{"damage":7,"enemies":"Sphere and 2 Shapes","floor":48,"turns":6},{"damage":79,"enemies":"Donu and Deca","floor":50,"turns":11}],"event_choices":[{"event_name":"World of Goop","player_choice":"Gather Gold","floor":2,"damage_taken":0},{"event_name":"Match and Keep!","player_choice":"3 cards matched","floor":3,"damage_taken":0},{"event_name":"Cursed Tome","player_choice":"Obtained Book","floor":19,"damage_taken":0},{"event_name":"Vampires","player_choice":"Became a vampire","floor":22,"damage_taken":0},{"event_name":"Beggar","player_choice":"Gave Gold","floor":28,"damage_taken":0},{"event_name":"Bonfire Elementals","player_choice":"UNCOMMON","floor":30,"damage_taken":0},{"event_name":"Purifier","player_choice":"One Purge","floor":38,"damage_taken":0},{"event_name":"Wheel of Change","player_choice":"Card Removal","floor":39,"damage_taken":0}],"boss_relics":[{"not_picked":["White Beast Statue","Pandora\u0027s Box"],"picked":"Calling Bell"},{"not_picked":["Orrery","Question Card"],"picked":"Tiny House"}],"potions_floor_spawned":[1,5,12,24,37,42,47],"seed_played":"-2417733079164818510","ascension_level":4,"is_trial":false}