{"gold_per_floor":[119,133,133,88,101,101,129,129,152,162,177,177,177,193,193,272,272,289,289,300,314,414,414,54,81,129,129],"floor_reached":27,"playtime":1712,"items_purged":[],"score":431,"play_id":"8b1802f2-0ee9-403a-a4c7-5f14d1084794","local_time":"20190318075755","is_ascension_mode":true,"campfire_choices":[{"data":"True Grit","floor":6,"key":"SMITH"},{"floor":8,"key":"REST"},{"floor":15,"key":"REST"},{"floor":23,"key":"REST"}],"neow_cost":"NONE","seed_source_timestamp":1183569196277155,"circlet_count":0,"master_deck":["AscendersBane","Strike_R","Strike_R","Strike_R","Strike_R+1","Defend_R+1","Defend_R+1","Defend_R","Defend_R","Bash","Headbutt","True Grit+1","Shrug It Off","Rampage","Shrug It Off+1","Clothesline","Immolate","Cleave","Rampage","Pommel Strike","Metallicize","Infernal Blade+1"],"relics":["Burning Blood","Blood Vial","Bag of Marbles","Happy Flower","Fusion Hammer","Unceasing Top","Kunai","Molten Egg 2","War Paint","Vajra"],"potions_floor_usage":[11,11,22,22,27],"damage_taken":[{"damage":11,"enemies":"2 Louse","floor":1,"turns":3},{"damage":3,"enemies":"Small Slimes","floor":2,"turns":3},{"damage":11,"enemies":"Jaw Worm","floor":5,"turns":5},{"damage":40,"enemies":"Gremlin Nob","floor":7,"turns":5},{"damage":6,"enemies":"2 Fungi Beasts","floor":10,"turns":5},{"damage":0,"enemies":"Gremlin Gang","floor":11,"turns":3},{"damage":0,"enemies":"3 Louse","floor":14,"turns":3},{"damage":38,"enemies":"The Guardian","floor":16,"turns":11},{"damage":17,"enemies":"Shell Parasite","floor":18,"turns":6},{"damage":9,"enemies":"Chosen","floor":20,"turns":4},{"damage":24,"enemies":"Snake Plant","floor":21,"turns":3},{"damage":25,"enemies":"Colosseum Slavers","floor":22,"turns":6},{"damage":9,"enemies":"Colosseum Nobs","floor":22,"turns":4},{"damage":59,"enemies":"Book of Stabbing","floor":25,"turns":8},{"damage":17,"enemies":"Gremlin Leader","floor":27,"turns":4}],"seed_played":"-2496022444341202261","potions_obtained":[{"floor":1,"key":"Energy Potion"},{"floor":2,"key":"SteroidPotion"},{"floor":18,"key":"PowerPotion"},{"floor":21,"key":"Regen Potion"},{"floor":25,"key":"EssenceOfSteel"}],"is_trial":false,"path_per_floor":["M","M","?","?","M","R","E","R","T","M","M","?","?","M","R","B",null,"M","?","M","M","?","R","$","E","T","E"],"character_chosen":"IRONCLAD","items_purchased":["Molten Egg 2","Metallicize"],"campfire_rested":3,"item_purchase_floors":[24,24],"current_hp_per_floor":[65,70,63,63,60,60,28,50,50,52,60,65,41,49,73,43,71,62,62,61,45,41,65,65,14,14,0],"gold":129,"neow_bonus":"RANDOM_COMMON_RELIC","is_prod":false,"is_daily":false,"chose_seed":false,"campfire_upgraded":1,"win_rate":0,"timestamp":1552910275,"path_taken":["M","M","?","?","M","R","E","R","T","M","M","?","?","?","R","BOSS","M","?","M","?","?","R","$","E","T","E"],"build_version":"2019-01-23","purchased_purges":0,"victory":false,"max_hp_per_floor":[75,75,75,75,75,75,75,75,75,75,75,80,80,80,80,80,80,80,80,80,80,80,80,80,80,80,80],"card_choices":[{"not_picked":["Corruption","Burning Pact"],"picked":"Headbutt","floor":1},{"not_picked":["Headbutt","Dropkick","Body Slam"],"picked":"SKIP","floor":2},{"not_picked":["Corruption","Iron Wave"],"picked":"True Grit","floor":5},{"not_picked":["Dropkick","Warcry"],"picked":"Shrug It Off","floor":7},{"not_picked":["Infernal Blade","Anger"],"picked":"Rampage","floor":10},{"not_picked":["Evolve","Reckless Charge"],"picked":"Shrug It Off","floor":11},{"not_picked":["Perfected Strike","Combust"],"picked":"Clothesline","floor":14},{"not_picked":["Bludgeon","Brutality"],"picked":"Immolate","floor":16},{"not_picked":["True Grit","Body Slam"],"picked":"Cleave","floor":18},{"not_picked":["Flex","Warcry","Iron Wave"],"picked":"SKIP","floor":20},{"not_picked":["Warcry","Evolve","Anger"],"picked":"SKIP","floor":21},{"not_picked":["Burning Pact","Anger"],"picked":"Pommel Strike","floor":22},{"not_picked":["Evolve","Warcry"],"picked":"Infernal Blade+1","floor":25}],"player_experience":324848,"relics_obtained":[{"floor":7,"key":"Bag of Marbles"},{"floor":9,"key":"Happy Flower"},{"floor":22,"key":"Unceasing Top"},{"floor":22,"key":"Kunai"},{"floor":25,"key":"War Paint"},{"floor":26,"key":"Vajra"}],"event_choices":[{"cards_removed":["Strike_R"],"damage_healed":0,"gold_gain":0,"player_choice":"Card Removal","damage_taken":7,"max_hp_gain":0,"max_hp_loss":0,"event_name":"Golden Wing","floor":3,"gold_loss":0},{"damage_healed":0,"gold_gain":0,"player_choice":"Left Gold","damage_taken":0,"max_hp_gain":0,"max_hp_loss":0,"event_name":"World of Goop","floor":4,"gold_loss":45},{"damage_healed":0,"gold_gain":0,"player_choice":"Donut","damage_taken":0,"max_hp_gain":5,"max_hp_loss":0,"event_name":"Big Fish","floor":12,"gold_loss":0},{"damage_healed":0,"gold_gain":0,"player_choice":"Entered Light","damage_taken":24,"max_hp_gain":0,"max_hp_loss":0,"event_name":"Shining Light","floor":13,"gold_loss":0,"cards_upgraded":["Strike_R","Defend_R"]},{"damage_healed":0,"gold_gain":0,"player_choice":"Copied","damage_taken":0,"max_hp_gain":0,"max_hp_loss":0,"event_name":"Duplicator","floor":19,"gold_loss":0,"cards_obtained":["Rampage"]},{"damage_healed":0,"gold_gain":0,"player_choice":"Fight","damage_taken":0,"max_hp_gain":0,"max_hp_loss":0,"event_name":"Colosseum","floor":22,"gold_loss":0},{"damage_healed":0,"gold_gain":0,"player_choice":"Fought Nobs","damage_taken":0,"max_hp_gain":0,"max_hp_loss":0,"event_name":"Colosseum","floor":22,"gold_loss":0}],"is_beta":false,"boss_relics":[{"not_picked":["Empty Cage","Pandora\u0027s Box"],"picked":"Fusion Hammer"}],"items_purged_floors":[],"is_endless":false,"potions_floor_spawned":[1,2,5,10,18,21,22,25],"killed_by":"Gremlin Leader","ascension_level":17}