{"gold_per_floor":[109,122,137,157,88,88,116,131,131,157,171,171,203,221,221,319,319,334,609,625,6,21,21,55,78,90,102,125,169,201,213,225,334,346,369,381,57,77,0,0,34,34,61,72,72,72,106,124,124,124],"floor_reached":51,"playtime":15310,"items_purged":["Strike_B","Strike_B"],"score":934,"play_id":"c6710e58-8f58-464d-b13f-46cacf93cd5d","local_time":"20190321161454","is_ascension_mode":true,"campfire_choices":[{"data":"Self Repair","floor":6.0,"key":"SMITH"},{"data":"Go for the Eyes","floor":12.0,"key":"SMITH"},{"data":"Defragment","floor":15,"key":"SMITH"},{"data":"Seek","floor":23,"key":"SMITH"},{"data":"Loop","floor":27,"key":"SMITH"},{"data":"Static Discharge","floor":32,"key":"SMITH"},{"data":"Dualcast","floor":40,"key":"SMITH"},{"data":"Redo","floor":42,"key":"SMITH"},{"data":"Zap","floor":46,"key":"SMITH"},{"data":"Heatsinks","floor":49,"key":"SMITH"}],"neow_cost":"NONE","seed_source_timestamp":0,"circlet_count":0,"master_deck":["Strike_B","Defend_B","Defend_B+1","Defend_B","Zap+1","Dualcast+1","Sweeping Beam","Conserve Battery+1","Rebound","Redo+1","Rebound","Self Repair+1","Go for the Eyes+1","Gash","Storm","Seek+1","Streamline","Defragment+1","Amplify+1","Reprogram+1","Regret","Chaos+1","Cold Snap","Machine Learning+1","Loop+1","Storm","Static Discharge+1","Capacitor+1","Cold Snap","Conserve Battery+1","Electrodynamics","Force Field+1","Coolheaded+1","Machine Learning","BootSequence+1","Master of Strategy+1","Coolheaded+1","Madness+1","Madness+1","Hologram+1","Parasite","Heatsinks+1"],"special_seed":0,"relics":["Cracked Core","The Courier","Mummified Hand","Dodecahedron","Toxic Egg 2","Eternal Feather","Torii","MawBank","Cables","Question Card","Nuclear Battery","Anchor","Red Mask","Thread and Needle","War Paint","Pear"],"potions_floor_usage":[18,20,29,30,35,48],"damage_taken":[{"damage":1.0,"enemies":"Cultist","floor":1.0,"turns":3.0},{"damage":1.0,"enemies":"2 Louse","floor":2.0,"turns":2.0},{"damage":7.0,"enemies":"Jaw Worm","floor":3.0,"turns":3.0},{"damage":2.0,"enemies":"Red Slaver","floor":4.0,"turns":4.0},{"damage":28.0,"enemies":"Lagavulin","floor":7.0,"turns":6.0},{"damage":12.0,"enemies":"Blue Slaver","floor":8.0,"turns":4.0},{"damage":16.0,"enemies":"3 Sentries","floor":10.0,"turns":5.0},{"damage":1.0,"enemies":"3 Louse","floor":11.0,"turns":3.0},{"damage":8.0,"enemies":"Lagavulin","floor":13.0,"turns":6.0},{"damage":14.0,"enemies":"Large Slime","floor":14.0,"turns":4.0},{"damage":6,"enemies":"The Guardian","floor":16,"turns":8},{"damage":23,"enemies":"Spheric Guardian","floor":18,"turns":4},{"damage":27,"enemies":"Shell Parasite","floor":20,"turns":5},{"damage":8,"enemies":"Cultist and Chosen","floor":22,"turns":4},{"damage":11,"enemies":"Book of Stabbing","floor":24,"turns":3},{"damage":3,"enemies":"Snecko","floor":25,"turns":4},{"damage":11,"enemies":"Centurion and Healer","floor":28,"turns":3},{"damage":21,"enemies":"Gremlin Leader","floor":29,"turns":6},{"damage":1,"enemies":"Cultist and Chosen","floor":30,"turns":3},{"damage":1,"enemies":"Automaton","floor":33,"turns":5},{"damage":14,"enemies":"3 Darklings","floor":35,"turns":4},{"damage":0,"enemies":"3 Shapes","floor":38,"turns":4},{"damage":23,"enemies":"Nemesis","floor":41,"turns":5},{"damage":2,"enemies":"Spire Growth","floor":44,"turns":4},{"damage":10,"enemies":"Reptomancer","floor":47,"turns":5},{"damage":7,"enemies":"Writhing Mass","floor":48,"turns":6},{"damage":21,"enemies":"Time Eater","floor":50,"turns":7}],"seed_played":"-2268981984754822126","potions_obtained":[{"floor":2.0,"key":"FearPotion"},{"floor":3.0,"key":"Poison Potion"},{"floor":8.0,"key":"LiquidBronze"},{"floor":10.0,"key":"LiquidBronze"},{"floor":16,"key":"SkillPotion"},{"floor":24,"key":"SneckoOil"},{"floor":28,"key":"GamblersBrew"},{"floor":29,"key":"Block Potion"},{"floor":35,"key":"Weak Potion"},{"floor":47,"key":"GamblersBrew"},{"floor":48,"key":"GamblersBrew"}],"is_trial":false,"path_per_floor":["M","M","M","M","$","R","E","M","T","E","M","R","E","M","R","B",null,"M","?","M","$","M","R","E","M","T","R","M","E","M","?","R","B",null,"M","?","$","M","?","R","E","R","T","M","?","R","E","M","R","B",null],"character_chosen":"DEFECT","items_purchased":["Self Repair","Cold Snap","Machine Learning","Torii","Loop","Storm","Static Discharge","Anchor","Master of Strategy+1"],"campfire_rested":0,"item_purchase_floors":[5,21,21,21,21,21,21,37,37],"current_hp_per_floor":[74,73,66,64,64,64,46,44,44,38,47,47,49,35,35,39,75,62,62,45,45,47,65,64,71,71,75,75,64,63,63,75,75,75,61,61,61,75,75,75,62,75,75,75,66,75,85,85,85,74],"gold":124,"neow_bonus":"TRANSFORM_CARD","is_prod":false,"is_daily":false,"chose_seed":false,"campfire_upgraded":10,"win_rate":0,"timestamp":1553184894,"path_taken":["M","?","M","M","$","R","E","M","T","E","M","R","E","M","R","BOSS","M","?","M","$","M","R","E","?","T","R","M","E","M","?","R","BOSS","M","?","$","M","?","R","E","R","T","M","?","R","E","M","R","BOSS"],"build_version":"2019-01-23","purchased_purges":2,"victory":true,"max_hp_per_floor":[75,75,75,75,75,75,75,75,75,75,75,75,75,75,75,75,75,75,75,75,75,75,75,75,75,75,75,75,75,75,75,75,75,75,75,75,75,75,75,75,75,75,75,75,75,75,85,85,85,85],"card_choices":[{"not_picked":["Sunder","Chaos"],"picked":"Conserve Battery","floor":1.0},{"not_picked":["Gash","Turbo"],"picked":"Rebound","floor":2.0},{"not_picked":["Sweeping Beam","Reinforced Body"],"picked":"Redo","floor":3.0},{"not_picked":["Turbo","Stack"],"picked":"Rebound","floor":4.0},{"not_picked":["Genetic Algorithm","Barrage"],"picked":"Go for the Eyes","floor":7.0},{"not_picked":["Reinforced Body","Rebound"],"picked":"Gash","floor":8.0},{"not_picked":["Sweeping Beam","Beam Cell"],"picked":"Storm","floor":10.0},{"not_picked":["Cold Snap","Skim"],"picked":"Seek","floor":11.0},{"not_picked":["Rebound","Sweeping Beam"],"picked":"Streamline","floor":13.0},{"not_picked":["Rebound","Conserve Battery+1"],"picked":"Defragment","floor":14},{"not_picked":["Meteor Strike","Buffer"],"picked":"Amplify+1","floor":16},{"not_picked":["Compile Driver","Gash"],"picked":"Reprogram+1","floor":18},{"not_picked":["Reinforced Body+1","Rip and Tear"],"picked":"Chaos+1","floor":20},{"not_picked":["Go for the Eyes+1","Barrage"],"picked":"Capacitor+1","floor":22},{"not_picked":["Scrape+1","Redo+1"],"picked":"Cold Snap","floor":24},{"not_picked":["Steam+1","Streamline"],"picked":"Conserve Battery+1","floor":25},{"not_picked":["Cold Snap+1","Sweeping Beam+1"],"picked":"Electrodynamics","floor":28},{"not_picked":["Go for the Eyes","Aggregate+1"],"picked":"Force Field+1","floor":29},{"not_picked":["Rip and Tear+1","Sweeping Beam","Rebound"],"picked":"Coolheaded+1","floor":30},{"not_picked":["Hyperbeam","All For One","Amplify+1"],"picked":"Machine Learning","floor":33},{"not_picked":["Compile Driver+1","Reprogram+1","Ball Lightning+1"],"picked":"BootSequence+1","floor":35},{"not_picked":["Sweeping Beam","Barrage","Go for the Eyes","Thunder Strike"],"picked":"SKIP","floor":38},{"not_picked":["BootSequence+1","Streamline","Ball Lightning","Conserve Battery+1"],"picked":"SKIP","floor":41},{"not_picked":["Stack+1","Turbo+1","Gash"],"picked":"Coolheaded+1","floor":44},{"not_picked":["Capacitor+1","Machine Learning","Redo+1"],"picked":"Hologram+1","floor":47},{"not_picked":["Genetic Algorithm+1","Beam Cell","Sweeping Beam"],"picked":"Heatsinks","floor":48}],"player_experience":689821,"relics_obtained":[{"floor":7.0,"key":"The Courier"},{"floor":9.0,"key":"Mummified Hand"},{"floor":10.0,"key":"Dodecahedron"},{"floor":13.0,"key":"Toxic Egg 2"},{"floor":24,"key":"MawBank"},{"floor":26,"key":"Cables"},{"floor":29,"key":"Question Card"},{"floor":41,"key":"Thread and Needle"},{"floor":43,"key":"War Paint"},{"floor":47,"key":"Pear"}],"event_choices":[{"damage_healed":0,"gold_gain":275,"player_choice":"Desecrate","damage_taken":0,"max_hp_gain":0,"max_hp_loss":0,"event_name":"Golden Shrine","floor":19,"gold_loss":0,"cards_obtained":["Regret"]},{"damage_healed":0,"gold_gain":0,"player_choice":"Upgraded","damage_taken":0,"max_hp_gain":0,"max_hp_loss":0,"event_name":"Upgrade Shrine","floor":31,"gold_loss":0,"cards_upgraded":["Machine Learning"]},{"cards_removed":["Defend_B"],"damage_healed":0,"gold_gain":0,"player_choice":"Removed Skill","damage_taken":0,"max_hp_gain":0,"max_hp_loss":0,"event_name":"Falling","floor":36,"gold_loss":0},{"damage_healed":0,"gold_gain":0,"player_choice":"Paid","damage_taken":0,"relics_obtained":["Red Mask"],"max_hp_gain":0,"max_hp_loss":0,"event_name":"Tomb of Lord Red Mask","floor":39,"gold_loss":77},{"damage_healed":0,"gold_gain":0,"player_choice":"Embrace Madness","damage_taken":9,"max_hp_gain":0,"max_hp_loss":0,"event_name":"Winding Halls","floor":45,"gold_loss":0,"cards_obtained":["Madness","Madness"]}],"is_beta":false,"boss_relics":[{"not_picked":["Snecko Eye","Tiny House"],"picked":"Eternal Feather"},{"not_picked":["Busted Crown","Calling Bell"],"picked":"Nuclear Battery"}],"items_purged_floors":[21,37],"is_endless":false,"potions_floor_spawned":[2,3,8,10,16,24,28,29,35,47,48],"ascension_level":3}