{"gold_per_floor":[116,41,58,58,72,72,108,108,154,169,205,205],"floor_reached":12,"playtime":438,"items_purged":[],"score":163,"play_id":"fba04bdd-1f2c-41f7-a48b-ced40a3ea8c2","local_time":"20190411060005","is_ascension_mode":true,"campfire_choices":[{"data":"Clothesline","floor":6.0,"key":"SMITH"}],"neow_cost":"NONE","seed_source_timestamp":0,"circlet_count":0,"master_deck":["AscendersBane","Strike_R","Strike_R","Strike_R","Strike_R","Defend_R","Defend_R","Defend_R","Defend_R","Bash+1","Clothesline+1","Headbutt","Injury","Carnage","Armaments"],"special_seed":0,"relics":["Burning Blood","Golden Idol","Centennial Puzzle","Juzu Bracelet","Ancient Tea Set"],"potions_floor_usage":[12],"damage_taken":[{"damage":2.0,"enemies":"2 Louse","floor":1.0,"turns":3.0},{"damage":4.0,"enemies":"Small Slimes","floor":3.0,"turns":4.0},{"damage":7.0,"enemies":"Jaw Worm","floor":5.0,"turns":4.0},{"damage":40.0,"enemies":"Gremlin Nob","floor":7.0,"turns":5.0},{"damage":9.0,"enemies":"Red Slaver","floor":10.0,"turns":3.0},{"damage":25.0,"enemies":"Lagavulin","floor":11.0,"turns":5.0},{"damage":39,"enemies":"Gremlin Gang","floor":12,"turns":3}],"seed_played":"-6940155572537795477","potions_obtained":[{"floor":1.0,"key":"SkillPotion"},{"floor":7.0,"key":"SkillPotion"},{"floor":10.0,"key":"Swift Potion"}],"is_trial":false,"path_per_floor":["M","?","M","?","M","R","E","?","T","M","E","M"],"character_chosen":"IRONCLAD","items_purchased":[],"campfire_rested":0,"item_purchase_floors":[],"current_hp_per_floor":[72,72,74,74,73,73,39,39,39,36,17,0],"gold":205,"neow_bonus":"UPGRADE_CARD","is_prod":false,"is_daily":false,"chose_seed":false,"campfire_upgraded":1,"win_rate":0,"timestamp":1554976805,"path_taken":["M","?","M","?","M","R","E","?","T","M","E","M"],"build_version":"2019-01-23","purchased_purges":0,"victory":false,"max_hp_per_floor":[75,75,75,75,75,75,75,75,75,75,75,75],"card_choices":[{"not_picked":["Warcry","Heavy Blade"],"picked":"Clothesline","floor":1.0},{"not_picked":["Flex","Shrug It Off"],"picked":"Headbutt","floor":3.0},{"not_picked":["Armaments","Anger"],"picked":"Carnage","floor":5.0},{"not_picked":["Sever Soul","Reckless Charge","Flex"],"picked":"SKIP","floor":7.0},{"not_picked":["Entrench","Rupture"],"picked":"Armaments","floor":10.0},{"not_picked":["Rupture","Sentinel","Rage"],"picked":"SKIP","floor":11.0}],"player_experience":348110,"relics_obtained":[{"floor":7.0,"key":"Centennial Puzzle"},{"floor":9.0,"key":"Juzu Bracelet"},{"floor":11.0,"key":"Ancient Tea Set"}],"event_choices":[{"cards_removed":["Strike_R"],"damage_healed":0.0,"max_hp_gain":0.0,"max_hp_loss":0.0,"gold_gain":0.0,"event_name":"The Cleric","player_choice":"Card Removal","floor":2.0,"gold_loss":75.0,"damage_taken":0.0},{"damage_healed":0.0,"max_hp_gain":0.0,"max_hp_loss":0.0,"gold_gain":0.0,"event_name":"Golden Idol","player_choice":"Take Wound","floor":4.0,"gold_loss":0.0,"damage_taken":0.0,"relics_obtained":["Golden Idol"],"cards_obtained":["Injury"]},{"damage_healed":0.0,"max_hp_gain":0.0,"max_hp_loss":0.0,"gold_gain":0.0,"event_name":"Shining Light","player_choice":"Ignored","floor":8.0,"gold_loss":0.0,"damage_taken":0.0}],"is_beta":false,"boss_relics":[],"items_purged_floors":[],"is_endless":false,"potions_floor_spawned":[1,7,10],"killed_by":"Gremlin Gang","ascension_level":17}