{"gold_per_floor":[118,129,129,129,148,177,177,209,209,11,11,11,25,37,37,141,141,156,156,66,76,89,118,118,131,181,196,196,215,241,259,259,360,360,380,399,399,70,70,70,96,96,171,171,171,171,189,189,189,189],"floor_reached":51,"playtime":3604,"items_purged":["Defend_R"],"score":1002,"play_id":"ce53807d-4877-49fb-a579-ca973cf5a0de","local_time":"20190305223246","is_ascension_mode":true,"campfire_choices":[{"floor":7,"key":"REST"},{"data":"Uppercut","floor":11,"key":"SMITH"},{"data":"Carnage","floor":15,"key":"SMITH"},{"data":"Disarm","floor":24,"key":"SMITH"},{"floor":28,"key":"REST"},{"data":"Rage","floor":32,"key":"SMITH"},{"floor":40,"key":"REST"},{"floor":42,"key":"REST"},{"data":"Madness","floor":46,"key":"SMITH"},{"floor":49,"key":"REST"}],"neow_cost":"NONE","seed_source_timestamp":114556536651201,"circlet_count":0,"master_deck":["Defend_R","Defend_R+1","Bash","Carnage+1","Rage+1","Uppercut+1","Metallicize+1","Reckless Charge+1","Pummel+1","Headbutt+1","Feed+1","Sword Boomerang+1","Feel No Pain+1","Flame Barrier","Disarm+1","Cleave+1","Fire Breathing+1","Disarm+1","Iron Wave+1","Inflame+1","Corruption+1","Demon Form+1","Shockwave+1","Evolve+1","Madness+1","Madness","Dual Wield+1","Pommel Strike+1","Demon Form+1"],"relics":["Burning Blood","NeowsBlessing","Frozen Egg 2","Molten Egg 2","Bag of Preparation","Darkstone Periapt","ClockworkSouvenir","Mark of Pain","Bronze Scales","Regal Pillow","Juzu Bracelet","Sozu","Vajra","Turnip","Letter Opener"],"potions_floor_usage":[16,33,44,50],"damage_taken":[{"damage":0,"enemies":"2 Louse","floor":1,"turns":1},{"damage":0,"enemies":"Jaw Worm","floor":2,"turns":1},{"damage":0,"enemies":"Cultist","floor":5,"turns":1},{"damage":38,"enemies":"Gremlin Nob","floor":6,"turns":5},{"damage":26,"enemies":"Lagavulin","floor":8,"turns":6},{"damage":6,"enemies":"3 Louse","floor":13,"turns":4},{"damage":0,"enemies":"2 Fungi Beasts","floor":14,"turns":2},{"damage":30,"enemies":"The Guardian","floor":16,"turns":8},{"damage":8,"enemies":"Chosen","floor":18,"turns":3},{"damage":0,"enemies":"3 Byrds","floor":21,"turns":5},{"damage":6,"enemies":"Centurion and Healer","floor":22,"turns":5},{"damage":46,"enemies":"Slavers","floor":23,"turns":6},{"damage":9,"enemies":"Shelled Parasite and Fungi","floor":25,"turns":4},{"damage":17,"enemies":"3 Cultists","floor":27,"turns":4},{"damage":0,"enemies":"Centurion and Healer","floor":29,"turns":5},{"damage":5,"enemies":"Book of Stabbing","floor":30,"turns":7},{"damage":1,"enemies":"Chosen and Byrds","floor":31,"turns":4},{"damage":58,"enemies":"Champ","floor":33,"turns":9},{"damage":37,"enemies":"3 Darklings","floor":35,"turns":4},{"damage":6,"enemies":"3 Shapes","floor":36,"turns":6},{"damage":31,"enemies":"Nemesis","floor":41,"turns":7},{"damage":10,"enemies":"Reptomancer","floor":44,"turns":2},{"damage":20,"enemies":"Maw","floor":47,"turns":7},{"damage":70,"enemies":"Awakened One","floor":50,"turns":7}],"seed_played":"7254616797048093138","potions_obtained":[{"floor":5,"key":"Energy Potion"},{"floor":8,"key":"Poison Potion"},{"floor":13,"key":"Swift Potion"},{"floor":16,"key":"Ancient Potion"},{"floor":21,"key":"LiquidBronze"},{"floor":23,"key":"SneckoOil"},{"floor":27,"key":"SmokeBomb"},{"floor":31,"key":"Strength Potion"}],"is_trial":false,"path_per_floor":["M","M","?","?","M","E","R","E","T","$","R","$","M","M","R","B",null,"M","?","?","M","M","E","R","M","T","M","R","M","E","M","R","B",null,"M","M","?","$","?","R","E","R","T","E","?","R","M","?","R","B",null],"character_chosen":"IRONCLAD","items_purchased":["ClockworkSouvenir","Evolve+1","Vajra","Sentinel"],"campfire_rested":5,"item_purchase_floors":[10,38,38,38],"current_hp_per_floor":[78,80,73,70,76,44,68,48,48,48,48,48,48,54,54,30,68,66,66,66,76,80,44,44,45,45,34,77,87,92,97,97,45,89,58,62,62,62,48,95,70,108,108,104,104,104,90,90,108,48],"gold":189,"neow_bonus":"THREE_ENEMY_KILL","is_prod":false,"is_daily":false,"chose_seed":false,"campfire_upgraded":5,"win_rate":0,"timestamp":1551843166,"path_taken":["M","M","?","?","M","E","R","E","T","$","R","?","?","M","R","BOSS","M","?","?","?","M","E","R","M","T","M","R","M","E","M","R","BOSS","M","M","?","$","?","R","E","R","T","E","?","R","M","?","R","BOSS"],"build_version":"2019-01-23","purchased_purges":1,"victory":true,"max_hp_per_floor":[80,80,80,80,80,80,80,80,80,80,80,80,80,80,80,80,80,80,80,80,84,88,92,92,96,96,96,96,100,104,104,104,104,104,104,108,108,108,108,108,108,108,108,108,108,108,108,108,108,112],"card_choices":[{"not_picked":["Thunderclap","Searing Blow"],"picked":"Carnage","floor":1},{"not_picked":["Evolve","Body Slam"],"picked":"Rage","floor":2},{"not_picked":["Anger","Body Slam"],"picked":"Uppercut","floor":5},{"not_picked":["Thunderclap","Inflame+1"],"picked":"Metallicize+1","floor":6},{"not_picked":["Clash+1","Flex"],"picked":"Reckless Charge+1","floor":8},{"not_picked":["Iron Wave+1","Battle Trance"],"picked":"Pummel+1","floor":13},{"not_picked":["Combust+1","Sentinel"],"picked":"Headbutt+1","floor":14},{"not_picked":["Dark Embrace+1","Bludgeon+1"],"picked":"Feed+1","floor":16},{"not_picked":["True Grit","Thunderclap+1"],"picked":"Sword Boomerang+1","floor":18},{"not_picked":["Clash+1","Blood for Blood+1"],"picked":"Disarm","floor":21},{"not_picked":["Sword Boomerang+1","Searing Blow+1"],"picked":"Cleave+1","floor":22},{"not_picked":["Wild Strike+1","Shockwave"],"picked":"Fire Breathing+1","floor":23},{"not_picked":["Combust+1","Thunderclap+1"],"picked":"Disarm+1","floor":25},{"not_picked":["Heavy Blade+1","Second Wind","Warcry+1"],"picked":"SKIP","floor":27},{"not_picked":["Clash+1","Rage+1"],"picked":"Iron Wave+1","floor":29},{"not_picked":["Cleave+1","Thunderclap+1"],"picked":"Inflame+1","floor":30},{"not_picked":["Power Through","True Grit"],"picked":"Corruption+1","floor":31},{"not_picked":["Immolate+1","Fiend Fire+1"],"picked":"Demon Form+1","floor":33},{"not_picked":["Clothesline+1","Wild Strike+1"],"picked":"Shockwave+1","floor":35},{"not_picked":["Havoc","Sever Soul+1","Thunderclap+1"],"picked":"SKIP","floor":36},{"not_picked":["Shockwave+1","Inflame+1"],"picked":"Dual Wield+1","floor":41},{"not_picked":["Perfected Strike+1","Flex+1"],"picked":"Pommel Strike+1","floor":47}],"player_experience":219296,"relics_obtained":[{"floor":6,"key":"Molten Egg 2"},{"floor":8,"key":"Bag of Preparation"},{"floor":9,"key":"Darkstone Periapt"},{"floor":23,"key":"Bronze Scales"},{"floor":26,"key":"Regal Pillow"},{"floor":30,"key":"Juzu Bracelet"},{"floor":41,"key":"Turnip"},{"floor":43,"key":"Letter Opener"}],"event_choices":[{"cards_removed":["Strike_R"],"damage_healed":0,"gold_gain":0,"player_choice":"Card Removal","damage_taken":7,"max_hp_gain":0,"max_hp_loss":0,"event_name":"Golden Wing","floor":3,"gold_loss":0},{"damage_healed":0,"gold_gain":0,"player_choice":"Success","damage_taken":3,"relics_obtained":["Frozen Egg 2"],"max_hp_gain":0,"max_hp_loss":0,"event_name":"Scrap Ooze","floor":4,"gold_loss":0},{"damage_healed":0,"gold_gain":0,"cards_transformed":["Strike_R","Strike_R"],"player_choice":"Became Test Subject","damage_taken":0,"max_hp_gain":0,"max_hp_loss":0,"event_name":"Drug Dealer","floor":19,"gold_loss":0,"cards_obtained":["Feel No Pain","Flame Barrier"]},{"cards_removed":["Strike_R"],"damage_healed":0,"gold_gain":0,"player_choice":"Upgrade and Remove","damage_taken":0,"max_hp_gain":0,"max_hp_loss":0,"event_name":"Designer","floor":20,"gold_loss":90,"cards_upgraded":["Defend_R"]},{"cards_removed":["Strike_R"],"damage_healed":0,"gold_gain":0,"player_choice":"Offered Basic","damage_taken":0,"max_hp_gain":0,"max_hp_loss":0,"event_name":"Bonfire Elementals","floor":37,"gold_loss":0},{"damage_healed":0,"gold_gain":0,"player_choice":"Embrace Madness","damage_taken":14,"max_hp_gain":0,"max_hp_loss":0,"event_name":"Winding Halls","floor":39,"gold_loss":0,"cards_obtained":["Madness","Madness"]},{"cards_removed":["Sentinel"],"damage_healed":0,"gold_gain":0,"player_choice":"Removed Skill","damage_taken":0,"max_hp_gain":0,"max_hp_loss":0,"event_name":"Falling","floor":45,"gold_loss":0},{"damage_healed":0,"gold_gain":0,"cards_transformed":["Defend_R"],"player_choice":"Transformed","damage_taken":0,"max_hp_gain":0,"max_hp_loss":0,"event_name":"Transmorgrifier","floor":48,"gold_loss":0,"cards_obtained":["Demon Form"]}],"is_beta":false,"boss_relics":[{"not_picked":["Runic Cube","Black Star"],"picked":"Mark of Pain"},{"not_picked":["Black Blood","Tiny House"],"picked":"Sozu"}],"items_purged_floors":[38],"is_endless":false,"potions_floor_spawned":[5,8,13,16,21,22,23,27,30,31,35,36,47],"ascension_level":7}