{"path_per_floor":["M","?","M","M","M","R","E","M","T","R","E","M","$","?","R"],"character_chosen":"THE_SILENT","items_purchased":["Orichalcum"],"gold_per_floor":[113,113,125,144,161,161,195,213,236,236,262,281,54,54,54],"floor_reached":16,"campfire_rested":0,"playtime":1316,"current_hp_per_floor":[69,69,69,65,53,53,37,37,37,37,32,32,32,32,32],"items_purged":["Strike_G"],"gold":54,"score":134,"play_id":"30b9b7a0-88ab-4354-8ff9-04682e8344cd","is_prod":false,"is_daily":false,"is_ascension_mode":true,"campfire_upgraded":3,"path_taken":["M","?","M","?","M","R","E","M","T","R","E","M","$","?","R","BOSS"],"build_version":"2018-02-12-PROD1","purchased_purges":1,"victory":false,"master_deck":["Defend_G","Defend_G","Defend_G","Defend_G","Defend_G","Strike_G","Strike_G","Strike_G","Strike_G","Survivor","Neutralize","Backflip+1","Sucker Punch+1","Unload","Dagger Throw+1","Sucker Punch","Sucker Punch+1","Blur","Backstab","Decay"],"max_hp_per_floor":[70,70,70,70,70,70,70,70,70,70,77,77,77,77,77],"relics":["Ring of the Snake","Matryoshka","Lantern","Vajra","Strawberry","Orichalcum"],"card_choices":[{"not_picked":["Catalyst","Flying Knee"],"picked":"Backflip"},{"not_picked":["PiercingWail","Dagger Throw"],"picked":"Sucker Punch"},{"not_picked":["Slice","Dagger Spray"],"picked":"Unload"},{"not_picked":["Deadly Poison","Heel Hook"],"picked":"Dagger Throw"},{"not_picked":["Quick Slash","Dodge and Roll"],"picked":"Sucker Punch"},{"not_picked":["Accuracy","Flying Knee"],"picked":"Sucker Punch"},{"not_picked":["After Image","Expertise"],"picked":"Blur"},{"not_picked":["Prepared","Backflip"],"picked":"Backstab"}],"player_experience":113929,"potions_floor_usage":[],"damage_taken":[{"damage":1,"enemies":"Cultist","floor":1,"turns":5},{"damage":0,"enemies":"Small Slimes","floor":3,"turns":3},{"damage":4,"enemies":"Blue Slaver","floor":4,"turns":5},{"damage":12,"enemies":"3 Louse","floor":5,"turns":5},{"damage":16,"enemies":"3 Sentries","floor":7,"turns":8},{"damage":0,"enemies":"Red Slaver","floor":8,"turns":5},{"damage":12,"enemies":"Gremlin Nob","floor":11,"turns":3},{"damage":0,"enemies":"Exordium Thugs","floor":12,"turns":3},{"damage":32,"enemies":"Hexaghost","floor":16,"turns":9}],"event_choices":[{"event_name":"Living Wall","player_choice":"Grow","floor":2,"damage_taken":0},{"event_name":"Wheel of Change","player_choice":"Curse","floor":14,"damage_taken":0}],"boss_relics":[],"potions_floor_spawned":[1,8],"seed_played":"5207874962502425534","killed_by":"Hexaghost","ascension_level":4,"is_trial":false}