{"gold_per_floor":[115,75,87,106,37,62,82,111,111,144,144,163,163,195,195,274,274,293,293,21,38,52,102,102,130,184,184,215,215,232,242,242,242],"floor_reached":33,"playtime":5961,"items_purged":["Decay"],"score":595,"play_id":"b0ec2857-a741-463f-aa21-65f8a3c86f9c","local_time":"20181023200453","is_ascension_mode":true,"campfire_choices":[{"floor":11,"key":"REST"},{"floor":13,"key":"REST"},{"data":"Bludgeon","floor":15,"key":"SMITH"},{"floor":27,"key":"REST"},{"data":"Bouncing Flask","floor":29,"key":"SMITH"},{"data":"Battle Trance","floor":32,"key":"SMITH"}],"neow_cost":"NONE","seed_source_timestamp":1125442217649422,"circlet_count":0,"master_deck":["Strike_R","Strike_R","Strike_R","Strike_R","Strike_R","Defend_R","Defend_R","Defend_R","Defend_R","Bash","AscendersBane","Cleave","Shrug It Off","Twin Strike","Bludgeon+1","Flame Barrier","Flex","Warcry","Flame Barrier","Dropkick","Double Tap","Battle Trance+1","Outmaneuver","Necronomicurse","Bouncing Flask+1","Bullet Time","Sword Boomerang","Backflip"],"relics":["Burning Blood","Happy Flower","PreservedInsect","Bag of Preparation","Strawberry","Darkstone Periapt","Orichalcum","Mark of Pain","PrismaticShard","Necronomicon","Bronze Scales","Omamori","Bottled Flame"],"potions_floor_usage":[6,16,16,33,33],"damage_taken":[{"damage":1,"enemies":"Cultist","floor":1,"turns":3},{"damage":9,"enemies":"Jaw Worm","floor":3,"turns":3},{"damage":8,"enemies":"Small Slimes","floor":4,"turns":3},{"damage":54,"enemies":"Lagavulin","floor":6,"turns":8},{"damage":0,"enemies":"2 Fungi Beasts","floor":7,"turns":3},{"damage":10,"enemies":"3 Sentries","floor":8,"turns":5},{"damage":20,"enemies":"Lagavulin","floor":10,"turns":5},{"damage":12,"enemies":"Gremlin Gang","floor":12,"turns":3},{"damage":6,"enemies":"Gremlin Nob","floor":14,"turns":3},{"damage":41,"enemies":"Hexaghost","floor":16,"turns":8},{"damage":6,"enemies":"Chosen","floor":18,"turns":2},{"damage":10,"enemies":"Spheric Guardian","floor":21,"turns":4},{"damage":25,"enemies":"Snake Plant","floor":22,"turns":3},{"damage":11,"enemies":"Slavers","floor":25,"turns":4},{"damage":0,"enemies":"Gremlin Leader","floor":28,"turns":2},{"damage":3,"enemies":"Centurion and Healer","floor":30,"turns":5},{"damage":1,"enemies":"Shelled Parasite and Fungi","floor":31,"turns":3},{"damage":90,"enemies":"Automaton","floor":33,"turns":6}],"seed_played":"1034048074691518925","potions_obtained":[{"floor":1,"key":"Dexterity Potion"},{"floor":3,"key":"PowerPotion"},{"floor":10,"key":"SkillPotion"},{"floor":12,"key":"SkillPotion"},{"floor":21,"key":"SkillPotion"},{"floor":25,"key":"LiquidBronze"}],"is_trial":false,"path_per_floor":["M","?","M","M","$","E","M","E","T","E","R","M","R","E","R","B",null,"M","?","$","M","M","?","?","E","T","R","E","R","M","M","R"],"character_chosen":"IRONCLAD","items_purchased":["Bludgeon","PrismaticShard"],"campfire_rested":3,"item_purchase_floors":[5,20],"current_hp_per_floor":[73,73,70,68,68,20,26,22,29,15,39,33,57,57,57,22,67,67,73,73,69,50,50,35,30,30,58,64,64,67,72,72,0],"gold":242,"neow_bonus":"RANDOM_COMMON_RELIC","is_prod":false,"is_daily":false,"chose_seed":false,"campfire_upgraded":3,"win_rate":0,"timestamp":1540350293,"path_taken":["M","?","M","M","?","E","?","E","T","E","R","M","R","E","R","BOSS","M","?","$","M","M","?","?","E","T","R","E","R","?","M","R","BOSS"],"build_version":"2018-10-18","purchased_purges":1,"victory":false,"max_hp_per_floor":[75,75,75,75,75,75,75,75,82,82,82,82,82,82,82,82,82,82,88,88,88,88,88,94,94,94,94,94,94,94,94,94,94],"card_choices":[{"not_picked":["Clash","Fire Breathing"],"picked":"Cleave","floor":1},{"not_picked":["Fire Breathing","Clash"],"picked":"Shrug It Off","floor":3},{"not_picked":["Combust","Sword Boomerang"],"picked":"Twin Strike","floor":4},{"not_picked":["Burning Pact","Pommel Strike"],"picked":"Flame Barrier","floor":6},{"not_picked":["Entrench","Sword Boomerang"],"picked":"Flex","floor":7},{"not_picked":["Barricade","Combust","Havoc"],"picked":"SKIP","floor":8},{"not_picked":["Shockwave","Clash"],"picked":"Warcry","floor":10},{"not_picked":["Feel No Pain","Heavy Blade"],"picked":"Flame Barrier","floor":12},{"not_picked":["Reckless Charge","Twin Strike"],"picked":"Dropkick","floor":14},{"not_picked":["Bludgeon","Brutality"],"picked":"Double Tap","floor":16},{"not_picked":["Searing Blow","Armaments","Body Slam"],"picked":"SKIP","floor":18},{"not_picked":["Redo","Setup"],"picked":"Battle Trance","floor":21},{"not_picked":["Anger","Coolheaded"],"picked":"Outmaneuver","floor":22},{"not_picked":["Expertise","Barrage"],"picked":"Bouncing Flask","floor":25},{"not_picked":["Forethought","Rip and Tear"],"picked":"Bullet Time","floor":28},{"not_picked":["Twin Strike","Clash"],"picked":"Sword Boomerang","floor":30},{"not_picked":["Burning Pact","Corruption"],"picked":"Backflip","floor":31}],"player_experience":627096,"relics_obtained":[{"floor":6,"key":"PreservedInsect"},{"floor":8,"key":"Bag of Preparation"},{"floor":9,"key":"Strawberry"},{"floor":10,"key":"Darkstone Periapt"},{"floor":14,"key":"Orichalcum"},{"floor":24,"key":"Necronomicon"},{"floor":25,"key":"Bronze Scales"},{"floor":26,"key":"Omamori"},{"floor":28,"key":"Bottled Flame"}],"event_choices":[{"damage_healed":0,"gold_gain":0,"player_choice":"Left Gold","damage_taken":0,"max_hp_gain":0,"max_hp_loss":0,"event_name":"World of Goop","floor":2,"gold_loss":40},{"damage_healed":0,"gold_gain":0,"player_choice":"Smashed Altar","damage_taken":0,"max_hp_gain":0,"max_hp_loss":0,"event_name":"Forgotten Altar","floor":19,"gold_loss":0,"cards_obtained":["Decay"]},{"damage_healed":0,"gold_gain":50,"player_choice":"Stole From Cult","damage_taken":0,"max_hp_gain":0,"max_hp_loss":0,"event_name":"Nest","floor":23,"gold_loss":0},{"damage_healed":0,"gold_gain":0,"player_choice":"Obtained Book","damage_taken":21,"max_hp_gain":0,"max_hp_loss":0,"event_name":"Cursed Tome","floor":24,"gold_loss":0}],"is_beta":false,"boss_relics":[{"not_picked":["Runic Pyramid","Sozu"],"picked":"Mark of Pain"}],"items_purged_floors":[20],"is_endless":false,"potions_floor_spawned":[1,3,10,12,14,21,25,28],"killed_by":"Automaton","ascension_level":15}