{"gold_per_floor":[119,69,88,88,101,128,128,140,167,193,211,211,226,255,255,327,327,347,347,347,363,170,170,118,118,118,149,149,182,202,221,221,299,299,310,152,170,170,170,170,170],"floor_reached":41,"playtime":1381,"items_purged":["Decay"],"score":856,"play_id":"35acf2bd-9c02-424d-b255-9f6fec53cc5d","local_time":"20181021000449","is_ascension_mode":true,"campfire_choices":[{"data":"Perfected Strike","floor":7.0,"key":"SMITH"},{"floor":12.0,"key":"REST"},{"data":"Perfected Strike","floor":15.0,"key":"SMITH"},{"data":"Perfected Strike","floor":23,"key":"SMITH"},{"data":"Battle Trance","floor":25,"key":"SMITH"},{"data":"Havoc","floor":28,"key":"SMITH"},{"floor":32,"key":"REST"},{"data":"Dual Wield","floor":40,"key":"SMITH"}],"neow_cost":"NONE","seed_source_timestamp":0,"circlet_count":0,"master_deck":["Strike_R","Strike_R","Strike_R","Strike_R","Strike_R","Defend_R","Defend_R","Defend_R","Defend_R","Bash","AscendersBane","Perfected Strike+1","Perfected Strike+1","Pommel Strike","Perfected Strike+1","Wild Strike","Pommel Strike","Havoc+1","Inflame","Perfected Strike+1","Shrug It Off","Reaper","Battle Trance+1","Cleave","Twin Strike","Perfected Strike","Sword Boomerang+1","Limit Break","Blood for Blood+1","Shockwave+1","Exhume+1","Twin Strike+1","Metallicize","Dual Wield+1","Inflame","Finesse"],"special_seed":0,"relics":["Orrery","Potion Belt","Anchor","Smiling Mask","Bag of Marbles","Mark of Pain","Bronze Scales","Mummified Hand","Art of War","Dodecahedron","Astrolabe","Regal Pillow"],"potions_floor_usage":[29,30,33,33,33,33,33,33,33,33],"damage_taken":[{"damage":0.0,"enemies":"2 Louse","floor":1.0,"turns":2.0},{"damage":7.0,"enemies":"Jaw Worm","floor":3.0,"turns":3.0},{"damage":4.0,"enemies":"Small Slimes","floor":5.0,"turns":3.0},{"damage":15.0,"enemies":"Lagavulin","floor":6.0,"turns":4.0},{"damage":0.0,"enemies":"2 Fungi Beasts","floor":8.0,"turns":2.0},{"damage":10.0,"enemies":"3 Sentries","floor":10.0,"turns":5.0},{"damage":9.0,"enemies":"Lots of Slimes","floor":11.0,"turns":4.0},{"damage":0.0,"enemies":"Blue Slaver","floor":13.0,"turns":1.0},{"damage":0.0,"enemies":"Gremlin Nob","floor":14.0,"turns":2.0},{"damage":32.0,"enemies":"The Guardian","floor":16.0,"turns":6.0},{"damage":10.0,"enemies":"2 Thieves","floor":18.0,"turns":3.0},{"damage":0.0,"enemies":"Shell Parasite","floor":21.0,"turns":1.0},{"damage":14,"enemies":"Slavers","floor":27,"turns":4},{"damage":9,"enemies":"Book of Stabbing","floor":29,"turns":2},{"damage":10,"enemies":"Centurion and Healer","floor":30,"turns":3},{"damage":0,"enemies":"Chosen and Byrds","floor":31,"turns":2},{"damage":43,"enemies":"Automaton","floor":33,"turns":8},{"damage":24,"enemies":"3 Darklings","floor":35,"turns":4},{"damage":0,"enemies":"Orb Walker","floor":37,"turns":2},{"damage":64,"enemies":"Giant Head","floor":41,"turns":7}],"seed_played":"2700836713542993865","potions_obtained":[{"floor":3.0,"key":"EntropicBrew"},{"floor":5.0,"key":"Weak Potion"},{"floor":6.0,"key":"Swift Potion"},{"floor":11.0,"key":"Strength Potion"},{"floor":14.0,"key":"Energy Potion"},{"floor":27,"key":"Energy Potion"},{"floor":29,"key":"LiquidBronze"},{"floor":31,"key":"Block Potion"},{"floor":33,"key":"Dexterity Potion"}],"is_trial":false,"path_per_floor":["M","?","M","?","M","E","R","M","T","E","M","R","M","E","R","B",null,"M","?","?","M","$","R","$","R","T","E","R","E","M","M","R","B",null,"M","$","M","?","?","R"],"character_chosen":"IRONCLAD","items_purchased":["Bronze Scales","Twin Strike","Metallicize","Dual Wield"],"campfire_rested":2,"item_purchase_floors":[22,24,36,36],"current_hp_per_floor":[68,68,61,61,57,42,42,42,42,32,23,45,45,45,45,13,60,50,50,50,56,56,56,56,56,56,54,54,45,35,35,57,14,60,51,51,51,51,51,51,0],"gold":170,"neow_bonus":"BOSS_RELIC","is_prod":false,"is_daily":false,"chose_seed":false,"campfire_upgraded":6,"win_rate":0,"timestamp":1540105489,"path_taken":["M","?","M","?","M","E","R","M","T","E","?","R","M","E","R","BOSS","M","?","?","M","$","R","?","R","T","E","R","E","M","M","R","BOSS","M","$","M","?","?","R","E"],"build_version":"2018-10-18","purchased_purges":1,"victory":false,"max_hp_per_floor":[75,75,75,75,75,75,75,75,75,75,75,75,75,75,75,75,75,75,75,75,75,75,75,75,75,75,75,75,75,75,75,75,75,75,75,75,75,75,75,75,75],"card_choices":[{"not_picked":["Iron Wave","Bloodletting"],"picked":"Perfected Strike","floor":0.0},{"not_picked":["Thunderclap","Intimidate"],"picked":"Perfected Strike","floor":0.0},{"not_picked":["Second Wind","Anger"],"picked":"Pommel Strike","floor":0.0},{"not_picked":["Body Slam","Bloodletting"],"picked":"Clothesline","floor":0.0},{"not_picked":["Metallicize","Warcry"],"picked":"Wild Strike","floor":0.0},{"not_picked":["Shockwave","Fire Breathing"],"picked":"Clothesline","floor":1.0},{"not_picked":["True Grit","Fiend Fire"],"picked":"Perfected Strike","floor":3.0},{"not_picked":["Havoc","Shrug It Off"],"picked":"Wild Strike","floor":5.0},{"not_picked":["Blood for Blood","Intimidate"],"picked":"Pommel Strike","floor":6.0},{"not_picked":["Evolve","Corruption"],"picked":"Havoc","floor":8.0},{"not_picked":["Clothesline","Burning Pact","Dual Wield"],"picked":"SKIP","floor":10.0},{"not_picked":["Bloodletting","Headbutt"],"picked":"Inflame","floor":11.0},{"not_picked":["Blood for Blood","Power Through"],"picked":"Perfected Strike","floor":13.0},{"not_picked":["Power Through","Searing Blow"],"picked":"Shrug It Off","floor":14.0},{"not_picked":["Demon Form","Brutality"],"picked":"Reaper","floor":16.0},{"not_picked":["Clash","Thunderclap"],"picked":"Battle Trance","floor":18.0},{"not_picked":["Body Slam","Intimidate"],"picked":"Cleave","floor":21.0},{"not_picked":["Heavy Blade","Ghostly Armor"],"picked":"Clash","floor":27},{"not_picked":["Burning Pact","Exhume"],"picked":"Perfected Strike","floor":29},{"not_picked":["Sever Soul","Burning Pact","Headbutt"],"picked":"SKIP","floor":30},{"not_picked":["Evolve","Fire Breathing"],"picked":"Sword Boomerang+1","floor":31},{"not_picked":["Bludgeon","Berserk"],"picked":"Limit Break","floor":33},{"not_picked":["Shockwave","Cleave"],"picked":"Twin Strike+1","floor":35},{"not_picked":["Heavy Blade","Cleave"],"picked":"Inflame","floor":37},{"not_picked":["Dark Shackles","Forethought"],"picked":"Finesse","floor":39}],"player_experience":584088,"relics_obtained":[{"floor":6.0,"key":"Potion Belt"},{"floor":9.0,"key":"Anchor"},{"floor":10.0,"key":"Smiling Mask"},{"floor":14.0,"key":"Bag of Marbles"},{"floor":26,"key":"Mummified Hand"},{"floor":27,"key":"Art of War"},{"floor":29,"key":"Dodecahedron"}],"event_choices":[{"cards_removed":["Clothesline"],"damage_healed":0.0,"max_hp_gain":0.0,"max_hp_loss":0.0,"gold_gain":0.0,"event_name":"The Cleric","player_choice":"Card Removal","floor":2.0,"gold_loss":50.0,"damage_taken":0.0},{"damage_healed":0.0,"max_hp_gain":0.0,"max_hp_loss":0.0,"gold_gain":0.0,"event_name":"Living Wall","player_choice":"Grow","floor":4.0,"gold_loss":0.0,"damage_taken":0.0,"cards_upgraded":["Perfected Strike"]},{"damage_healed":0.0,"max_hp_gain":0.0,"max_hp_loss":0.0,"gold_gain":0.0,"event_name":"Ghosts","player_choice":"Ignored","floor":19.0,"gold_loss":0.0,"damage_taken":0.0},{"damage_healed":0.0,"max_hp_gain":0.0,"max_hp_loss":0.0,"gold_gain":0.0,"event_name":"Forgotten Altar","player_choice":"Smashed Altar","floor":20.0,"gold_loss":0.0,"damage_taken":0.0,"cards_obtained":["Decay"]},{"damage_healed":0,"gold_gain":0,"player_choice":"Gave Potion","damage_taken":0,"relics_obtained":["Regal Pillow"],"max_hp_gain":0,"max_hp_loss":0,"event_name":"WeMeetAgain","floor":38,"gold_loss":0},{"damage_healed":0,"gold_gain":0,"player_choice":"Memory 1","damage_taken":0,"max_hp_gain":0,"max_hp_loss":0,"event_name":"SensoryStone","floor":39,"gold_loss":0}],"is_beta":false,"boss_relics":[{"not_picked":["Philosopher\u0027s Stone","Runic Pyramid"],"picked":"Mark of Pain"},{"not_picked":["Runic Cube","Tiny House"],"picked":"Astrolabe"}],"items_purged_floors":[22],"is_endless":false,"potions_floor_spawned":[3,5,6,11,14,27,29,31,33],"killed_by":"Giant Head","ascension_level":14}