{"gold_per_floor":[113,11,23,23,33,33,61,236,261,261,261,332,349,360,360,463,463,476,476,476,476,476,506,506,506],"floor_reached":25,"playtime":543,"items_purged":[],"score":282,"play_id":"f61e84d0-e2c7-4ab4-8b09-8727e3c9ada6","local_time":"20181016091952","is_ascension_mode":true,"campfire_choices":[{"data":"Streamline","floor":6.0,"key":"SMITH"},{"data":"Machine Learning","floor":11.0,"key":"SMITH"},{"floor":15,"key":"REST"},{"floor":24,"key":"REST"}],"neow_cost":"NONE","seed_source_timestamp":0,"circlet_count":0,"master_deck":["Strike_B+1","Strike_B+1","Strike_B+1","Defend_B+1","Defend_B+1","Defend_B+1","Defend_B+1","Zap","Dualcast","Gash+1","Go for the Eyes","Good Instincts+1","Rip and Tear","Streamline+1","Machine Learning+1","Doubt","Redo+1","White Noise","Auto Shields","Electrodynamics","Gash","Writhe","Decay","Rip and Tear","Beam Cell","Go for the Eyes"],"special_seed":0,"relics":["Cracked Core","Smiling Mask","Dream Catcher","Nuclear Battery","PreservedInsect","War Paint"],"potions_floor_usage":[16,25],"damage_taken":[{"damage":6.0,"enemies":"Jaw Worm","floor":1.0,"turns":4.0},{"damage":6.0,"enemies":"Small Slimes","floor":3.0,"turns":3.0},{"damage":0.0,"enemies":"2 Louse","floor":5.0,"turns":1.0},{"damage":21.0,"enemies":"3 Sentries","floor":7.0,"turns":6.0},{"damage":7.0,"enemies":"2 Fungi Beasts","floor":13.0,"turns":3.0},{"damage":9.0,"enemies":"3 Louse","floor":14.0,"turns":3.0},{"damage":19,"enemies":"Slime Boss","floor":16,"turns":8},{"damage":8,"enemies":"Chosen","floor":18,"turns":5},{"damage":45,"enemies":"Book of Stabbing","floor":23,"turns":5},{"damage":39,"enemies":"Slavers","floor":25,"turns":3}],"seed_played":"1482796392342880334","potions_obtained":[{"floor":5.0,"key":"AttackPotion"},{"floor":13.0,"key":"EssenceOfSteel"},{"floor":14,"key":"FearPotion"}],"is_trial":false,"path_per_floor":["M","$","M","?","M","R","E","?","T","?","R","?","M","M","R","B",null,"M","?","?","?","?","E","R"],"character_chosen":"DEFECT","items_purchased":["Good Instincts"],"campfire_rested":2,"item_purchase_floors":[2],"current_hp_per_floor":[62,62,56,56,56,56,35,35,35,35,35,35,28,19,41,22,62,54,54,54,54,54,9,31,0],"gold":506,"neow_bonus":"THREE_CARDS","is_prod":false,"is_daily":false,"chose_seed":false,"campfire_upgraded":2,"win_rate":0,"timestamp":1539706792,"path_taken":["M","$","M","?","M","R","E","?","T","?","R","?","?","M","R","BOSS","M","?","?","?","?","E","R","E"],"build_version":"2018-10-11","purchased_purges":0,"victory":false,"max_hp_per_floor":[75,75,75,75,75,75,75,75,75,75,75,75,75,75,75,75,75,75,75,75,75,75,75,75,75],"card_choices":[{"not_picked":["Compile Driver","Go for the Eyes"],"picked":"Gash","floor":0.0},{"not_picked":["Turbo","Sweeping Beam"],"picked":"Go for the Eyes","floor":1.0},{"not_picked":["Compile Driver","Stack"],"picked":"Rip and Tear","floor":3.0},{"not_picked":["Chill","Darkness"],"picked":"Streamline","floor":5.0},{"not_picked":["Compile Driver","Cold Snap"],"picked":"Machine Learning","floor":7.0},{"not_picked":["Steam","Melter"],"picked":"Redo","floor":13.0},{"not_picked":["Cold Snap","Blizzard"],"picked":"White Noise","floor":14},{"not_picked":["Sweeping Beam","Stack"],"picked":"Auto Shields","floor":15},{"not_picked":["Multi-Cast","Meteor Strike"],"picked":"Electrodynamics","floor":16},{"not_picked":["Steam","Stack"],"picked":"Gash","floor":18},{"not_picked":["Barrage","Storm"],"picked":"Beam Cell","floor":23},{"not_picked":["Rip and Tear","Turbo"],"picked":"Go for the Eyes","floor":24}],"player_experience":522039,"relics_obtained":[{"floor":7.0,"key":"Smiling Mask"},{"floor":9.0,"key":"Dream Catcher"},{"floor":23,"key":"War Paint"}],"event_choices":[{"event_name":"Living Wall","player_choice":"Grow","floor":4.0,"damage_taken":0.0},{"event_name":"Liars Game","player_choice":"agreed","floor":8.0,"damage_taken":0.0},{"event_name":"Shining Light","player_choice":"Ignored","floor":10.0,"damage_taken":0.0},{"event_name":"Golden Wing","player_choice":"Gained Gold","floor":12.0,"damage_taken":0.0},{"event_name":"The Mausoleum","player_choice":"Yes","floor":19,"damage_taken":0},{"event_name":"Forgotten Altar","player_choice":"Smashed Altar","floor":20,"damage_taken":0},{"event_name":"Transmorgrifier","player_choice":"Transform","floor":21,"damage_taken":0},{"event_name":"Back to Basics","player_choice":"Simplicity","floor":22,"damage_taken":0}],"is_beta":false,"boss_relics":[{"not_picked":["Coffee Dripper","FrozenCore"],"picked":"Nuclear Battery"}],"items_purged_floors":[],"is_endless":false,"potions_floor_spawned":[5,13,14],"killed_by":"Slavers","ascension_level":6}