{"gold_per_floor":[116,132,132,151,163,163,177,202,202,202,202,231,249,264,264,264],"floor_reached":16,"playtime":1194,"items_purged":[],"score":228,"play_id":"3b499129-ee72-4511-8f2f-f49739fd0199","local_time":"20190408105621","is_ascension_mode":true,"campfire_choices":[{"data":"Defragment","floor":6.0,"key":"SMITH"},{"data":"Dualcast","floor":10.0,"key":"SMITH"},{"data":"Conserve Battery","floor":15.0,"key":"SMITH"}],"neow_cost":"NONE","seed_source_timestamp":226140377207010,"circlet_count":0,"master_deck":["AscendersBane","Strike_B","Strike_B","Strike_B","Strike_B","Defend_B","Defend_B","Defend_B","Defend_B","Zap+1","Dualcast+1","Defragment+1","Conserve Battery+1","Chill","Conserve Battery+1","Chill","Compile Driver"],"special_seed":0,"relics":["Cracked Core","Pear","Sundial","Ornamental Fan","Singing Bowl"],"potions_floor_usage":[16],"damage_taken":[{"damage":7.0,"enemies":"Small Slimes","floor":1.0,"turns":3.0},{"damage":0.0,"enemies":"Cultist","floor":2.0,"turns":4.0},{"damage":4.0,"enemies":"Jaw Worm","floor":4.0,"turns":3.0},{"damage":7.0,"enemies":"Red Slaver","floor":5.0,"turns":4.0},{"damage":0.0,"enemies":"3 Louse","floor":7.0,"turns":4.0},{"damage":2.0,"enemies":"Lagavulin","floor":8.0,"turns":7.0},{"damage":30.0,"enemies":"Gremlin Nob","floor":12.0,"turns":4.0},{"damage":0.0,"enemies":"Blue Slaver","floor":13.0,"turns":4.0},{"damage":2.0,"enemies":"Looter","floor":14.0,"turns":2.0},{"damage":31,"enemies":"Hexaghost","floor":16,"turns":12}],"seed_played":"7143426886833306060","potions_obtained":[{"floor":7.0,"key":"AttackPotion"},{"floor":12.0,"key":"AttackPotion"},{"floor":13.0,"key":"SpeedPotion"}],"is_trial":false,"path_per_floor":["M","M","?","M","M","R","M","E","T","R","?","E","M","M","R","B"],"character_chosen":"DEFECT","items_purchased":[],"campfire_rested":0,"item_purchase_floors":[],"current_hp_per_floor":[57,57,67,63,56,56,56,54,54,54,54,24,24,24,24,0],"gold":264,"neow_bonus":"UPGRADE_CARD","is_prod":false,"is_daily":false,"chose_seed":false,"campfire_upgraded":3,"win_rate":0,"timestamp":1554742581,"path_taken":["M","M","?","?","M","R","M","E","T","R","?","E","M","M","R","BOSS"],"build_version":"2019-04-04","purchased_purges":0,"victory":false,"max_hp_per_floor":[71,71,81,81,81,81,81,81,81,81,81,81,81,83,83,83],"card_choices":[{"not_picked":["Go for the Eyes","Barrage"],"picked":"Reinforced Body","floor":1.0},{"not_picked":["Cold Snap","Steam"],"picked":"Defragment","floor":2.0},{"not_picked":["Compile Driver","White Noise"],"picked":"Conserve Battery","floor":4.0},{"not_picked":["Steam Power","Turbo","Beam Cell"],"picked":"SKIP","floor":5.0},{"not_picked":["Barrage","Double Energy"],"picked":"Chill","floor":7.0},{"not_picked":["Lockon","Thunder Strike"],"picked":"Conserve Battery","floor":8.0},{"not_picked":["Undo","Storm"],"picked":"Chill","floor":12.0},{"not_picked":["Storm","Undo"],"picked":"Compile Driver","floor":13.0},{"not_picked":["Storm","Reprogram","Go for the Eyes"],"picked":"Singing Bowl","floor":14.0}],"player_experience":2797684,"relics_obtained":[{"floor":8.0,"key":"Sundial"},{"floor":9.0,"key":"Ornamental Fan"},{"floor":12.0,"key":"Singing Bowl"}],"event_choices":[{"cards_removed":["Reinforced Body"],"damage_healed":0.0,"max_hp_gain":0.0,"max_hp_loss":0.0,"gold_gain":0.0,"event_name":"WeMeetAgain","player_choice":"Gave Card","floor":3.0,"gold_loss":0.0,"damage_taken":0.0,"relics_obtained":["Pear"]},{"damage_healed":0.0,"max_hp_gain":0.0,"max_hp_loss":0.0,"gold_gain":0.0,"event_name":"Upgrade Shrine","player_choice":"Upgraded","floor":11.0,"gold_loss":0.0,"damage_taken":0.0,"cards_upgraded":["Conserve Battery"]}],"is_beta":true,"boss_relics":[],"items_purged_floors":[],"is_endless":false,"potions_floor_spawned":[7,12,13],"killed_by":"Hexaghost","ascension_level":20}