{"gold_per_floor":[110,110,127,127,140,173,173,204,204,219,219,232,32,64,64,167,167,178,204,224,224],"floor_reached":21,"playtime":539,"items_purged":[],"score":286,"play_id":"03e0cab0-93bd-477f-8c0b-46e1527b54ed","local_time":"20181014221840","is_ascension_mode":true,"campfire_choices":[{"data":"Dualcast","floor":7,"key":"SMITH"},{"floor":11,"key":"REST"},{"data":"Genetic Algorithm","floor":15,"key":"SMITH"}],"neow_cost":"NONE","seed_source_timestamp":361284756828568,"circlet_count":0,"master_deck":["Strike_B","Strike_B","Strike_B","Strike_B","Defend_B","Defend_B","Defend_B","Defend_B","Zap","Dualcast+1","Darkness+1","Ball Lightning","Cold Snap+1","Sweeping Beam+1","Go for the Eyes+1","Genetic Algorithm+1","Melter+1","Rebound+1","Core Surge+1","Glacier+1","White Noise","Barrage+1"],"relics":["Cracked Core","Omamori","Molten Egg 2","StoneCalendar","Dead Branch","Nunchaku","Lee\u0027s Waffle","Pocketwatch","Inserter","Red Mask"],"potions_floor_usage":[16,18,19,19,20],"damage_taken":[{"damage":1,"enemies":"2 Louse","floor":1,"turns":2},{"damage":7,"enemies":"Jaw Worm","floor":3,"turns":3},{"damage":8,"enemies":"Small Slimes","floor":5,"turns":3},{"damage":6,"enemies":"Gremlin Nob","floor":6,"turns":3},{"damage":31,"enemies":"3 Sentries","floor":8,"turns":5},{"damage":7,"enemies":"2 Fungi Beasts","floor":10,"turns":2},{"damage":0,"enemies":"Exordium Wildlife","floor":12,"turns":2},{"damage":23,"enemies":"Lagavulin","floor":14,"turns":6},{"damage":0,"enemies":"Slime Boss","floor":16,"turns":6},{"damage":24,"enemies":"Chosen","floor":18,"turns":5},{"damage":42,"enemies":"Masked Bandits","floor":19,"turns":6},{"damage":0,"enemies":"Spheric Guardian","floor":20,"turns":2},{"damage":16,"enemies":"Snecko","floor":21,"turns":3}],"seed_played":"-8394367255622324630","potions_obtained":[{"floor":1,"key":"Dexterity Potion"},{"floor":12,"key":"SteroidPotion"},{"floor":14,"key":"SpeedPotion"},{"floor":16,"key":"Strength Potion"},{"floor":19,"key":"SteroidPotion"}],"is_trial":false,"path_per_floor":["M","?","M","?","M","E","R","E","T","M","R","M","$","E","R","B",null,"M","?","M"],"character_chosen":"DEFECT","items_purchased":["Lee\u0027s Waffle"],"campfire_rested":1,"item_purchase_floors":[13],"current_hp_per_floor":[74,74,67,64,56,50,50,19,19,12,34,34,82,59,59,59,82,58,16,16,0],"gold":224,"neow_bonus":"RANDOM_COMMON_RELIC","is_prod":false,"is_daily":false,"chose_seed":false,"campfire_upgraded":2,"win_rate":0,"timestamp":1539580720,"path_taken":["M","?","?","?","M","E","R","E","T","M","R","M","$","E","R","BOSS","M","?","M","M"],"build_version":"2018-10-11","purchased_purges":0,"victory":false,"max_hp_per_floor":[75,75,75,75,75,75,75,75,75,75,75,75,82,82,82,82,82,82,82,82,82],"card_choices":[{"not_picked":["Blizzard","Cold Snap"],"picked":"Darkness","floor":1},{"not_picked":["Cold Snap","Barrage"],"picked":"Ball Lightning","floor":3},{"not_picked":["Hologram","Rainbow"],"picked":"Cold Snap+1","floor":5},{"not_picked":["Go for the Eyes+1","Stack"],"picked":"Sweeping Beam+1","floor":6},{"not_picked":["Barrage+1","Consume"],"picked":"Go for the Eyes+1","floor":8},{"not_picked":["Go for the Eyes+1","Leap"],"picked":"Genetic Algorithm","floor":10},{"not_picked":["BootSequence","Skim"],"picked":"Melter+1","floor":12},{"not_picked":["Coolheaded","Thunder Strike+1"],"picked":"Rebound+1","floor":14},{"not_picked":["Amplify","Multi-Cast"],"picked":"Core Surge+1","floor":16},{"not_picked":["Coolheaded","Blizzard+1"],"picked":"Glacier+1","floor":18},{"not_picked":["Hello World","Barrage+1"],"picked":"White Noise","floor":19},{"not_picked":["Coolheaded","Turbo"],"picked":"Barrage+1","floor":20}],"player_experience":505179,"relics_obtained":[{"floor":6,"key":"StoneCalendar"},{"floor":8,"key":"Dead Branch"},{"floor":9,"key":"Nunchaku"},{"floor":14,"key":"Pocketwatch"},{"floor":19,"key":"Red Mask"}],"event_choices":[{"event_name":"Living Wall","player_choice":"Grow","floor":2,"damage_taken":0},{"event_name":"Scrap Ooze","player_choice":"success","floor":4,"damage_taken":3},{"event_name":"Masked Bandits","player_choice":"Fought Bandits","floor":19,"damage_taken":0}],"is_beta":false,"boss_relics":[{"not_picked":["Nuclear Battery","Coffee Dripper"],"picked":"Inserter"}],"items_purged_floors":[],"is_endless":false,"potions_floor_spawned":[1,12,14,16,19],"killed_by":"Snecko","ascension_level":3}