{"gold_per_floor":[99,99,99,99,62,62,62,62,62,62,62,62,32,14,14,14,14,14,14,14],"floor_reached":20,"playtime":1208,"items_purged":[],"score":326,"play_id":"4b716acf-aabd-474b-af41-3f222389c781","local_time":"20190409112527","is_ascension_mode":true,"campfire_choices":[{"data":"Streamline","floor":6.0,"key":"SMITH"},{"data":"Zap","floor":8.0,"key":"SMITH"},{"data":"Defragment","floor":15.0,"key":"SMITH"}],"neow_cost":"NONE","seed_source_timestamp":0,"circlet_count":0,"master_deck":["AscendersBane","Strike_B","Strike_B","Strike_B","Strike_B","Defend_B","Defend_B","Defend_B","Defend_B","Zap+1","Dualcast","Doom and Gloom","Beam Cell+1","Streamline+1","Self Repair","Seek","Melter","Conserve Battery","Defragment+1","Hologram","Auto Shields","Necronomicurse"],"special_seed":0,"relics":["Ectoplasm","Ginger","StoneCalendar","The Courier","Bird Faced Urn","Philosopher\u0027s Stone","Necronomicon"],"potions_floor_usage":[],"damage_taken":[{"damage":8.0,"enemies":"2 Louse","floor":1.0,"turns":3.0},{"damage":0.0,"enemies":"Cultist","floor":2.0,"turns":3.0},{"damage":7.0,"enemies":"Jaw Worm","floor":4.0,"turns":2.0},{"damage":10.0,"enemies":"3 Sentries","floor":7.0,"turns":4.0},{"damage":10.0,"enemies":"Gremlin Nob","floor":10.0,"turns":3.0},{"damage":0.0,"enemies":"Blue Slaver","floor":11.0,"turns":2.0},{"damage":3.0,"enemies":"3 Sentries","floor":12.0,"turns":5.0},{"damage":0.0,"enemies":"Looter","floor":13.0,"turns":3.0},{"damage":17.0,"enemies":"The Guardian","floor":16.0,"turns":7.0},{"damage":29.0,"enemies":"Chosen","floor":18.0,"turns":5.0},{"damage":33,"enemies":"3 Byrds","floor":20,"turns":2}],"seed_played":"-5497734728210399214","potions_obtained":[{"floor":1.0,"key":"Swift Potion"},{"floor":7.0,"key":"GamblersBrew"},{"floor":10.0,"key":"SteroidPotion"},{"floor":12.0,"key":"SkillPotion"},{"floor":16.0,"key":"Ancient Potion"}],"is_trial":false,"path_per_floor":["M","M","?","M","$","R","E","R","T","E","M","E","M","$","R","B",null,"M","?","M"],"character_chosen":"DEFECT","items_purchased":["Self Repair","Hologram"],"campfire_rested":0,"item_purchase_floors":[5,14],"current_hp_per_floor":[56,56,56,49,49,49,46,46,46,43,43,47,58,58,58,52,66,48,32,0],"gold":14,"neow_bonus":"BOSS_RELIC","is_prod":false,"is_daily":false,"chose_seed":false,"campfire_upgraded":3,"win_rate":0,"timestamp":1554805527,"path_taken":["M","M","?","?","$","R","E","R","T","E","M","E","M","?","R","BOSS","M","?","M"],"build_version":"2019-01-23","purchased_purges":0,"victory":false,"max_hp_per_floor":[71,71,71,71,71,71,71,71,71,71,71,71,71,71,71,71,71,71,71,71],"card_choices":[{"not_picked":["Blizzard","Stack"],"picked":"Doom and Gloom","floor":1.0},{"not_picked":["Skim","Steam"],"picked":"Beam Cell","floor":2.0},{"not_picked":["Blizzard","Fusion"],"picked":"Streamline","floor":4.0},{"not_picked":["Aggregate","Leap"],"picked":"Seek","floor":7.0},{"not_picked":["Lockon","Tempest"],"picked":"Melter","floor":10.0},{"not_picked":["Rebound","Streamline"],"picked":"Conserve Battery","floor":11.0},{"not_picked":["Streamline","Steam"],"picked":"Defragment","floor":12.0},{"not_picked":["Sweeping Beam","Reprogram","Ball Lightning"],"picked":"SKIP","floor":13.0},{"not_picked":["Recycle","Ball Lightning"],"picked":"Auto Shields","floor":18}],"player_experience":961586,"relics_obtained":[{"floor":7.0,"key":"Ginger"},{"floor":9.0,"key":"StoneCalendar"},{"floor":10.0,"key":"The Courier"},{"floor":12.0,"key":"Bird Faced Urn"},{"floor":19,"key":"Necronomicon"}],"event_choices":[{"damage_healed":0.0,"max_hp_gain":0.0,"max_hp_loss":0.0,"gold_gain":0.0,"event_name":"Upgrade Shrine","player_choice":"Upgraded","floor":3.0,"gold_loss":0.0,"damage_taken":0.0,"cards_upgraded":["Beam Cell"]},{"damage_healed":0,"gold_gain":0,"player_choice":"Obtained Book","damage_taken":16,"max_hp_gain":0,"max_hp_loss":0,"event_name":"Cursed Tome","floor":19,"gold_loss":0}],"is_beta":false,"boss_relics":[{"not_picked":["Runic Dome","Tiny House"],"picked":"Philosopher\u0027s Stone"}],"items_purged_floors":[],"is_endless":false,"potions_floor_spawned":[1,7,10,12,16],"killed_by":"3 Byrds","ascension_level":14}