{"gold_per_floor":[112,125,143,143,143,143,177,195,195,229,252,267,281,22,22,143,143,156,156,156,174,99,99,125,125,125,138,164,164,180,209,209,307,307,317,202,221,235,335,363,363,363,387,422,442,459,459,485,497,509],"floor_reached":51,"playtime":3208,"items_purged":[],"score":882,"play_id":"1b460025-7308-47d6-b73a-f4ae4664cdc5","local_time":"20190416125226","is_ascension_mode":false,"campfire_choices":[{"data":"Clothesline","floor":6,"key":"SMITH"},{"data":"Bash","floor":15,"key":"SMITH"},{"data":"Perfected Strike","floor":23,"key":"SMITH"},{"data":"Inflame","floor":25,"key":"SMITH"},{"data":"Iron Wave","floor":32,"key":"SMITH"},{"data":"1","floor":42,"key":"LIFT"},{"data":"Demon Form","floor":49,"key":"SMITH"}],"neow_cost":"PERCENT_DAMAGE","seed_source_timestamp":350679113877400,"circlet_count":0,"master_deck":["Strike_R+1","Strike_R+1","Strike_R+1","Strike_R+1","Defend_R+1","Defend_R+1","Defend_R+1","Bash+1","Battle Trance+1","Perfected Strike+1","Clothesline+1","Impervious+1","Feel No Pain","Dual Wield+1","Shrug It Off+1","Inflame+1","Burning Pact+1","Metallicize","Iron Wave+1","Double Tap+1","Pommel Strike+1","J.A.X.+1","Headbutt+1","Flame Barrier+1","Armaments+1","Battle Trance+1","True Grit+1","True Grit+1","Demon Form+1","Uppercut+1","Havoc+1","Warcry+1","Burning Pact+1","Shrug It Off+1","Flame Barrier+1","Clumsy","Barricade","Heavy Blade+1","Shrug It Off+1","Limit Break+1"],"relics":["Burning Blood","Bloody Idol","Toxic Egg 2","Letter Opener","Bottled Flame","Membership Card","Philosopher\u0027s Stone","Dead Branch","Calipers","Gambling Chip","Mango","Cursed Key","Anchor","Girya","Shuriken","Lantern","Blue Candle","MawBank"],"potions_floor_usage":[7,7,24,28,30,31,50,50],"damage_taken":[{"damage":0,"enemies":"2 Louse","floor":1,"turns":4},{"damage":1,"enemies":"Jaw Worm","floor":2,"turns":6},{"damage":2,"enemies":"Small Slimes","floor":3,"turns":3},{"damage":23,"enemies":"3 Sentries","floor":7,"turns":7},{"damage":4,"enemies":"Blue Slaver","floor":8,"turns":3},{"damage":26,"enemies":"Lagavulin","floor":10,"turns":10},{"damage":7,"enemies":"Large Slime","floor":11,"turns":6},{"damage":0,"enemies":"3 Louse","floor":12,"turns":5},{"damage":1,"enemies":"Exordium Wildlife","floor":13,"turns":4},{"damage":20,"enemies":"Hexaghost","floor":16,"turns":12},{"damage":11,"enemies":"3 Byrds","floor":18,"turns":7},{"damage":24,"enemies":"Spheric Guardian","floor":21,"turns":5},{"damage":6,"enemies":"Gremlin Leader","floor":24,"turns":7},{"damage":7,"enemies":"3 Cultists","floor":27,"turns":5},{"damage":8,"enemies":"Book of Stabbing","floor":28,"turns":5},{"damage":16,"enemies":"Shelled Parasite and Fungi","floor":30,"turns":3},{"damage":22,"enemies":"Slavers","floor":31,"turns":5},{"damage":41,"enemies":"Automaton","floor":33,"turns":9},{"damage":10,"enemies":"3 Darklings","floor":35,"turns":6},{"damage":0,"enemies":"3 Shapes","floor":37,"turns":5},{"damage":5,"enemies":"Maw","floor":38,"turns":5},{"damage":24,"enemies":"Mind Bloom Boss Battle","floor":39,"turns":6},{"damage":7,"enemies":"Giant Head","floor":40,"turns":6},{"damage":9,"enemies":"Reptomancer","floor":44,"turns":4},{"damage":0,"enemies":"Sphere and 2 Shapes","floor":45,"turns":3},{"damage":3,"enemies":"Writhing Mass","floor":46,"turns":6},{"damage":4,"enemies":"Giant Head","floor":48,"turns":5},{"damage":20,"enemies":"Time Eater","floor":50,"turns":11}],"seed_played":"6391228902331784684","potions_obtained":[{"floor":1,"key":"SkillPotion"},{"floor":3,"key":"LiquidBronze"},{"floor":12,"key":"SpeedPotion"},{"floor":16,"key":"SpeedPotion"},{"floor":21,"key":"Poison Potion"},{"floor":24,"key":"Fire Potion"},{"floor":33,"key":"AttackPotion"},{"floor":39,"key":"Block Potion"}],"is_trial":false,"path_per_floor":["M","M","M","?","?","R","E","M","T","E","M","M","M","$","R","B",null,"M","?","?","M","?","R","E","R","T","M","E","?","M","E","R","B",null,"M","$","M","M","?","E","?","R","T","E","M","M","?","E","R","B",null],"character_chosen":"IRONCLAD","items_purchased":["Membership Card","Metallicize","Iron Wave","Anchor","Weak Potion","Havoc+1"],"campfire_rested":0,"item_purchase_floors":[14,14,14,36,36,36],"current_hp_per_floor":[78,83,87,87,69,69,52,54,54,34,33,39,44,44,44,30,89,84,84,84,71,71,71,76,76,76,80,83,83,78,81,81,51,103,103,103,103,103,90,94,94,94,99,101,103,103,103,103,103,89],"gold":521,"neow_bonus":"TWENTY_PERCENT_HP_BONUS","is_prod":false,"is_daily":false,"chose_seed":false,"campfire_upgraded":6,"win_rate":1,"timestamp":1555444346,"path_taken":["M","M","M","?","?","R","E","M","T","E","M","M","?","$","R","BOSS","M","?","?","M","?","R","E","R","T","M","E","?","M","E","R","BOSS","M","$","M","M","?","E","?","R","T","E","M","M","?","E","R","BOSS"],"build_version":"2019-01-23","purchased_purges":0,"victory":true,"max_hp_per_floor":[96,96,96,89,89,89,89,89,89,89,89,89,89,89,89,89,89,89,89,89,89,89,89,89,89,89,89,89,89,89,103,103,103,103,103,103,103,103,103,103,103,103,103,103,103,103,103,103,103,103],"card_choices":[{"not_picked":["Evolve","Combust"],"picked":"Battle Trance","floor":1},{"not_picked":["Infernal Blade","Clash"],"picked":"Perfected Strike","floor":2},{"not_picked":["True Grit","Iron Wave"],"picked":"Clothesline","floor":3},{"not_picked":["Armaments","Entrench"],"picked":"Impervious","floor":7},{"not_picked":["Pommel Strike","Hemokinesis"],"picked":"Feel No Pain","floor":8},{"not_picked":["Carnage","Corruption"],"picked":"Dual Wield+1","floor":10},{"not_picked":["Iron Wave","Thunderclap"],"picked":"Shrug It Off+1","floor":11},{"not_picked":["Pommel Strike","Headbutt"],"picked":"Inflame","floor":12},{"not_picked":["Searing Blow","Combust"],"picked":"Burning Pact+1","floor":13},{"not_picked":["Bludgeon","Brutality"],"picked":"Double Tap+1","floor":16},{"not_picked":["Flex+1","Cleave"],"picked":"Pommel Strike+1","floor":18},{"not_picked":["Reckless Charge","Warcry+1"],"picked":"Headbutt+1","floor":21},{"not_picked":["Searing Blow","Brutality"],"picked":"Flame Barrier+1","floor":24},{"not_picked":["Perfected Strike","Blood for Blood"],"picked":"Armaments+1","floor":27},{"not_picked":["Clothesline+1","Power Through+1"],"picked":"Battle Trance+1","floor":28},{"not_picked":["Havoc+1","Cleave"],"picked":"True Grit+1","floor":30},{"not_picked":["Clash","Wild Strike+1"],"picked":"True Grit+1","floor":31},{"not_picked":["Bludgeon","Barricade"],"picked":"Demon Form","floor":33},{"not_picked":["True Grit+1","Bloodletting+1"],"picked":"Uppercut+1","floor":35},{"not_picked":["Rage+1","Pummel+1"],"picked":"Warcry+1","floor":37},{"not_picked":["Rampage","Perfected Strike+1"],"picked":"Burning Pact+1","floor":38},{"not_picked":["Burning Pact+1","Battle Trance+1"],"picked":"Shrug It Off+1","floor":39},{"not_picked":["Twin Strike+1","Searing Blow+1"],"picked":"Flame Barrier+1","floor":40},{"not_picked":["Thunderclap+1","Anger"],"picked":"Barricade","floor":44},{"not_picked":["Sword Boomerang","Wild Strike"],"picked":"Heavy Blade+1","floor":45},{"not_picked":["Thunderclap+1","Bludgeon"],"picked":"Shrug It Off+1","floor":46},{"not_picked":["Sword Boomerang+1","Pommel Strike"],"picked":"Limit Break+1","floor":48}],"player_experience":390704,"relics_obtained":[{"floor":7,"key":"Toxic Egg 2"},{"floor":9,"key":"Letter Opener"},{"floor":10,"key":"Bottled Flame"},{"floor":24,"key":"Dead Branch"},{"floor":26,"key":"Calipers"},{"floor":28,"key":"Gambling Chip"},{"floor":31,"key":"Mango"},{"floor":39,"key":"Girya"},{"floor":40,"key":"Shuriken"},{"floor":43,"key":"Lantern"},{"floor":44,"key":"Blue Candle"},{"floor":48,"key":"MawBank"}],"event_choices":[{"damage_healed":0,"gold_gain":0,"player_choice":"Lose Max HP","damage_taken":0,"relics_obtained":["Golden Idol"],"max_hp_gain":0,"max_hp_loss":7,"event_name":"Golden Idol","floor":4,"gold_loss":0},{"damage_healed":0,"gold_gain":0,"player_choice":"Entered Light","damage_taken":18,"max_hp_gain":0,"max_hp_loss":0,"event_name":"Shining Light","floor":5,"gold_loss":0,"cards_upgraded":["Battle Trance","Strike_R"]},{"damage_healed":0,"gold_gain":0,"player_choice":"Obtain J.A.X.","damage_taken":0,"max_hp_gain":0,"max_hp_loss":0,"event_name":"Drug Dealer","floor":19,"gold_loss":0,"cards_obtained":["J.A.X."]},{"damage_healed":0,"gold_gain":0,"player_choice":"Gave Idol","damage_taken":0,"relics_obtained":["Bloody Idol"],"max_hp_gain":0,"max_hp_loss":0,"event_name":"Forgotten Altar","floor":20,"relics_lost":["Golden Idol"],"gold_loss":0},{"cards_removed":["Defend_R"],"damage_healed":0,"gold_gain":0,"player_choice":"Gave Gold","damage_taken":0,"max_hp_gain":0,"max_hp_loss":0,"event_name":"Beggar","floor":22,"gold_loss":75},{"damage_healed":0,"gold_gain":0,"player_choice":"Simplicity","damage_taken":0,"max_hp_gain":0,"max_hp_loss":0,"event_name":"Back to Basics","floor":29,"gold_loss":0,"cards_upgraded":["Strike_R","Strike_R","Strike_R","Strike_R","Defend_R","Defend_R","Defend_R"]},{"damage_healed":0,"gold_gain":0,"player_choice":"Fight","damage_taken":0,"max_hp_gain":0,"max_hp_loss":0,"event_name":"MindBloom","floor":39,"gold_loss":0},{"cards_removed":["Strike_R"],"damage_healed":0,"gold_gain":0,"player_choice":"Removed Attack","damage_taken":0,"max_hp_gain":0,"max_hp_loss":0,"event_name":"Falling","floor":41,"gold_loss":0},{"damage_healed":0,"gold_gain":0,"player_choice":"0 cards matched","damage_taken":0,"max_hp_gain":0,"max_hp_loss":0,"event_name":"Match and Keep!","floor":47,"gold_loss":0,"cards_obtained":[]}],"is_beta":false,"boss_relics":[{"not_picked":["Empty Cage","Runic Cube"],"picked":"Philosopher\u0027s Stone"},{"not_picked":["Runic Pyramid","Fusion Hammer"],"picked":"Cursed Key"}],"items_purged_floors":[],"is_endless":false,"potions_floor_spawned":[1,3,12,16,21,24,27,33,39,45,48],"ascension_level":0}