{"gold_per_floor":[114,114,129,144,159,159,159,189,264,294,294,309,336,408,420,532,544,571,583,595,622,649,661],"floor_reached":23,"playtime":1106,"items_purged":[],"score":313,"play_id":"03ad55da-9689-4fe8-ad5e-11838ce8502c","local_time":"20190116213426","daily_mods":["Specialized","Vintage","DeadlyEvents"],"is_ascension_mode":false,"campfire_choices":[{"data":"Unload","floor":6,"key":"SMITH"},{"floor":11,"key":"REST"},{"data":"Unload","floor":15,"key":"SMITH"}],"neow_cost":"","seed_source_timestamp":0,"circlet_count":0,"master_deck":["Defend_G","Defend_G","Strike_G","Strike_G","Strike_G","Strike_G+1","Neutralize","Unload","Unload","Unload+1","Unload+1","Unload+1","Eviscerate","Quick Slash","Storm of Steel","Dagger Throw","After Image","A Thousand Cuts+1","Sucker Punch+1","Heel Hook+1","Ghostly","Ghostly","Ghostly","Ghostly","Ghostly","RitualDagger"],"special_seed":17913,"relics":["Ring of the Snake","Regal Pillow","Ice Cream","Whetstone","FossilizedHelix","Bottled Flame","Darkstone Periapt","Blue Candle","MawBank","Pen Nib","Tiny Chest","Astrolabe","Potion Belt","Lantern","Ornamental Fan"],"potions_floor_usage":[8,14,16,23,23],"damage_taken":[{"damage":0,"enemies":"Cultist","floor":1,"turns":2},{"damage":0,"enemies":"Small Slimes","floor":3,"turns":2},{"damage":6,"enemies":"Jaw Worm","floor":4,"turns":2},{"damage":9,"enemies":"3 Louse","floor":5,"turns":2},{"damage":0,"enemies":"Gremlin Nob","floor":8,"turns":3},{"damage":18,"enemies":"Lagavulin","floor":10,"turns":4},{"damage":0,"enemies":"Looter","floor":12,"turns":2},{"damage":0,"enemies":"Blue Slaver","floor":13,"turns":1},{"damage":0,"enemies":"3 Sentries","floor":14,"turns":3},{"damage":50,"enemies":"Hexaghost","floor":16,"turns":6},{"damage":3,"enemies":"Chosen","floor":18,"turns":3},{"damage":8,"enemies":"Shell Parasite","floor":21,"turns":3},{"damage":0,"enemies":"Centurion and Healer","floor":22,"turns":5},{"damage":21,"enemies":"Gremlin Leader","floor":23,"turns":7}],"seed_played":"8498039095971969766","potions_obtained":[{"floor":3,"key":"EssenceOfSteel"},{"floor":5,"key":"Ancient Potion"},{"floor":10,"key":"PowerPotion"},{"floor":14,"key":"EssenceOfSteel"},{"floor":16,"key":"Explosive Potion"},{"floor":21,"key":"FearPotion"}],"is_trial":false,"path_per_floor":["M","?","M","M","M","R","?","E","T","E","R","M","M","E","R","B",null,"M","?","?","M","M","E"],"character_chosen":"THE_SILENT","items_purchased":[],"campfire_rested":1,"item_purchase_floors":[],"current_hp_per_floor":[70,70,70,64,55,55,55,55,55,37,70,70,70,70,70,20,70,67,35,29,21,21,0],"gold":661,"neow_bonus":"","is_prod":false,"is_daily":true,"chose_seed":false,"campfire_upgraded":2,"win_rate":0,"timestamp":1547703266,"path_taken":["M","?","?","M","M","R","?","E","T","E","R","M","M","?","R","BOSS","M","?","?","M","M","E"],"build_version":"2019-01-10","purchased_purges":0,"victory":false,"max_hp_per_floor":[70,70,70,70,70,70,70,70,70,70,70,70,70,70,70,70,70,70,35,35,35,35,35],"card_choices":[{"not_picked":["Acrobatics","Deflect"],"picked":"Quick Slash","floor":8},{"not_picked":["Outmaneuver","Escape Plan"],"picked":"Storm of Steel","floor":10},{"not_picked":["Bane","Masterful Stab"],"picked":"Dagger Throw","floor":14},{"not_picked":["Corpse Explosion","Malaise"],"picked":"After Image","floor":16}],"player_experience":58719,"relics_obtained":[{"floor":1,"key":"Regal Pillow"},{"floor":3,"key":"Ice Cream"},{"floor":4,"key":"Whetstone"},{"floor":5,"key":"FossilizedHelix"},{"floor":8,"key":"Bottled Flame"},{"floor":9,"key":"Darkstone Periapt"},{"floor":10,"key":"Blue Candle"},{"floor":12,"key":"MawBank"},{"floor":13,"key":"Pen Nib"},{"floor":14,"key":"Tiny Chest"},{"floor":18,"key":"Potion Belt"},{"floor":21,"key":"Lantern"},{"floor":22,"key":"Ornamental Fan"}],"event_choices":[{"damage_healed":0,"gold_gain":0,"cards_transformed":["Survivor"],"player_choice":"Transformed","damage_taken":0,"max_hp_gain":0,"max_hp_loss":0,"event_name":"Transmorgrifier","floor":2,"gold_loss":0,"cards_obtained":["Eviscerate"]},{"cards_removed":["Strike_G"],"damage_healed":0,"gold_gain":0,"player_choice":"Offered Basic","damage_taken":0,"max_hp_gain":0,"max_hp_loss":0,"event_name":"Bonfire Elementals","floor":7,"gold_loss":0},{"damage_healed":0,"gold_gain":0,"player_choice":"Became a Ghost","damage_taken":0,"max_hp_gain":0,"max_hp_loss":35,"event_name":"Ghosts","floor":19,"gold_loss":0,"cards_obtained":["Ghostly","Ghostly","Ghostly","Ghostly","Ghostly"]},{"damage_healed":0,"gold_gain":0,"player_choice":"Joined the Cult","damage_taken":6,"max_hp_gain":0,"max_hp_loss":0,"event_name":"Nest","floor":20,"gold_loss":0,"cards_obtained":["RitualDagger"]}],"is_beta":false,"boss_relics":[{"not_picked":["Snecko Eye","Eternal Feather"],"picked":"Astrolabe"}],"items_purged_floors":[],"is_endless":false,"potions_floor_spawned":[3,5,10,14,16,21],"killed_by":"Gremlin Leader","ascension_level":0}