{"gold_per_floor":[117,127,127,140,240,267,284,300,300,364,384,411,147,202,202,299,299,313,58,73,73,73,101,53,84,84,84,119,134,234,248,248,353,353,371,384,194,214,214,248,248,283,283,283,297,45,55,55,55,55],"floor_reached":51,"playtime":2840,"items_purged":["Defend_R","Clash","Writhe"],"score":860,"play_id":"e77d8e7a-14da-42f3-8d0a-1bd9499ae640","local_time":"20190416173549","is_ascension_mode":false,"campfire_choices":[{"floor":15,"key":"REST"},{"floor":27,"key":"REST"},{"data":"Whirlwind","floor":32,"key":"SMITH"},{"data":"Limit Break","floor":41,"key":"SMITH"},{"data":"Demon Form","floor":44,"key":"SMITH"},{"data":"Uppercut","floor":49,"key":"SMITH"}],"neow_cost":"NONE","seed_source_timestamp":368049775821100,"circlet_count":0,"master_deck":["Strike_R","Strike_R","Strike_R","Defend_R","Defend_R","Defend_R","Bash","Shrug It Off","Twin Strike","Limit Break+1","Battle Trance","Shrug It Off","Headbutt","Carnage","Demon Form+1","Shrug It Off","Uppercut+1","Bludgeon","Pommel Strike","Whirlwind+1","Inflame","Immolate","Clothesline","Hemokinesis+1","Pommel Strike","Seeing Red+1","Power Through+1","Warcry+1","Reaper","Headbutt","Blind+1","Iron Wave+1","PanicButton+1","Master of Strategy+1","Master of Strategy+1","Shockwave+1","Spot Weakness+1","Shockwave+1","True Grit+1","Spot Weakness+1","True Grit+1"],"relics":["Burning Blood","Darkstone Periapt","StoneCalendar","Letter Opener","Gambling Chip","Bag of Marbles","Tiny Chest","Mark of Pain","Red Skull","Gremlin Horn","Lantern","PreservedInsect","Toxic Egg 2","Oddly Smooth Stone","Ginger","Kunai","Cursed Key","Torii","Dream Catcher","Question Card"],"potions_floor_usage":[6,10,12,14,23,25,38,47,50],"damage_taken":[{"damage":5,"enemies":"Jaw Worm","floor":1,"turns":5},{"damage":0,"enemies":"2 Louse","floor":2,"turns":4},{"damage":1,"enemies":"Cultist","floor":4,"turns":4},{"damage":26,"enemies":"3 Sentries","floor":6,"turns":9},{"damage":16,"enemies":"Exordium Wildlife","floor":7,"turns":7},{"damage":5,"enemies":"Looter","floor":8,"turns":2},{"damage":13,"enemies":"3 Sentries","floor":10,"turns":7},{"damage":0,"enemies":"3 Louse","floor":11,"turns":3},{"damage":16,"enemies":"Gremlin Nob","floor":12,"turns":4},{"damage":19,"enemies":"3 Sentries","floor":14,"turns":7},{"damage":19,"enemies":"Slime Boss","floor":16,"turns":6},{"damage":0,"enemies":"Chosen","floor":18,"turns":3},{"damage":15,"enemies":"2 Thieves","floor":20,"turns":3},{"damage":40,"enemies":"Book of Stabbing","floor":23,"turns":5},{"damage":0,"enemies":"Gremlin Leader","floor":25,"turns":4},{"damage":6,"enemies":"Book of Stabbing","floor":28,"turns":3},{"damage":8,"enemies":"Centurion and Healer","floor":29,"turns":5},{"damage":0,"enemies":"Colosseum Slavers","floor":30,"turns":1},{"damage":2,"enemies":"Colosseum Nobs","floor":30,"turns":1},{"damage":22,"enemies":"Shelled Parasite and Fungi","floor":31,"turns":4},{"damage":28,"enemies":"Champ","floor":33,"turns":9},{"damage":0,"enemies":"Orb Walker","floor":35,"turns":2},{"damage":0,"enemies":"3 Darklings","floor":36,"turns":3},{"damage":16,"enemies":"Sphere and 2 Shapes","floor":38,"turns":7},{"damage":16,"enemies":"Nemesis","floor":40,"turns":5},{"damage":0,"enemies":"Reptomancer","floor":42,"turns":4},{"damage":21,"enemies":"Maw","floor":45,"turns":5},{"damage":6,"enemies":"Transient","floor":47,"turns":5},{"damage":10,"enemies":"Time Eater","floor":50,"turns":8}],"seed_played":"-4450464445811158809","potions_obtained":[{"floor":2,"key":"Energy Potion"},{"floor":8,"key":"Strength Potion"},{"floor":10,"key":"Block Potion"},{"floor":11,"key":"SkillPotion"},{"floor":12,"key":"SkillPotion"},{"floor":16,"key":"Swift Potion"},{"floor":18,"key":"LiquidBronze"},{"floor":20,"key":"Fire Potion"},{"floor":28,"key":"SpeedPotion"},{"floor":35,"key":"FearPotion"},{"floor":38,"key":"PowerPotion"}],"is_trial":false,"path_per_floor":["M","M","?","M","?","E","M","M","T","?","M","E","$","E","R","B",null,"M","$","M","$","?","E","$","E","T","R","E","M","?","M","R","B",null,"M","M","$","M","?","E","R","E","T","R","M","$","M","?","R","B",null],"character_chosen":"IRONCLAD","items_purchased":["Bag of Marbles","Shrug It Off","Whirlwind","Inflame","Red Skull","AttackPotion","Blind+1","True Grit+1","Spot Weakness+1"],"campfire_rested":2,"item_purchase_floors":[13,13,19,19,19,24,37,46,46],"current_hp_per_floor":[80,80,80,80,80,60,50,51,51,44,50,40,40,27,51,38,80,80,80,71,71,71,37,37,43,43,67,67,65,75,59,59,37,80,80,80,80,80,70,60,60,80,86,86,71,71,79,79,79,86],"gold":55,"neow_bonus":"REMOVE_CARD","is_prod":false,"is_daily":false,"chose_seed":false,"campfire_upgraded":4,"win_rate":1,"timestamp":1555461349,"path_taken":["M","M","?","M","?","E","M","?","T","?","M","E","$","E","R","BOSS","M","$","M","$","?","E","$","E","T","R","E","M","?","M","R","BOSS","M","M","$","M","?","E","R","E","T","R","M","$","M","?","R","BOSS"],"build_version":"2019-01-23","purchased_purges":3,"victory":true,"max_hp_per_floor":[80,80,80,80,80,80,80,80,80,80,80,80,80,80,80,80,80,80,80,80,80,80,80,80,80,80,80,80,80,80,80,80,80,80,80,80,80,80,80,80,80,80,86,86,86,86,86,86,86,86],"card_choices":[{"not_picked":["Perfected Strike","Infernal Blade"],"picked":"Shrug It Off","floor":1},{"not_picked":["Perfected Strike","Warcry"],"picked":"Twin Strike","floor":2},{"not_picked":["Combust","Cleave"],"picked":"Clash","floor":4},{"not_picked":["Evolve","Flame Barrier"],"picked":"Limit Break","floor":6},{"not_picked":["Flame Barrier","Clash"],"picked":"Battle Trance","floor":7},{"not_picked":["True Grit","Perfected Strike"],"picked":"Shrug It Off","floor":8},{"not_picked":["Entrench","Twin Strike"],"picked":"Headbutt","floor":10},{"not_picked":["Power Through","Sever Soul"],"picked":"Carnage","floor":11},{"not_picked":["Combust","Flame Barrier"],"picked":"Demon Form","floor":12},{"not_picked":["Anger","Thunderclap"],"picked":"Uppercut","floor":14},{"not_picked":["Limit Break","Dark Embrace"],"picked":"Bludgeon","floor":16},{"not_picked":["Wild Strike","Heavy Blade"],"picked":"Pommel Strike","floor":18},{"not_picked":["Shrug It Off","Entrench"],"picked":"Immolate","floor":20},{"not_picked":["Havoc","Exhume"],"picked":"Clothesline","floor":23},{"not_picked":["Fiend Fire","Combust"],"picked":"Hemokinesis+1","floor":25},{"not_picked":["Flex+1","Heavy Blade"],"picked":"Pommel Strike","floor":28},{"not_picked":["Entrench+1","Flex+1"],"picked":"Seeing Red+1","floor":29},{"not_picked":["Heavy Blade","Clothesline"],"picked":"Power Through+1","floor":30},{"not_picked":["Perfected Strike+1","Anger+1"],"picked":"Warcry+1","floor":31},{"not_picked":["Immolate","Limit Break+1"],"picked":"Reaper","floor":33},{"not_picked":["Entrench+1","Evolve+1","Sever Soul+1"],"picked":"SKIP","floor":35},{"not_picked":["Clash","Cleave"],"picked":"Headbutt","floor":36},{"not_picked":["Wild Strike+1","Sentinel+1"],"picked":"Iron Wave+1","floor":38},{"not_picked":["Thinking Ahead+1","Forethought+1"],"picked":"PanicButton+1","floor":39},{"not_picked":["PanicButton+1","Swift Strike"],"picked":"Master of Strategy+1","floor":39},{"not_picked":["Trip+1","Dark Shackles+1"],"picked":"Master of Strategy+1","floor":39},{"not_picked":["Blood for Blood+1","Clothesline+1"],"picked":"Shockwave+1","floor":40},{"not_picked":["Rage+1","Twin Strike+1"],"picked":"Spot Weakness+1","floor":42},{"not_picked":["Clothesline+1","True Grit+1","Pommel Strike"],"picked":"Shockwave+1","floor":45},{"not_picked":["Iron Wave","Hemokinesis","Wild Strike+1"],"picked":"True Grit+1","floor":47}],"player_experience":401599,"relics_obtained":[{"floor":6,"key":"Darkstone Periapt"},{"floor":9,"key":"StoneCalendar"},{"floor":12,"key":"Gambling Chip"},{"floor":14,"key":"Tiny Chest"},{"floor":23,"key":"Lantern"},{"floor":25,"key":"PreservedInsect"},{"floor":26,"key":"Toxic Egg 2"},{"floor":28,"key":"Oddly Smooth Stone"},{"floor":30,"key":"Ginger"},{"floor":30,"key":"Kunai"},{"floor":40,"key":"Torii"},{"floor":42,"key":"Dream Catcher"},{"floor":43,"key":"Question Card"}],"event_choices":[{"damage_healed":0,"gold_gain":0,"player_choice":"Ignored","damage_taken":0,"max_hp_gain":0,"max_hp_loss":0,"event_name":"Liars Game","floor":3,"gold_loss":0},{"damage_healed":0,"gold_gain":100,"player_choice":"Gold","damage_taken":0,"max_hp_gain":0,"max_hp_loss":0,"event_name":"Wheel of Change","floor":5,"gold_loss":0},{"damage_healed":0,"gold_gain":0,"player_choice":"Searched \u00273\u0027 times","damage_taken":0,"relics_obtained":["Letter Opener"],"max_hp_gain":0,"max_hp_loss":0,"event_name":"Dead Adventurer","floor":10,"gold_loss":0},{"damage_healed":0,"gold_gain":0,"player_choice":"Opened","damage_taken":0,"relics_obtained":["Gremlin Horn"],"max_hp_gain":0,"max_hp_loss":0,"event_name":"The Mausoleum","floor":22,"gold_loss":0},{"damage_healed":0,"gold_gain":0,"player_choice":"Fight","damage_taken":0,"max_hp_gain":0,"max_hp_loss":0,"event_name":"Colosseum","floor":30,"gold_loss":0},{"damage_healed":0,"gold_gain":0,"player_choice":"Fought Nobs","damage_taken":0,"max_hp_gain":0,"max_hp_loss":0,"event_name":"Colosseum","floor":30,"gold_loss":0},{"damage_healed":0,"gold_gain":0,"player_choice":"Memory 3","damage_taken":10,"max_hp_gain":0,"max_hp_loss":0,"event_name":"SensoryStone","floor":39,"gold_loss":0},{"cards_removed":["Strike_R"],"damage_healed":0,"gold_gain":0,"player_choice":"Removed Attack","damage_taken":0,"max_hp_gain":0,"max_hp_loss":0,"event_name":"Falling","floor":48,"gold_loss":0}],"is_beta":false,"boss_relics":[{"not_picked":["Ectoplasm","Orrery"],"picked":"Mark of Pain"},{"not_picked":["White Beast Statue","Coffee Dripper"],"picked":"Cursed Key"}],"items_purged_floors":[13,37,46],"is_endless":false,"potions_floor_spawned":[2,8,10,11,12,16,18,20,28,30,30,33,35,38,42],"ascension_level":0}