{"gold_per_floor":[118,118,118,134,134,197,208,208,233,233,267,64,93,107,107,178,178,194,119,49,65,13,13,46,46,71,88,88,88,114,126,126,126],"floor_reached":33,"playtime":3243,"items_purged":[],"score":512,"play_id":"081375fc-30ba-4923-893d-aa6cc23be2da","local_time":"20181021014200","is_ascension_mode":true,"campfire_choices":[{"floor":8,"key":"REST"},{"data":"Perfected Strike","floor":10,"key":"SMITH"},{"data":"1","floor":15,"key":"LIFT"},{"data":"2","floor":23,"key":"LIFT"},{"data":"3","floor":25,"key":"LIFT"},{"floor":29,"key":"REST"},{"data":"Bludgeon","floor":32,"key":"SMITH"}],"neow_cost":"NONE","seed_source_timestamp":889183952236460,"circlet_count":0,"master_deck":["Strike_R","Strike_R","Strike_R","Strike_R+1","Strike_R","Defend_R+1","Defend_R","Bash+1","AscendersBane","Twin Strike","Perfected Strike+1","Feel No Pain","Thunderclap","Headbutt","Flex","Disarm","Bludgeon+1","Warcry","Disarm","Cleave","Shrug It Off+1","Disarm","Twin Strike","Writhe","Shrug It Off","Twin Strike"],"relics":["Burning Blood","Anchor","Ancient Tea Set","Tiny Chest","Art of War","Gremlin Horn","Lee\u0027s Waffle","Girya","Eternal Feather","Sundial","Happy Flower","Dream Catcher","War Paint"],"potions_floor_usage":[11,11,18,33,33],"damage_taken":[{"damage":0,"enemies":"Small Slimes","floor":1,"turns":3},{"damage":0,"enemies":"Jaw Worm","floor":4,"turns":3},{"damage":8,"enemies":"Gremlin Nob","floor":6,"turns":3},{"damage":0,"enemies":"2 Louse","floor":7,"turns":2},{"damage":20,"enemies":"Lagavulin","floor":11,"turns":3},{"damage":17,"enemies":"3 Sentries","floor":13,"turns":6},{"damage":3,"enemies":"Blue Slaver","floor":14,"turns":2},{"damage":56,"enemies":"Hexaghost","floor":16,"turns":8},{"damage":11,"enemies":"Spheric Guardian","floor":18,"turns":3},{"damage":2,"enemies":"Chosen","floor":21,"turns":3},{"damage":51,"enemies":"Book of Stabbing","floor":24,"turns":6},{"damage":18,"enemies":"Snake Plant","floor":27,"turns":3},{"damage":3,"enemies":"Gremlin Leader","floor":30,"turns":3},{"damage":22,"enemies":"Snecko","floor":31,"turns":4},{"damage":85,"enemies":"Automaton","floor":33,"turns":8}],"seed_played":"6668057974839172119","potions_obtained":[{"floor":6,"key":"Energy Potion"},{"floor":7,"key":"FearPotion"},{"floor":13,"key":"Poison Potion"},{"floor":16,"key":"Fruit Juice"},{"floor":18,"key":"Poison Potion"}],"is_trial":false,"path_per_floor":["M","?","?","M","?","E","M","R","T","R","E","$","E","M","R","B",null,"M","?","$","M","$","R","E","R","T","M","?","R","E","M","R"],"character_chosen":"IRONCLAD","items_purchased":["Lee\u0027s Waffle","Disarm","Shrug It Off"],"campfire_rested":2,"item_purchase_floors":[12,20,22],"current_hp_per_floor":[74,67,52,58,16,14,20,42,42,42,28,82,71,74,74,24,68,68,68,68,72,72,84,39,51,51,39,39,77,80,64,79,0],"gold":126,"neow_bonus":"RANDOM_COMMON_RELIC","is_prod":false,"is_daily":false,"chose_seed":false,"campfire_upgraded":2,"win_rate":0,"timestamp":1540111320,"path_taken":["M","?","?","?","?","E","?","R","T","R","E","$","E","M","R","BOSS","M","?","$","M","$","R","E","R","T","M","?","R","E","M","R","BOSS"],"build_version":"2018-10-18","purchased_purges":0,"victory":false,"max_hp_per_floor":[75,75,75,75,75,75,75,75,75,75,75,82,82,82,82,82,82,87,87,87,87,87,87,87,87,87,87,87,87,87,87,87,87],"card_choices":[{"not_picked":["Battle Trance","Heavy Blade"],"picked":"Twin Strike","floor":1},{"not_picked":["Warcry","Combust"],"picked":"Perfected Strike","floor":4},{"not_picked":["Anger","Sword Boomerang"],"picked":"Feel No Pain","floor":6},{"not_picked":["Ghostly Armor","Blood for Blood"],"picked":"Thunderclap","floor":7},{"not_picked":["Pummel","Cleave"],"picked":"Headbutt","floor":11},{"not_picked":["Heavy Blade","Havoc"],"picked":"Flex","floor":13},{"not_picked":["Sentinel","True Grit"],"picked":"Disarm","floor":14},{"not_picked":["Brutality","Demon Form"],"picked":"Bludgeon","floor":16},{"not_picked":["Intimidate","Bloodletting"],"picked":"Warcry","floor":18},{"not_picked":["Heavy Blade","Ghostly Armor"],"picked":"Cleave","floor":21},{"not_picked":["Uppercut","Searing Blow"],"picked":"Disarm","floor":24},{"not_picked":["Corruption","Rupture"],"picked":"Twin Strike","floor":27},{"not_picked":["Blood for Blood","Evolve+1"],"picked":"Shrug It Off","floor":30},{"not_picked":["Anger+1","Reckless Charge"],"picked":"Twin Strike","floor":31}],"player_experience":587907,"relics_obtained":[{"floor":6,"key":"Tiny Chest"},{"floor":9,"key":"Art of War"},{"floor":11,"key":"Gremlin Horn"},{"floor":13,"key":"Girya"},{"floor":24,"key":"Sundial"},{"floor":26,"key":"Happy Flower"},{"floor":30,"key":"War Paint"}],"event_choices":[{"cards_removed":["Defend_R"],"damage_healed":0,"gold_gain":0,"player_choice":"Card Removal","damage_taken":7,"max_hp_gain":0,"max_hp_loss":0,"event_name":"Golden Wing","floor":2,"gold_loss":0},{"damage_healed":0,"gold_gain":0,"player_choice":"Entered Light","damage_taken":15,"max_hp_gain":0,"max_hp_loss":0,"event_name":"Shining Light","floor":3,"gold_loss":0,"cards_upgraded":["Bash","Strike_R"]},{"damage_healed":0,"gold_gain":0,"player_choice":"Success","damage_taken":42,"relics_obtained":["Ancient Tea Set"],"max_hp_gain":0,"max_hp_loss":0,"event_name":"Scrap Ooze","floor":5,"gold_loss":0},{"cards_removed":["Defend_R"],"damage_healed":0,"gold_gain":0,"player_choice":"Gave Gold","damage_taken":0,"max_hp_gain":0,"max_hp_loss":0,"event_name":"Beggar","floor":19,"gold_loss":75},{"damage_healed":0,"gold_gain":0,"player_choice":"Opened","damage_taken":0,"relics_obtained":["Dream Catcher"],"max_hp_gain":0,"max_hp_loss":0,"event_name":"The Mausoleum","floor":28,"gold_loss":0,"cards_obtained":["Writhe"]}],"is_beta":false,"boss_relics":[{"not_picked":["Black Blood","Runic Dome"],"picked":"Eternal Feather"}],"items_purged_floors":[],"is_endless":false,"potions_floor_spawned":[6,7,13,16,18,27,30],"killed_by":"Automaton","ascension_level":14}