{"gold_per_floor":[114,189,189,224,259,259,294,329,354,354,369,369,404,154,154,254,254,269,294,309,309,309,309,324,324,324,339,354,369,369,384,384,384],"floor_reached":33,"playtime":1801,"items_purged":[],"score":418,"play_id":"38e6259f-7d2e-4a71-bd90-1abfeeb29741","local_time":"20181124062111","daily_mods":["Allstar","Hoarder","Terminal"],"is_ascension_mode":false,"campfire_choices":[{"data":"Mind Blast","floor":6,"key":"SMITH"},{"data":"Mind Blast","floor":10,"key":"SMITH"},{"floor":15,"key":"REST"},{"data":"After Image","floor":23,"key":"SMITH"},{"data":"Tools of the Trade","floor":25,"key":"SMITH"},{"data":"Acrobatics","floor":30,"key":"SMITH"},{"data":"Survivor","floor":32,"key":"SMITH"}],"neow_cost":"","seed_source_timestamp":0,"circlet_count":0,"master_deck":["Defend_G","Defend_G","Defend_G","Defend_G","Defend_G","Strike_G","Strike_G","Strike_G","Strike_G","Strike_G","Survivor+1","Violence","Violence","Violence","Thinking Ahead","Thinking Ahead","Thinking Ahead","Chrysalis","Chrysalis","Chrysalis","HandOfGreed","HandOfGreed","HandOfGreed","Mind Blast+1","Mind Blast+1","Mind Blast+1","Terror","Terror","Terror","PiercingWail","PiercingWail","PiercingWail","Underhanded Strike","Underhanded Strike","Underhanded Strike","All Out Attack","All Out Attack","All Out Attack","Deadly Poison","Deadly Poison","Deadly Poison","After Image","After Image","After Image+1","Acrobatics","Acrobatics","Acrobatics+1","Tools of the Trade","Tools of the Trade","Tools of the Trade+1","Shame","Shame","Shame","Slice+1","Slice+1","Slice+1","Poisoned Stab","Poisoned Stab","Poisoned Stab","Regret","Regret","Regret","Eviscerate","Eviscerate","Eviscerate","Injury","Injury","Injury","Dodge and Roll+1","Dodge and Roll+1","Dodge and Roll+1","Concentrate+1","Concentrate+1","Concentrate+1","Underhanded Strike","Underhanded Strike","Underhanded Strike"],"special_seed":17859,"relics":["Ring of the Snake","Anchor","Ninja Scroll","Cursed Key","Pen Nib","Frozen Egg 2","Dream Catcher"],"potions_floor_usage":[16,33,33],"damage_taken":[{"damage":3,"enemies":"Small Slimes","floor":1,"turns":5},{"damage":6,"enemies":"Jaw Worm","floor":4,"turns":5},{"damage":0,"enemies":"Cultist","floor":5,"turns":4},{"damage":1,"enemies":"3 Louse","floor":7,"turns":3},{"damage":4,"enemies":"Exordium Wildlife","floor":8,"turns":5},{"damage":0,"enemies":"Red Slaver","floor":11,"turns":1},{"damage":0,"enemies":"Blue Slaver","floor":13,"turns":1},{"damage":14,"enemies":"The Guardian","floor":16,"turns":8},{"damage":0,"enemies":"Shell Parasite","floor":18,"turns":1},{"damage":0,"enemies":"3 Byrds","floor":20,"turns":2},{"damage":0,"enemies":"3 Cultists","floor":24,"turns":1},{"damage":0,"enemies":"Shelled Parasite and Fungi","floor":27,"turns":1},{"damage":0,"enemies":"Centurion and Healer","floor":28,"turns":1},{"damage":0,"enemies":"Sentry and Sphere","floor":29,"turns":1},{"damage":0,"enemies":"Shelled Parasite and Fungi","floor":31,"turns":1},{"damage":37,"enemies":"Automaton","floor":33,"turns":5}],"seed_played":"-6046446197112950682","potions_obtained":[{"floor":1,"key":"FearPotion"},{"floor":5,"key":"FearPotion"},{"floor":8,"key":"Block Potion"},{"floor":16,"key":"AttackPotion"},{"floor":18,"key":"GamblersBrew"},{"floor":27,"key":"Fire Potion"},{"floor":29,"key":"SteroidPotion"}],"is_trial":false,"path_per_floor":["M","?","?","M","M","R","M","M","T","R","M","?","M","$","R","B",null,"M","T","M","?","T","R","M","R","T","M","M","M","R","M","R","B"],"character_chosen":"THE_SILENT","items_purchased":["Ninja Scroll"],"campfire_rested":1,"item_purchase_floors":[14],"current_hp_per_floor":[66,55,55,49,49,49,48,44,44,44,44,44,44,44,54,40,52,51,50,49,48,47,46,45,44,43,42,41,40,39,38,37,0],"gold":384,"neow_bonus":"","is_prod":false,"is_daily":true,"chose_seed":false,"campfire_upgraded":6,"win_rate":0.0,"timestamp":1543069271,"path_taken":["M","?","?","?","M","R","M","M","T","R","M","?","M","?","R","BOSS","M","?","M","?","?","R","M","R","T","M","?","M","R","M","R","BOSS"],"build_version":"2018-11-15","purchased_purges":0,"victory":false,"max_hp_per_floor":[68,67,66,65,64,63,62,61,60,59,58,57,56,55,54,53,52,51,50,49,48,47,46,45,44,43,42,41,40,39,38,37,37],"card_choices":[{"not_picked":["Leg Sweep","PiercingWail"],"picked":"Terror","floor":1},{"not_picked":["Backflip","Prepared"],"picked":"Underhanded Strike","floor":4},{"not_picked":["Catalyst","Dodge and Roll"],"picked":"All Out Attack","floor":5},{"not_picked":["Finisher","Dodge and Roll"],"picked":"Deadly Poison","floor":7},{"not_picked":["Leg Sweep","Sucker Punch","Blur"],"picked":"SKIP","floor":8},{"not_picked":["Prepared","Dagger Spray"],"picked":"After Image","floor":11},{"not_picked":["PiercingWail","Eviscerate"],"picked":"Acrobatics","floor":13},{"not_picked":["Grand Finale","Glass Knife"],"picked":"Tools of the Trade","floor":16},{"not_picked":["Dagger Throw","Escape Plan","Deflect"],"picked":"SKIP","floor":18},{"not_picked":["Sucker Punch+1","Leg Sweep"],"picked":"Slice+1","floor":20},{"not_picked":["Acrobatics","Blur+1"],"picked":"Eviscerate","floor":24},{"not_picked":["Quick Slash","Sucker Punch"],"picked":"Dodge and Roll+1","floor":27},{"not_picked":["Flechettes+1","Noxious Fumes+1"],"picked":"Concentrate+1","floor":28},{"not_picked":["Heel Hook","Riddle With Holes"],"picked":"Underhanded Strike","floor":29},{"not_picked":["Bane","Outmaneuver","Deadly Poison"],"picked":"SKIP","floor":31}],"player_experience":26741,"relics_obtained":[{"floor":9,"key":"Anchor"},{"floor":19,"key":"Pen Nib"},{"floor":22,"key":"Frozen Egg 2"},{"floor":26,"key":"Dream Catcher"}],"event_choices":[{"damage_healed":0,"gold_gain":75,"player_choice":"Gather Gold","damage_taken":11,"max_hp_gain":0,"max_hp_loss":0,"event_name":"World of Goop","floor":2,"gold_loss":0},{"damage_healed":0,"gold_gain":0,"cards_transformed":["Neutralize"],"player_choice":"Transformed","damage_taken":0,"max_hp_gain":0,"max_hp_loss":0,"event_name":"Transmorgrifier","floor":3,"gold_loss":0,"cards_obtained":["PiercingWail"]},{"damage_healed":0,"gold_gain":0,"player_choice":"Grow","damage_taken":0,"max_hp_gain":0,"max_hp_loss":0,"event_name":"Living Wall","floor":12,"gold_loss":0,"cards_upgraded":["Mind Blast"]},{"damage_healed":0,"gold_gain":0,"player_choice":"Read","damage_taken":0,"max_hp_gain":0,"max_hp_loss":0,"event_name":"The Library","floor":21,"gold_loss":0,"cards_obtained":["Poisoned Stab"]}],"is_beta":false,"boss_relics":[{"not_picked":["Busted Crown","Tiny House"],"picked":"Cursed Key"}],"items_purged_floors":[],"is_endless":false,"potions_floor_spawned":[1,5,8,16,18,27,29,31],"killed_by":"Automaton","ascension_level":0}