{"gold_per_floor":[117,130,6,6,181,181,213,213,213,213,213,242,252,252,252,349,399,389,314,328,328,328,328],"floor_reached":23,"playtime":429,"items_purged":[],"score":254,"play_id":"3214827e-83ab-466c-9fa0-2220fd1c9a1b","local_time":"20181016122344","is_ascension_mode":true,"campfire_choices":[{"data":"Redo","floor":6,"key":"SMITH"},{"data":"Redo","floor":8,"key":"SMITH"},{"floor":11,"key":"REST"},{"floor":15,"key":"REST"}],"neow_cost":"TEN_PERCENT_HP_LOSS","seed_source_timestamp":498498858803643,"circlet_count":0,"master_deck":["Strike_B+1","Strike_B","Strike_B","Strike_B+1","Defend_B","Defend_B","Defend_B","Zap","Dualcast+1","Leap","Redo+1","Defragment+1","Redo+1","Melter","Storm","Conserve Battery","Amplify","Redo","Static Discharge","Coolheaded+1","Decay"],"relics":["Cracked Core","Incense Burner","Emotion Chip","Calipers","Question Card","Tiny House"],"potions_floor_usage":[16,18],"damage_taken":[{"damage":1,"enemies":"Cultist","floor":1,"turns":3},{"damage":2,"enemies":"Jaw Worm","floor":2,"turns":3},{"damage":22,"enemies":"Lagavulin","floor":7,"turns":7},{"damage":22,"enemies":"3 Sentries","floor":12,"turns":6},{"damage":0,"enemies":"2 Louse","floor":13,"turns":2},{"damage":21,"enemies":"Hexaghost","floor":16,"turns":7},{"damage":14,"enemies":"2 Thieves","floor":18,"turns":4},{"damage":6,"enemies":"3 Byrds","floor":20,"turns":1},{"damage":41,"enemies":"Gremlin Leader","floor":23,"turns":3}],"seed_played":"-3507670877026329152","potions_obtained":[{"floor":7,"key":"Ancient Potion"},{"floor":12,"key":"Strength Potion"},{"floor":17,"key":"Poison Potion"},{"floor":20,"key":"FearPotion"}],"is_trial":false,"path_per_floor":["M","M","$","?","?","R","E","R","T","?","R","E","M","?","R","B",null,"M","?","M","?","?"],"character_chosen":"DEFECT","items_purchased":["Defragment","Redo"],"campfire_rested":2,"item_purchase_floors":[3,3],"current_hp_per_floor":[67,65,65,58,58,58,36,36,36,22,42,20,20,20,40,19,61,47,47,41,41,41,0],"gold":328,"neow_bonus":"ONE_RARE_RELIC","is_prod":false,"is_daily":false,"chose_seed":false,"campfire_upgraded":2,"win_rate":0,"timestamp":1539717824,"path_taken":["M","?","$","?","?","R","E","R","T","?","R","E","M","?","R","BOSS","M","?","M","?","?","E"],"build_version":"2018-10-11","purchased_purges":0,"victory":false,"max_hp_per_floor":[68,68,68,68,68,68,68,68,68,68,68,68,68,68,68,68,73,73,73,73,73,73,73],"card_choices":[{"not_picked":["Hello World","Stack"],"picked":"Leap","floor":1},{"not_picked":["Steam","Reinforced Body"],"picked":"Redo","floor":2},{"not_picked":["Scrape","FTL"],"picked":"Melter","floor":7},{"not_picked":["Rip and Tear","Rebound"],"picked":"Storm","floor":12},{"not_picked":["Consume","Steam","Stack"],"picked":"Conserve Battery","floor":13},{"not_picked":["Rainbow","Core Surge","Seek"],"picked":"Amplify","floor":16},{"not_picked":["Stack","Consume","Chaos"],"picked":"Redo","floor":17},{"not_picked":["Aggregate","Melter","Hologram"],"picked":"Static Discharge","floor":18},{"not_picked":["Genetic Algorithm+1","Turbo","Doom and Gloom"],"picked":"Coolheaded+1","floor":20}],"player_experience":532891,"relics_obtained":[{"floor":7,"key":"Emotion Chip"},{"floor":9,"key":"Calipers"},{"floor":12,"key":"Question Card"}],"event_choices":[{"event_name":"Golden Wing","player_choice":"Card Removal","floor":4,"damage_taken":0},{"event_name":"Liars Game","player_choice":"agreed","floor":5,"damage_taken":0},{"event_name":"Shining Light","player_choice":"Entered Light","floor":10,"damage_taken":0},{"event_name":"Living Wall","player_choice":"Grow","floor":14,"damage_taken":0},{"event_name":"Beggar","player_choice":"Gave Gold","floor":19,"damage_taken":0},{"event_name":"Forgotten Altar","player_choice":"Smashed Altar","floor":21,"damage_taken":0},{"event_name":"Vampires","player_choice":"Ignored","floor":22,"damage_taken":0}],"is_beta":false,"boss_relics":[{"not_picked":["Empty Cage","Busted Crown"],"picked":"Tiny House"}],"items_purged_floors":[],"is_endless":false,"potions_floor_spawned":[7,12,20],"killed_by":"Gremlin Leader","ascension_level":6}