{"gold_per_floor":[111,24,43,43,8,36,86,98,98,127,127,127,52,64,64,135,135,154,79,79,79,92,92,126,126,126,143,2,28,28,41,41,41],"floor_reached":33,"playtime":797,"items_purged":["Defend_G","Writhe"],"score":677,"play_id":"a69fab64-a0d6-4d26-93c3-263b0a337c65","local_time":"20190207174458","is_ascension_mode":true,"campfire_choices":[{"data":"Masterful Stab","floor":11,"key":"SMITH"},{"data":"Predator","floor":15,"key":"SMITH"},{"floor":23,"key":"REST"},{"floor":32,"key":"REST"}],"neow_cost":"NONE","seed_source_timestamp":612008529948389,"circlet_count":0,"master_deck":["AscendersBane","Defend_G","Defend_G","Defend_G","Strike_G","Strike_G","Survivor","Neutralize","Deflect","Masterful Stab+1","Predator+1","Cloak And Dagger","Dagger Spray","PiercingWail","Doppelganger","Riddle With Holes+1","Eviscerate+1","Dagger Spray+1","Backstab","Well Laid Plans","Well Laid Plans+1"],"relics":["Ring of the Snake","NeowsBlessing","Mercury Hourglass","Happy Flower","Snake Skull","Bag of Preparation","Astrolabe","Unceasing Top","Strawberry","Tingsha","Shovel","Juzu Bracelet"],"potions_floor_usage":[10,16,22,27,33],"damage_taken":[{"damage":0,"enemies":"Small Slimes","floor":1,"turns":1},{"damage":0,"enemies":"2 Louse","floor":3,"turns":1},{"damage":0,"enemies":"Lagavulin","floor":6,"turns":1},{"damage":0,"enemies":"Cultist","floor":8,"turns":3},{"damage":0,"enemies":"3 Sentries","floor":10,"turns":5},{"damage":0,"enemies":"3 Louse","floor":14,"turns":2},{"damage":19,"enemies":"Slime Boss","floor":16,"turns":10},{"damage":10,"enemies":"2 Thieves","floor":18,"turns":3},{"damage":11,"enemies":"Colosseum Slavers","floor":20,"turns":4},{"damage":6,"enemies":"3 Byrds","floor":22,"turns":4},{"damage":13,"enemies":"Slavers","floor":24,"turns":4},{"damage":4,"enemies":"Snecko","floor":27,"turns":3},{"damage":0,"enemies":"Gremlin Leader","floor":29,"turns":5},{"damage":19,"enemies":"Sentry and Sphere","floor":31,"turns":5},{"damage":40,"enemies":"Collector","floor":33,"turns":7}],"seed_played":"-4427002407540511607","potions_obtained":[{"floor":3,"key":"Block Potion"},{"floor":14,"key":"AttackPotion"},{"floor":18,"key":"SpeedPotion"},{"floor":24,"key":"Energy Potion"},{"floor":27,"key":"SpeedPotion"}],"is_trial":false,"path_per_floor":["M","$","M","?","?","E","?","M","T","E","R","?","$","M","R","B",null,"M","?","?","?","M","R","E","T","T","M","$","E","?","M","R","B"],"character_chosen":"THE_SILENT","items_purchased":["Masterful Stab","Well Laid Plans"],"campfire_rested":2,"item_purchase_floors":[2,28],"current_hp_per_floor":[59,59,59,59,66,66,66,66,66,66,66,48,48,48,48,29,57,47,47,36,36,30,49,43,43,43,39,39,39,39,20,41,1],"gold":41,"neow_bonus":"THREE_ENEMY_KILL","is_prod":false,"is_daily":false,"chose_seed":false,"campfire_upgraded":2,"win_rate":0,"timestamp":1549590298,"path_taken":["M","$","M","?","?","E","?","?","T","E","R","?","?","M","R","BOSS","M","?","?","?","M","R","E","?","T","M","$","E","?","M","R","BOSS"],"build_version":"2019-01-23","purchased_purges":2,"victory":false,"max_hp_per_floor":[66,66,66,66,66,66,66,66,66,66,66,66,66,66,66,66,66,66,66,66,66,66,66,73,73,73,73,73,73,73,73,73,73],"card_choices":[{"not_picked":["Blade Dance","Prepared"],"picked":"Deflect","floor":1},{"not_picked":["Dagger Spray","PiercingWail"],"picked":"Predator","floor":3},{"not_picked":["Grand Finale","Endless Agony"],"picked":"Cloak And Dagger","floor":6},{"not_picked":["Slice","Caltrops"],"picked":"Dagger Spray","floor":8},{"not_picked":["Backflip","Bane"],"picked":"PiercingWail","floor":10},{"not_picked":["Sucker Punch","Bane","Backflip"],"picked":"SKIP","floor":14},{"not_picked":["Storm of Steel","Phantasmal Killer"],"picked":"Doppelganger","floor":16},{"not_picked":["Poisoned Stab","Flying Knee+1","Dagger Spray"],"picked":"SKIP","floor":18},{"not_picked":["Slice","Flechettes"],"picked":"Backstab","floor":22},{"not_picked":["Flechettes","All Out Attack","Choke"],"picked":"SKIP","floor":24},{"not_picked":["Backflip","Predator","Quick Slash"],"picked":"SKIP","floor":27},{"not_picked":["Predator","Slice","Bane"],"picked":"SKIP","floor":29},{"not_picked":["Blade Dance","Masterful Stab"],"picked":"Well Laid Plans+1","floor":31}],"player_experience":1098588,"relics_obtained":[{"floor":6,"key":"Mercury Hourglass"},{"floor":9,"key":"Happy Flower"},{"floor":10,"key":"Snake Skull"},{"floor":24,"key":"Strawberry"},{"floor":25,"key":"Tingsha"},{"floor":26,"key":"Shovel"},{"floor":29,"key":"Juzu Bracelet"}],"event_choices":[{"damage_healed":0,"gold_gain":0,"player_choice":"Ignored","damage_taken":0,"max_hp_gain":0,"max_hp_loss":0,"event_name":"Liars Game","floor":4,"gold_loss":0},{"damage_healed":16,"gold_gain":0,"player_choice":"Healed","damage_taken":0,"max_hp_gain":0,"max_hp_loss":0,"event_name":"The Cleric","floor":5,"gold_loss":35},{"damage_healed":0,"gold_gain":50,"player_choice":"Pray","damage_taken":0,"max_hp_gain":0,"max_hp_loss":0,"event_name":"Golden Shrine","floor":7,"gold_loss":0},{"damage_healed":0,"gold_gain":0,"player_choice":"Success","damage_taken":18,"relics_obtained":["Bag of Preparation"],"max_hp_gain":0,"max_hp_loss":0,"event_name":"Scrap Ooze","floor":12,"gold_loss":0},{"cards_removed":["Strike_G"],"damage_healed":0,"gold_gain":0,"player_choice":"Gave Gold","damage_taken":0,"max_hp_gain":0,"max_hp_loss":0,"event_name":"Beggar","floor":19,"gold_loss":75},{"damage_healed":0,"gold_gain":0,"player_choice":"Fight","damage_taken":0,"max_hp_gain":0,"max_hp_loss":0,"event_name":"Colosseum","floor":20,"gold_loss":0},{"damage_healed":0,"gold_gain":0,"player_choice":"Fled From Nobs","damage_taken":0,"max_hp_gain":0,"max_hp_loss":0,"event_name":"Colosseum","floor":20,"gold_loss":0},{"damage_healed":0,"gold_gain":0,"player_choice":"Opened","damage_taken":0,"relics_obtained":["Unceasing Top"],"max_hp_gain":0,"max_hp_loss":0,"event_name":"The Mausoleum","floor":21,"gold_loss":0,"cards_obtained":["Writhe"]},{"damage_healed":0,"gold_gain":0,"player_choice":"0 cards matched","damage_taken":0,"max_hp_gain":0,"max_hp_loss":0,"event_name":"Match and Keep!","floor":30,"gold_loss":0,"cards_obtained":[]}],"is_beta":false,"boss_relics":[{"not_picked":["Tiny House","Pandora\u0027s Box"],"picked":"Astrolabe"}],"items_purged_floors":[13,28],"is_endless":false,"potions_floor_spawned":[3,14,18,24,27],"killed_by":"Collector","ascension_level":17}