{"gold_per_floor":[112,112,131,131,50,80,80,108,131,147,147,207,207,220,220,294,294,306,324,304,229,229,229,241,241,241,241,253,98,98,133,133,133],"floor_reached":33,"playtime":2896,"items_purged":["Strike_R"],"score":515,"play_id":"ebd20779-525d-4769-b158-bc536269a260","local_time":"20190416202044","is_ascension_mode":true,"campfire_choices":[{"data":"Rampage","floor":7,"key":"SMITH"},{"floor":15,"key":"REST"},{"floor":23,"key":"REST"},{"data":"Reaper","floor":25,"key":"SMITH"},{"data":"Corruption","floor":27,"key":"SMITH"},{"data":"Armaments","floor":30,"key":"SMITH"},{"floor":32,"key":"REST"}],"neow_cost":"NONE","seed_source_timestamp":777207396896825,"circlet_count":0,"master_deck":["AscendersBane","Strike_R","Strike_R","Strike_R","Strike_R","Defend_R","Defend_R","Defend_R","Defend_R","Bash+1","Shockwave+1","Shrug It Off","Rampage+1","Burning Pact","Cleave","Feel No Pain","Bludgeon","Disarm","Corruption+1","Reaper+1","Armaments+1","Combust","Iron Wave+1"],"relics":["Burning Blood","Red Skull","StoneCalendar","Juzu Bracelet","Bird Faced Urn","Velvet Choker","Paper Frog","Potion Belt"],"potions_floor_usage":[8,18,22,22,31,31,33],"damage_taken":[{"damage":6,"enemies":"Jaw Worm","floor":1,"turns":4},{"damage":3,"enemies":"2 Louse","floor":3,"turns":4},{"damage":31,"enemies":"Gremlin Nob","floor":6,"turns":4},{"damage":27,"enemies":"3 Sentries","floor":8,"turns":6},{"damage":0,"enemies":"Cultist","floor":10,"turns":2},{"damage":24,"enemies":"Gremlin Nob","floor":12,"turns":4},{"damage":0,"enemies":"Large Slime","floor":14,"turns":4},{"damage":28,"enemies":"Slime Boss","floor":16,"turns":7},{"damage":32,"enemies":"3 Byrds","floor":18,"turns":7},{"damage":25,"enemies":"2 Thieves","floor":19,"turns":5},{"damage":6,"enemies":"Colosseum Slavers","floor":22,"turns":5},{"damage":2,"enemies":"Snecko","floor":24,"turns":6},{"damage":38,"enemies":"Centurion and Healer","floor":28,"turns":6},{"damage":73,"enemies":"Slavers","floor":31,"turns":5},{"damage":70,"enemies":"Automaton","floor":33,"turns":6}],"seed_played":"8349024465953509355","potions_obtained":[{"floor":3,"key":"Explosive Potion"},{"floor":10,"key":"Dexterity Potion"},{"floor":16,"key":"FearPotion"},{"floor":20,"key":"SpeedPotion"},{"floor":24,"key":"Ancient Potion"},{"floor":28,"key":"SteroidPotion"},{"floor":31,"key":"Weak Potion"}],"is_trial":false,"path_per_floor":["M","?","M","?","$","E","R","E","T","M","?","?","?","M","R","B",null,"M","M","?","?","?","R","M","R","T","R","M","$","R","E","R","B"],"character_chosen":"IRONCLAD","items_purchased":["Rampage","Combust"],"campfire_rested":3,"item_purchase_floors":[5,29],"current_hp_per_floor":[68,68,71,76,76,51,51,30,30,36,56,38,38,44,68,48,72,46,29,29,29,33,56,64,64,64,64,48,48,48,24,47,0],"gold":133,"neow_bonus":"UPGRADE_CARD","is_prod":false,"is_daily":false,"chose_seed":false,"campfire_upgraded":4,"win_rate":0,"timestamp":1555460444,"path_taken":["M","?","M","?","$","E","R","E","T","M","?","?","?","M","R","BOSS","M","M","?","?","?","R","M","R","T","R","M","?","R","E","R","BOSS"],"build_version":"2019-01-23","purchased_purges":1,"victory":false,"max_hp_per_floor":[75,75,75,80,80,80,80,80,80,80,80,80,80,80,80,80,80,80,80,80,77,77,77,77,77,77,77,77,77,77,77,77,77],"card_choices":[{"not_picked":["Heavy Blade","Whirlwind"],"picked":"Shockwave","floor":1},{"not_picked":["Clothesline","Perfected Strike"],"picked":"Shrug It Off","floor":3},{"not_picked":["Cleave","Combust","Rupture"],"picked":"SKIP","floor":6},{"not_picked":["Fire Breathing","Flex","Perfected Strike"],"picked":"SKIP","floor":8},{"not_picked":["Fire Breathing","Anger"],"picked":"Burning Pact","floor":10},{"not_picked":["Sword Boomerang","Exhume"],"picked":"Cleave","floor":12},{"not_picked":["Clothesline","Infernal Blade"],"picked":"Feel No Pain","floor":14},{"not_picked":["Brutality","Reaper"],"picked":"Bludgeon","floor":16},{"not_picked":["Cleave","Twin Strike"],"picked":"Disarm","floor":18},{"not_picked":["Twin Strike","Warcry"],"picked":"Corruption","floor":19},{"not_picked":["Wild Strike","Pommel Strike"],"picked":"Reaper","floor":24},{"not_picked":["Thunderclap","Infernal Blade"],"picked":"Armaments","floor":28},{"not_picked":["Havoc","Pommel Strike"],"picked":"Iron Wave+1","floor":31}],"player_experience":374487,"relics_obtained":[{"floor":6,"key":"Red Skull"},{"floor":8,"key":"StoneCalendar"},{"floor":9,"key":"Juzu Bracelet"},{"floor":12,"key":"Bird Faced Urn"},{"floor":26,"key":"Paper Frog"},{"floor":31,"key":"Potion Belt"}],"event_choices":[{"damage_healed":0,"gold_gain":0,"player_choice":"Grow","damage_taken":0,"max_hp_gain":0,"max_hp_loss":0,"event_name":"Living Wall","floor":2,"gold_loss":0,"cards_upgraded":["Shockwave"]},{"damage_healed":0,"gold_gain":0,"player_choice":"Donut","damage_taken":0,"max_hp_gain":5,"max_hp_loss":0,"event_name":"Big Fish","floor":4,"gold_loss":0},{"damage_healed":20,"gold_gain":0,"player_choice":"Healed and dodged fight","damage_taken":0,"max_hp_gain":0,"max_hp_loss":0,"event_name":"Mushrooms","floor":11,"gold_loss":0,"cards_obtained":["Parasite"]},{"damage_healed":0,"gold_gain":0,"player_choice":"Searched \u00271\u0027 times","damage_taken":0,"max_hp_gain":0,"max_hp_loss":0,"event_name":"Dead Adventurer","floor":12,"gold_loss":0},{"damage_healed":0,"gold_gain":0,"player_choice":"Ignored","damage_taken":0,"max_hp_gain":0,"max_hp_loss":0,"event_name":"Shining Light","floor":13,"gold_loss":0},{"damage_healed":0,"gold_gain":0,"player_choice":"Bought 1 Potion","damage_taken":0,"max_hp_gain":0,"max_hp_loss":0,"event_name":"The Woman in Blue","floor":20,"gold_loss":0},{"cards_removed":["Parasite"],"damage_healed":0,"gold_gain":0,"player_choice":"Gave Gold","damage_taken":0,"max_hp_gain":0,"max_hp_loss":0,"event_name":"Beggar","floor":21,"gold_loss":75},{"damage_healed":0,"gold_gain":0,"player_choice":"Fight","damage_taken":0,"max_hp_gain":0,"max_hp_loss":0,"event_name":"Colosseum","floor":22,"gold_loss":0},{"damage_healed":0,"gold_gain":0,"player_choice":"Fled From Nobs","damage_taken":0,"max_hp_gain":0,"max_hp_loss":0,"event_name":"Colosseum","floor":22,"gold_loss":0}],"is_beta":false,"boss_relics":[{"not_picked":["Busted Crown","Runic Dome"],"picked":"Velvet Choker"}],"items_purged_floors":[29],"is_endless":false,"potions_floor_spawned":[3,10,16,24,28,31],"killed_by":"Automaton","ascension_level":18}