{"gold_per_floor":[116,132,143,11,23,23,41,41,41,54,84,49,74,91,91,167,167,183,183,200,211,226,226,226,226,226,252,265,190,190,201,201,280,280,297,315,315,51,63,95,95,130,153,166,186,203,231,247,247,247,247],"floor_reached":52,"playtime":7180,"items_purged":["Strike_G+1"],"score":1960,"play_id":"46c751ea-d191-4159-ad44-ffb080ef6928","local_time":"20190416120859","is_ascension_mode":true,"campfire_choices":[{"data":"Noxious Fumes","floor":6.0,"key":"SMITH"},{"data":"Catalyst","floor":8.0,"key":"SMITH"},{"data":"Neutralize","floor":15.0,"key":"SMITH"},{"floor":23.0,"key":"REST"},{"floor":25.0,"key":"REST"},{"data":"Catalyst","floor":30.0,"key":"SMITH"},{"floor":32.0,"key":"REST"},{"floor":41.0,"key":"REST"},{"floor":49,"key":"REST"}],"neow_cost":"NONE","seed_source_timestamp":349856114025575,"circlet_count":0,"master_deck":["AscendersBane","Defend_G+1","Defend_G+1","Defend_G+1","Defend_G+1","Defend_G+1","Strike_G+1","Survivor","Neutralize+1","Dagger Throw","Poisoned Stab","Backstab+1","Noxious Fumes+1","Sucker Punch+1","Catalyst+1","Footwork","Dash+1","Blur","Dodge and Roll","Envenom+1","Burst+1","Tactician+1","Backflip+1","Dagger Spray","Well Laid Plans+1","Catalyst+1","Bane","Bullet Time","Backflip","Leg Sweep","Wraith Form v2+1","Corpse Explosion","Backflip+1"],"special_seed":0,"relics":["Ring of the Snake","Snake Skull","Dodecahedron","Frozen Egg 2","Meat on the Bone","Astrolabe","Anchor","Paper Crane","Fusion Hammer","Pantograph","Pen Nib","Whetstone","Blood Vial","Bronze Scales"],"potions_floor_usage":[50],"damage_taken":[{"damage":6.0,"enemies":"Cultist","floor":1.0,"turns":5.0},{"damage":0.0,"enemies":"2 Louse","floor":2.0,"turns":3.0},{"damage":4.0,"enemies":"Jaw Worm","floor":3.0,"turns":5.0},{"damage":4.0,"enemies":"Exordium Thugs","floor":5.0,"turns":4.0},{"damage":5.0,"enemies":"Large Slime","floor":7.0,"turns":6.0},{"damage":0.0,"enemies":"Blue Slaver","floor":10.0,"turns":3.0},{"damage":2.0,"enemies":"3 Sentries","floor":11.0,"turns":7.0},{"damage":16.0,"enemies":"Gremlin Nob","floor":13.0,"turns":5.0},{"damage":18.0,"enemies":"Exordium Wildlife","floor":14.0,"turns":7.0},{"damage":7.0,"enemies":"Hexaghost","floor":16.0,"turns":8.0},{"damage":16.0,"enemies":"Shell Parasite","floor":18.0,"turns":6.0},{"damage":0.0,"enemies":"Chosen","floor":20.0,"turns":3.0},{"damage":11.0,"enemies":"Snake Plant","floor":21.0,"turns":3.0},{"damage":2.0,"enemies":"Centurion and Healer","floor":22.0,"turns":7.0},{"damage":17.0,"enemies":"Slavers","floor":27.0,"turns":6.0},{"damage":3.0,"enemies":"Snecko","floor":28.0,"turns":6.0},{"damage":11.0,"enemies":"Cultist and Chosen","floor":31.0,"turns":9.0},{"damage":38.0,"enemies":"Automaton","floor":33.0,"turns":11.0},{"damage":37.0,"enemies":"Orb Walker","floor":35.0,"turns":5.0},{"damage":0.0,"enemies":"3 Darklings","floor":36.0,"turns":6.0},{"damage":7.0,"enemies":"Jaw Worm Horde","floor":39.0,"turns":6.0},{"damage":1.0,"enemies":"Nemesis","floor":40.0,"turns":7.0},{"damage":8.0,"enemies":"Giant Head","floor":42.0,"turns":8.0},{"damage":1.0,"enemies":"Transient","floor":44.0,"turns":6.0},{"damage":2.0,"enemies":"Maw","floor":45.0,"turns":5.0},{"damage":1.0,"enemies":"Writhing Mass","floor":46.0,"turns":4.0},{"damage":0,"enemies":"Nemesis","floor":47,"turns":7},{"damage":0,"enemies":"4 Shapes","floor":48,"turns":4},{"damage":44,"enemies":"Donu and Deca","floor":50,"turns":9},{"damage":18,"enemies":"Time Eater","floor":51,"turns":6}],"seed_played":"-2181267531789822192","potions_obtained":[{"floor":1.0,"key":"Block Potion"},{"floor":5.0,"key":"Dexterity Potion"},{"floor":10.0,"key":"Ancient Potion"},{"floor":20.0,"key":"Energy Potion"},{"floor":21.0,"key":"SpeedPotion"},{"floor":22.0,"key":"Swift Potion"},{"floor":28.0,"key":"GhostInAJar"},{"floor":35.0,"key":"AttackPotion"},{"floor":39.0,"key":"FearPotion"},{"floor":40.0,"key":"Block Potion"}],"is_trial":false,"path_per_floor":["M","M","M","$","M","R","M","R","T","M","E","?","E","M","R","B",null,"M","?","M","M","M","R","?","R","T","E","M","$","R","M","R","B",null,"M","M","?","$","M","E","R","E","T","M","M","M","E","M","R","B","B",null],"character_chosen":"THE_SILENT","items_purchased":["Noxious Fumes","Sucker Punch","Pantograph"],"campfire_rested":5,"item_purchase_floors":[4,4,38],"current_hp_per_floor":[53,53,49,49,45,45,40,40,40,40,38,54,38,32,32,37,59,43,43,43,44,42,61,61,66,66,49,46,46,46,35,54,28,57,32,44,44,44,37,36,55,47,47,48,48,49,51,53,66,34,43],"gold":247,"neow_bonus":"RANDOM_COMMON_RELIC","is_prod":false,"is_daily":false,"chose_seed":false,"campfire_upgraded":4,"win_rate":0,"timestamp":1555412939,"path_taken":["M","M","M","$","M","R","M","R","T","M","E","?","E","M","R","BOSS","M","?","M","M","M","R","?","R","T","E","?","$","R","M","R","BOSS","M","?","?","$","M","E","R","E","T","M","M","M","E","?","R","BOSS","BOSS"],"build_version":"2019-01-23","purchased_purges":1,"victory":true,"max_hp_per_floor":[66,66,66,66,66,66,66,66,66,66,66,66,66,66,66,66,66,66,66,66,66,66,66,66,66,66,66,66,66,66,66,66,66,66,66,66,66,66,66,66,66,66,66,66,66,66,66,66,66,66,66],"card_choices":[{"not_picked":["Accuracy","Cloak And Dagger"],"picked":"Dagger Throw","floor":1.0},{"not_picked":["Footwork","Choke"],"picked":"Poisoned Stab","floor":2.0},{"not_picked":["Underhanded Strike","Poisoned Stab"],"picked":"Backstab","floor":3.0},{"not_picked":["Dodge and Roll","Well Laid Plans"],"picked":"Catalyst","floor":5.0},{"not_picked":["Dagger Throw","Eviscerate"],"picked":"Footwork","floor":7.0},{"not_picked":["Dagger Throw","Heel Hook"],"picked":"Dash","floor":10.0},{"not_picked":["Finisher","Deadly Poison"],"picked":"Blur","floor":11.0},{"not_picked":["Dagger Throw","Slice","Grand Finale"],"picked":"SKIP","floor":13.0},{"not_picked":["Dagger Throw","Dash"],"picked":"Dodge and Roll","floor":14.0},{"not_picked":["Bullet Time","Phantasmal Killer"],"picked":"Envenom+1","floor":16.0},{"not_picked":["Poisoned Stab","Dash"],"picked":"Dagger Spray","floor":18.0},{"not_picked":["Underhanded Strike","Blade Dance","Skewer"],"picked":"SKIP","floor":20.0},{"not_picked":["Sucker Punch","Flying Knee","Slice"],"picked":"SKIP","floor":21.0},{"not_picked":["Setup","Eviscerate"],"picked":"Well Laid Plans+1","floor":22.0},{"not_picked":["Masterful Stab","All Out Attack"],"picked":"Catalyst","floor":27.0},{"not_picked":["Poisoned Stab+1","Deflect"],"picked":"Bane","floor":28.0},{"not_picked":["Acrobatics","Setup","Blade Dance"],"picked":"SKIP","floor":31.0},{"not_picked":["Grand Finale","Wraith Form v2+1"],"picked":"Bullet Time","floor":33.0},{"not_picked":["Flying Knee+1","Sucker Punch"],"picked":"Backflip","floor":35.0},{"not_picked":["Acrobatics","Dagger Spray","Eviscerate"],"picked":"SKIP","floor":36.0},{"not_picked":["Expertise","Distraction+1"],"picked":"Leg Sweep","floor":39.0},{"not_picked":["Bane+1","Blade Dance"],"picked":"Wraith Form v2+1","floor":40.0},{"not_picked":["Tactician","Backflip"],"picked":"Corpse Explosion","floor":42.0},{"not_picked":["Dodge and Roll+1","Cloak And Dagger","Underhanded Strike"],"picked":"SKIP","floor":44.0},{"not_picked":["Deflect","Blade Dance"],"picked":"Backflip+1","floor":45.0},{"not_picked":["Well Laid Plans+1","Reflex","Cloak And Dagger+1"],"picked":"SKIP","floor":46.0},{"not_picked":["Reflex","A Thousand Cuts+1","Prepared"],"picked":"SKIP","floor":47},{"not_picked":["Outmaneuver+1","Deadly Poison","Escape Plan"],"picked":"SKIP","floor":48}],"player_experience":1099506,"relics_obtained":[{"floor":9.0,"key":"Dodecahedron"},{"floor":11.0,"key":"Frozen Egg 2"},{"floor":13.0,"key":"Meat on the Bone"},{"floor":26.0,"key":"Anchor"},{"floor":27.0,"key":"Paper Crane"},{"floor":40.0,"key":"Pen Nib"},{"floor":42.0,"key":"Whetstone"},{"floor":43.0,"key":"Blood Vial"},{"floor":47,"key":"Bronze Scales"}],"event_choices":[{"damage_healed":16.0,"max_hp_gain":0.0,"max_hp_loss":0.0,"gold_gain":0.0,"event_name":"The Cleric","player_choice":"Healed","floor":12.0,"gold_loss":35.0,"damage_taken":0.0},{"damage_healed":0.0,"max_hp_gain":0.0,"max_hp_loss":0.0,"gold_gain":0.0,"event_name":"Back to Basics","player_choice":"Simplicity","floor":19.0,"gold_loss":0.0,"damage_taken":0.0,"cards_upgraded":["Defend_G","Defend_G","Defend_G","Defend_G","Defend_G","Strike_G","Strike_G"]},{"damage_healed":0.0,"max_hp_gain":0.0,"max_hp_loss":0.0,"gold_gain":0.0,"event_name":"Accursed Blacksmith","player_choice":"Forge","floor":24.0,"gold_loss":0.0,"damage_taken":0.0,"cards_upgraded":["Sucker Punch"]},{"damage_healed":0.0,"max_hp_gain":0.0,"max_hp_loss":0.0,"gold_gain":0.0,"event_name":"Match and Keep!","player_choice":"0 cards matched","floor":37.0,"gold_loss":0.0,"damage_taken":0.0,"cards_obtained":[]}],"is_beta":false,"boss_relics":[{"not_picked":["Calling Bell","Ectoplasm"],"picked":"Astrolabe"},{"not_picked":["HoveringKite","Coffee Dripper"],"picked":"Fusion Hammer"}],"items_purged_floors":[29],"is_endless":false,"potions_floor_spawned":[1,5,10,20,21,22,28,35,39,40,44,46],"ascension_level":20}