{"gold_per_floor":[119,136,152,39,39,39,65,65,65,78,97,272,288,313,313,410,410,430,448,71,71,84,84,84,84,84,114,42,42,42,62,62,165,165,179,199,199,218,118,153,153,166,191,191,209,84,119,129,129,129,129,129,7,40,40],"floor_reached":56,"playtime":2823,"items_purged":["Doubt","Strike_R","Strike_R"],"score":1431,"play_id":"b7d62bc6-d82d-43b1-979b-fb331b292399","local_time":"20190328190024","is_ascension_mode":true,"campfire_choices":[{"data":"Inflame","floor":6.0,"key":"SMITH"},{"data":"Anger","floor":8.0,"key":"SMITH"},{"data":"Inflame","floor":15.0,"key":"SMITH"},{"floor":23.0,"key":"REST"},{"data":"Bash","floor":25.0,"key":"SMITH"},{"data":"Evolve","floor":29.0,"key":"SMITH"},{"data":"Whirlwind","floor":32.0,"key":"SMITH"},{"data":"Immolate","floor":41.0,"key":"SMITH"},{"data":"Carnage","floor":44.0,"key":"SMITH"},{"floor":49.0,"key":"RECALL"},{"data":"Shrug It Off","floor":52.0,"key":"SMITH"}],"neow_cost":"NONE","seed_source_timestamp":95507789606600,"circlet_count":0,"master_deck":["Strike_R","Strike_R","Defend_R","Defend_R","Defend_R","Defend_R","Bash+1","Exhume","Seeing Red","Shrug It Off+1","Twin Strike","Inflame+1","Carnage+1","Regret","Anger+1","Battle Trance+1","Whirlwind+1","Inflame+1","Warcry+1","Barricade","Corruption","Shockwave+1","Havoc+1","Spot Weakness+1","Ghostly+1","Ghostly+1","Ghostly+1","Ghostly+1","Ghostly+1","Sentinel+1","Evolve+1","Immolate+1","Feel No Pain+1","Iron Wave+1","True Grit+1","Flame Barrier+1","Reaper","Clothesline+1","Inflame"],"special_seed":0,"relics":["Burning Blood","Toxic Egg 2","Gremlin Horn","Blood Vial","Bottled Tornado","Snecko Eye","Chemical X","Enchiridion","Mummified Hand","Happy Flower","Black Star","Turnip","Vajra","Dream Catcher","Pear","Bottled Lightning","Self Forming Clay"],"potions_floor_usage":[54,55],"damage_taken":[{"damage":16.0,"enemies":"Jaw Worm","floor":1.0,"turns":4.0},{"damage":3.0,"enemies":"2 Louse","floor":2.0,"turns":4.0},{"damage":0.0,"enemies":"Small Slimes","floor":3.0,"turns":3.0},{"damage":21.0,"enemies":"Lagavulin","floor":7.0,"turns":5.0},{"damage":16.0,"enemies":"Blue Slaver","floor":10.0,"turns":2.0},{"damage":6.0,"enemies":"Looter","floor":11.0,"turns":2.0},{"damage":0.0,"enemies":"Gremlin Gang","floor":13.0,"turns":1.0},{"damage":26.0,"enemies":"Gremlin Nob","floor":14.0,"turns":4.0},{"damage":42.0,"enemies":"Hexaghost","floor":16.0,"turns":7.0},{"damage":22.0,"enemies":"Shell Parasite","floor":18.0,"turns":3.0},{"damage":27.0,"enemies":"2 Thieves","floor":19.0,"turns":3.0},{"damage":25.0,"enemies":"Sentry and Sphere","floor":22.0,"turns":4.0},{"damage":21.0,"enemies":"Slavers","floor":27.0,"turns":4.0},{"damage":1.0,"enemies":"Shelled Parasite and Fungi","floor":31.0,"turns":3.0},{"damage":3.0,"enemies":"Collector","floor":33.0,"turns":5.0},{"damage":0.0,"enemies":"Orb Walker","floor":35.0,"turns":2.0},{"damage":0.0,"enemies":"3 Darklings","floor":36.0,"turns":3.0},{"damage":1.0,"enemies":"Spire Growth","floor":38.0,"turns":2.0},{"damage":6.0,"enemies":"Giant Head","floor":40.0,"turns":7.0},{"damage":9.0,"enemies":"Sphere and 2 Shapes","floor":42.0,"turns":2.0},{"damage":3.0,"enemies":"4 Shapes","floor":45.0,"turns":3.0},{"damage":4.0,"enemies":"Reptomancer","floor":47.0,"turns":4.0},{"damage":4.0,"enemies":"Writhing Mass","floor":48.0,"turns":5.0},{"damage":21.0,"enemies":"Time Eater","floor":50.0,"turns":11.0},{"damage":13,"enemies":"Shield and Spear","floor":54,"turns":6},{"damage":7,"enemies":"The Heart","floor":55,"turns":12}],"seed_played":"-813283394037893644","potions_obtained":[{"floor":2.0,"key":"Energy Potion"},{"floor":3.0,"key":"FearPotion"},{"floor":10.0,"key":"Swift Potion"},{"floor":14.0,"key":"Poison Potion"},{"floor":16.0,"key":"SpeedPotion"},{"floor":19.0,"key":"AttackPotion"},{"floor":22.0,"key":"Fruit Juice"},{"floor":33.0,"key":"Regen Potion"},{"floor":40.0,"key":"Strength Potion"},{"floor":42.0,"key":"Block Potion"}],"is_trial":false,"path_per_floor":["M","M","M","$","?","R","E","R","T","M","M","?","M","E","R","B",null,"M","M","$","?","M","R","?","R","T","E","$","R","?","M","R","B",null,"M","M","?","M","$","E","R","M","T","R","M","$","E","M","R","B",null,"R","$","E","B",null],"character_chosen":"IRONCLAD","items_purchased":["Inflame","Carnage","Chemical X","Havoc+1","Fire Potion","Evolve","Weak Potion","Inflame"],"campfire_rested":1,"item_purchase_floors":[4,4,20,20,20,28,53,53],"current_hp_per_floor":[70,73,79,79,79,79,64,64,64,56,58,58,66,48,48,14,80,64,45,45,29,17,42,42,42,42,27,27,27,27,34,34,39,42,42,42,42,42,42,42,42,39,39,39,42,42,52,52,52,37,52,52,52,45,46],"gold":40,"neow_bonus":"ONE_RANDOM_RARE_CARD","is_prod":false,"is_daily":false,"chose_seed":false,"campfire_upgraded":9,"win_rate":0,"timestamp":1553824824,"path_taken":["M","M","M","$","?","R","E","R","T","M","M","?","M","E","R","BOSS","M","M","$","?","M","R","?","R","T","E","$","R","?","M","R","BOSS","M","?","?","M","?","E","R","?","T","R","M","$","E","M","R","BOSS","R","$","E","BOSS"],"build_version":"2019-03-15","purchased_purges":3,"victory":true,"max_hp_per_floor":[80,80,80,80,80,80,80,80,80,80,80,80,80,80,80,80,80,80,80,80,80,85,85,42,42,42,42,42,42,42,42,42,42,42,42,42,42,42,42,42,42,42,42,42,42,42,52,52,52,52,52,52,52,52,52],"card_choices":[{"not_picked":["Clash","Body Slam"],"picked":"Seeing Red","floor":1.0},{"not_picked":["Heavy Blade","Intimidate"],"picked":"Shrug It Off","floor":2.0},{"not_picked":["Heavy Blade","Fire Breathing"],"picked":"Twin Strike","floor":3.0},{"not_picked":["Wild Strike","Whirlwind"],"picked":"Anger","floor":7.0},{"not_picked":["Shrug It Off+1","Body Slam"],"picked":"Battle Trance+1","floor":10.0},{"not_picked":["Flex+1","Heavy Blade"],"picked":"Whirlwind","floor":11.0},{"not_picked":["Burning Pact+1","Twin Strike"],"picked":"Inflame","floor":13.0},{"not_picked":["Burning Pact+1","Clash"],"picked":"Warcry+1","floor":14.0},{"not_picked":["Berserk","Double Tap+1"],"picked":"Barricade","floor":16.0},{"not_picked":["Flex+1","Inflame"],"picked":"Corruption","floor":18.0},{"not_picked":["Reckless Charge","Searing Blow"],"picked":"Shockwave+1","floor":19.0},{"not_picked":["Warcry+1","Shockwave+1"],"picked":"Spot Weakness+1","floor":22.0},{"not_picked":["Combust+1","Headbutt"],"picked":"Sentinel+1","floor":27.0},{"not_picked":["Second Wind+1","Evolve","Spot Weakness+1"],"picked":"SKIP","floor":31.0},{"not_picked":["Offering+1","Double Tap+1"],"picked":"Immolate","floor":33.0},{"not_picked":["Entrench+1","Clash+1"],"picked":"Feel No Pain+1","floor":35.0},{"not_picked":["Shrug It Off+1","Body Slam+1"],"picked":"Iron Wave+1","floor":36.0},{"not_picked":["Pommel Strike+1","Clash"],"picked":"Flame Barrier+1","floor":38.0},{"not_picked":["Headbutt","Wild Strike+1"],"picked":"Reaper","floor":40.0},{"not_picked":["Flex+1","Anger","Corruption"],"picked":"SKIP","floor":42.0},{"not_picked":["Reaper","Sentinel+1"],"picked":"Clothesline+1","floor":45.0},{"not_picked":["Heavy Blade","Carnage","Whirlwind+1"],"picked":"SKIP","floor":47.0},{"not_picked":["Infernal Blade+1","Clash","Rampage"],"picked":"SKIP","floor":48.0},{"not_picked":["Burning Pact+1","Rampage","Anger+1"],"picked":"SKIP","floor":54}],"player_experience":625525,"relics_obtained":[{"floor":7.0,"key":"Gremlin Horn"},{"floor":9.0,"key":"Blood Vial"},{"floor":14.0,"key":"Bottled Tornado"},{"floor":21.0,"key":"Enchiridion"},{"floor":26.0,"key":"Mummified Hand"},{"floor":27.0,"key":"Happy Flower"},{"floor":40.0,"key":"Turnip"},{"floor":40.0,"key":"Vajra"},{"floor":47.0,"key":"Dream Catcher"},{"floor":47.0,"key":"Pear"},{"floor":54,"key":"Bottled Lightning"},{"floor":54,"key":"Self Forming Clay"}],"event_choices":[{"damage_healed":0.0,"max_hp_gain":0.0,"max_hp_loss":0.0,"gold_gain":0.0,"event_name":"Big Fish","player_choice":"Box","floor":5.0,"gold_loss":0.0,"damage_taken":0.0,"relics_obtained":["Toxic Egg 2"],"cards_obtained":["Regret"]},{"damage_healed":0.0,"max_hp_gain":0.0,"max_hp_loss":0.0,"gold_gain":175.0,"event_name":"Liars Game","player_choice":"AGREE","floor":12.0,"gold_loss":0.0,"damage_taken":0.0,"cards_obtained":["Doubt"]},{"damage_healed":0.0,"max_hp_gain":0.0,"max_hp_loss":0.0,"gold_gain":0.0,"event_name":"Cursed Tome","player_choice":"Obtained Book","floor":21.0,"gold_loss":0.0,"damage_taken":16.0},{"damage_healed":0.0,"max_hp_gain":0.0,"max_hp_loss":43.0,"gold_gain":0.0,"event_name":"Ghosts","player_choice":"Became a Ghost","floor":24.0,"gold_loss":0.0,"damage_taken":0.0,"cards_obtained":["Ghostly","Ghostly","Ghostly","Ghostly","Ghostly"]},{"cards_removed":["Strike_R"],"damage_healed":0.0,"max_hp_gain":0.0,"max_hp_loss":0.0,"gold_gain":0.0,"event_name":"Bonfire Elementals","player_choice":"Offered Basic","floor":30.0,"gold_loss":0.0,"damage_taken":0.0},{"damage_healed":0.0,"max_hp_gain":0.0,"max_hp_loss":0.0,"gold_gain":0.0,"event_name":"Match and Keep!","player_choice":"1 cards matched","floor":37.0,"gold_loss":0.0,"damage_taken":0.0,"cards_obtained":["True Grit"]}],"is_beta":true,"boss_relics":[{"not_picked":["White Beast Statue","Runic Cube"],"picked":"Snecko Eye"},{"not_picked":["Calling Bell","Orrery"],"picked":"Black Star"}],"items_purged_floors":[20,39,46],"is_endless":false,"potions_floor_spawned":[2,3,10,14,16,19,22,33,40,42,45,48],"ascension_level":3}