{"gold_per_floor":[114,129,54,54,229,229,259,259,284,299,314,329,71,86,86,186,186,201,46,61,161,71,71,86,86,111,126,141,156,186,201,201,301,301,316,316,331,346,346,376,376,391,416,431,431,431],"floor_reached":46,"playtime":3659,"items_purged":["Doubt"],"score":601,"play_id":"4068cf2b-dd38-40fd-b8eb-b521b3ca9ee9","local_time":"20181110031512","daily_mods":["SealedDeck","Uncertain Future","Night Terrors"],"is_ascension_mode":false,"campfire_choices":[{"data":"Loop","floor":6.0,"key":"SMITH"},{"data":"White Noise","floor":8.0,"key":"SMITH"},{"data":"Steam Power","floor":15,"key":"SMITH"},{"data":"Fission","floor":23,"key":"SMITH"},{"data":"Steam Power","floor":25,"key":"SMITH"},{"floor":32,"key":"REST"},{"data":"Capacitor","floor":41,"key":"SMITH"}],"neow_cost":"","seed_source_timestamp":0,"circlet_count":0,"master_deck":["Turbo+1","Steam Power+1","Cold Snap","Coolheaded","White Noise+1","Ball Lightning+1","Storm+1","Ball Lightning","BootSequence","Loop+1","Rainbow","Multi-Cast","Turbo","Defragment","Conserve Battery","Jack Of All Trades+1","Cold Snap","Fission+1","Steam Power+1","Capacitor+1","Loop","Loop+1","Tempest","Compile Driver","Glacier+1","Doom and Gloom","Sweeping Beam+1","Echo Form","Redo+1","Defragment","Finesse","Barrage","Double Energy+1"],"special_seed":17845,"relics":["Cracked Core","Blood Vial","Dream Catcher","Philosopher\u0027s Stone","StoneCalendar","Gremlin Horn","War Paint","Dodecahedron","Eternal Feather","Potion Belt","Centennial Puzzle"],"potions_floor_usage":[16,16,16,21,30,30,38,40,44],"damage_taken":[{"damage":0.0,"enemies":"Small Slimes","floor":1.0,"turns":2.0},{"damage":7.0,"enemies":"Jaw Worm","floor":2.0,"turns":2.0},{"damage":0.0,"enemies":"3 Sentries","floor":7.0,"turns":4.0},{"damage":1.0,"enemies":"2 Louse","floor":10.0,"turns":2.0},{"damage":6.0,"enemies":"Lots of Slimes","floor":11.0,"turns":3.0},{"damage":10,"enemies":"Exordium Wildlife","floor":12,"turns":4},{"damage":0,"enemies":"Looter","floor":14,"turns":2},{"damage":0,"enemies":"Hexaghost","floor":16,"turns":6},{"damage":10,"enemies":"2 Thieves","floor":18,"turns":3},{"damage":0,"enemies":"Chosen","floor":20,"turns":3},{"damage":19,"enemies":"Colosseum Slavers","floor":21,"turns":5},{"damage":27,"enemies":"Colosseum Nobs","floor":21,"turns":3},{"damage":0,"enemies":"Sentry and Sphere","floor":24,"turns":3},{"damage":12,"enemies":"Centurion and Healer","floor":27,"turns":3},{"damage":6,"enemies":"Shelled Parasite and Fungi","floor":28,"turns":2},{"damage":0,"enemies":"3 Cultists","floor":29,"turns":3},{"damage":24,"enemies":"Slavers","floor":30,"turns":3},{"damage":0,"enemies":"Centurion and Healer","floor":31,"turns":2},{"damage":1,"enemies":"Automaton","floor":33,"turns":6},{"damage":24,"enemies":"3 Darklings","floor":35,"turns":3},{"damage":5,"enemies":"3 Shapes","floor":37,"turns":3},{"damage":25,"enemies":"3 Darklings","floor":38,"turns":4},{"damage":0,"enemies":"Reptomancer","floor":40,"turns":4},{"damage":33,"enemies":"Jaw Worm Horde","floor":42,"turns":4},{"damage":8,"enemies":"Spire Growth","floor":44,"turns":3},{"damage":6,"enemies":"Sphere and 2 Shapes","floor":46,"turns":1}],"seed_played":"720756091651424505","potions_obtained":[{"floor":2.0,"key":"Weak Potion"},{"floor":10.0,"key":"Poison Potion"},{"floor":14,"key":"FocusPotion"},{"floor":20,"key":"FairyPotion"},{"floor":24,"key":"Dexterity Potion"},{"floor":27,"key":"Fire Potion"},{"floor":33,"key":"Ancient Potion"},{"floor":35,"key":"Dexterity Potion"},{"floor":37,"key":"Explosive Potion"},{"floor":38,"key":"FearPotion"}],"is_trial":false,"path_per_floor":["M","M","$","?","?","R","E","R","T","M","M","M","$","M","R","B",null,"M","$","M","?","?","R","M","R","T","M","M","M","E","M","R","B",null,"M","?","M","M","?","E","R","M","T","M","?","M"],"character_chosen":"DEFECT","items_purchased":["Loop","Defragment","Conserve Battery","Jack Of All Trades","Capacitor","FocusPotion"],"campfire_rested":1,"item_purchase_floors":[3,13,13,13,19,19],"current_hp_per_floor":[75,68,68,68,68,68,68,68,68,69,65,57,57,59,59,61,75,65,65,67,25,25,25,27,27,27,17,13,15,6,8,70,69,70,46,46,43,20,20,22,40,9,9,3,3,0],"gold":431,"neow_bonus":"","is_prod":false,"is_daily":true,"chose_seed":false,"campfire_upgraded":6,"win_rate":0,"timestamp":1541848512,"path_taken":["M","M","$","?","?","R","E","R","T","M","M","M","?","M","R","BOSS","M","$","M","?","?","R","M","R","T","M","M","M","E","?","R","BOSS","M","?","M","M","?","E","R","M","T","M","?","M"],"build_version":"2018-11-08","purchased_purges":1,"victory":false,"max_hp_per_floor":[75,75,75,75,75,75,75,75,75,75,75,75,75,75,75,75,75,75,75,75,75,75,75,75,75,75,75,75,75,75,75,70,70,70,70,70,70,70,70,70,70,70,70,70,70,70],"card_choices":[{"not_picked":["Beam Cell","Leap","Sweeping Beam"],"picked":"SKIP","floor":1.0},{"not_picked":["Steam","Auto Shields"],"picked":"BootSequence","floor":2.0},{"not_picked":["Barrage","Streamline"],"picked":"Rainbow","floor":7.0},{"not_picked":["Sweeping Beam","Beam Cell","Stack"],"picked":"SKIP","floor":10.0},{"not_picked":["Beam Cell","Consume"],"picked":"Multi-Cast","floor":11.0},{"not_picked":["Cold Snap","Steam"],"picked":"Turbo","floor":12},{"not_picked":["Stack","Steam"],"picked":"Cold Snap","floor":14},{"not_picked":["Reboot","Rainbow"],"picked":"Fission","floor":16},{"not_picked":["Barrage","Turbo+1"],"picked":"Steam Power","floor":18},{"not_picked":["Beam Cell+1","Ball Lightning+1"],"picked":"Loop","floor":20},{"not_picked":["Sweeping Beam","Conserve Battery+1"],"picked":"Loop+1","floor":21},{"not_picked":["Steam+1","Ball Lightning","Fusion"],"picked":"SKIP","floor":24},{"not_picked":["Go for the Eyes+1","Chaos","Rip and Tear+1"],"picked":"SKIP","floor":27},{"not_picked":["Echo Form","Fusion"],"picked":"Tempest","floor":28},{"not_picked":["Gash","Stack"],"picked":"Compile Driver","floor":29},{"not_picked":["Stack","Ball Lightning+1"],"picked":"Glacier+1","floor":30},{"not_picked":["Beam Cell+1","Tempest"],"picked":"Doom and Gloom","floor":31},{"not_picked":["Chaos","Multi-Cast"],"picked":"Sweeping Beam+1","floor":32},{"not_picked":["Multi-Cast","Hyperbeam"],"picked":"Echo Form","floor":33},{"not_picked":["Conserve Battery+1","Sweeping Beam"],"picked":"Redo+1","floor":35},{"not_picked":["Conserve Battery+1","Streamline","Beam Cell"],"picked":"SKIP","floor":37},{"not_picked":["Genetic Algorithm","Steam"],"picked":"Defragment","floor":38},{"not_picked":["Dark Shackles","Purity"],"picked":"Finesse","floor":39},{"not_picked":["Cold Snap+1","Coolheaded+1"],"picked":"Barrage","floor":40},{"not_picked":["Consume","Streamline+1"],"picked":"Double Energy+1","floor":42},{"not_picked":["Skim+1","Steam","Rebound+1"],"picked":"SKIP","floor":44}],"player_experience":21619,"relics_obtained":[{"floor":7.0,"key":"Blood Vial"},{"floor":9.0,"key":"Dream Catcher"},{"floor":21,"key":"StoneCalendar"},{"floor":21,"key":"Gremlin Horn"},{"floor":26,"key":"War Paint"},{"floor":30,"key":"Dodecahedron"},{"floor":40,"key":"Potion Belt"},{"floor":43,"key":"Centennial Puzzle"}],"event_choices":[{"damage_healed":0.0,"max_hp_gain":0.0,"max_hp_loss":0.0,"gold_gain":0.0,"event_name":"Living Wall","player_choice":"Grow","floor":4.0,"gold_loss":0.0,"damage_taken":0.0,"cards_upgraded":["Storm"]},{"damage_healed":0.0,"max_hp_gain":0.0,"max_hp_loss":0.0,"gold_gain":175.0,"event_name":"Liars Game","player_choice":"AGREE","floor":5.0,"gold_loss":0.0,"damage_taken":0.0,"cards_obtained":["Doubt"]},{"damage_healed":0,"gold_gain":0,"player_choice":"Fight","damage_taken":0,"max_hp_gain":0,"max_hp_loss":0,"event_name":"Colosseum","floor":21,"gold_loss":0},{"damage_healed":0,"gold_gain":0,"player_choice":"Fought Nobs","damage_taken":0,"max_hp_gain":0,"max_hp_loss":0,"event_name":"Colosseum","floor":21,"gold_loss":0},{"cards_removed":["Chill"],"damage_healed":0,"gold_gain":0,"player_choice":"Upgrade and Remove","damage_taken":0,"max_hp_gain":0,"max_hp_loss":0,"event_name":"Designer","floor":22,"gold_loss":90,"cards_upgraded":["Ball Lightning"]},{"damage_healed":0,"gold_gain":0,"player_choice":"Ignored","damage_taken":0,"max_hp_gain":0,"max_hp_loss":0,"event_name":"Tomb of Lord Red Mask","floor":36,"gold_loss":0},{"damage_healed":0,"gold_gain":0,"player_choice":"Memory 1","damage_taken":0,"max_hp_gain":0,"max_hp_loss":0,"event_name":"SensoryStone","floor":39,"gold_loss":0},{"cards_removed":["Cold Snap"],"damage_healed":0,"gold_gain":0,"player_choice":"Removed Attack","damage_taken":0,"max_hp_gain":0,"max_hp_loss":0,"event_name":"Falling","floor":45,"gold_loss":0}],"is_beta":false,"boss_relics":[{"not_picked":["Tiny House","Pandora\u0027s Box"],"picked":"Philosopher\u0027s Stone"},{"not_picked":["Velvet Choker","Snecko Eye"],"picked":"Eternal Feather"}],"items_purged_floors":[13],"is_endless":false,"potions_floor_spawned":[2,10,14,20,24,27,29,33,35,37,38],"killed_by":"Sphere and 2 Shapes","ascension_level":0}