{"gold_per_floor":[110,63,80,96,46,79,79,112,112,112,129,143,163,193,193,290,290,290,290,290,290,290,290,290,290,290,290,290,290,290,290,290,290,290,290,54,54,54,54,54,54,54,54,54,54,54,54,54,54,54],"floor_reached":51,"playtime":8354,"items_purged":[],"score":1208,"play_id":"ddaf7c3c-46b7-4a89-ba0b-bc568fa8ef19","local_time":"20190329081036","is_ascension_mode":true,"campfire_choices":[{"data":"Defragment","floor":7.0,"key":"SMITH"},{"data":"Static Discharge","floor":15.0,"key":"SMITH"},{"floor":27.0,"key":"REST"},{"floor":32.0,"key":"REST"},{"floor":42.0,"key":"REST"},{"data":"Buffer","floor":47,"key":"SMITH"},{"data":"Coolheaded","floor":49,"key":"SMITH"}],"neow_cost":"NONE","seed_source_timestamp":0,"circlet_count":0,"master_deck":["AscendersBane","Strike_B","Strike_B","Defend_B","Defend_B","Defend_B","Defend_B","Zap","Dualcast","Sweeping Beam","BootSequence","Defragment+1","Barrage","Ball Lightning","Stack","Static Discharge+1","Buffer+1","Steam Power","Genetic Algorithm","Coolheaded+1","Cold Snap","Ball Lightning","Leap+1","Rebound","Sunder","Meteor Strike","Glacier+1","Loop","Compile Driver+1","Hologram","Undo+1","Conserve Battery","Coolheaded+1"],"special_seed":0,"relics":["Velvet Choker","Boot","FossilizedHelix","Gremlin Horn","Ice Cream","Pantograph","Ectoplasm","Old Coin","The Courier","Shuriken","Inserter","Symbiotic Virus","Vajra","Bottled Lightning","Oddly Smooth Stone","Omamori"],"potions_floor_usage":[50,50],"damage_taken":[{"damage":0.0,"enemies":"Cultist","floor":1.0,"turns":4.0},{"damage":2.0,"enemies":"Jaw Worm","floor":3.0,"turns":2.0},{"damage":0.0,"enemies":"2 Louse","floor":4.0,"turns":3.0},{"damage":20.0,"enemies":"Lagavulin","floor":6.0,"turns":7.0},{"damage":10.0,"enemies":"3 Sentries","floor":8.0,"turns":7.0},{"damage":6.0,"enemies":"Gremlin Gang","floor":11.0,"turns":3.0},{"damage":1.0,"enemies":"3 Louse","floor":12.0,"turns":3.0},{"damage":0.0,"enemies":"Blue Slaver","floor":13.0,"turns":3.0},{"damage":10.0,"enemies":"Lagavulin","floor":14.0,"turns":5.0},{"damage":23.0,"enemies":"Hexaghost","floor":16.0,"turns":5.0},{"damage":0.0,"enemies":"Spheric Guardian","floor":18.0,"turns":5.0},{"damage":0.0,"enemies":"Chosen","floor":20.0,"turns":6.0},{"damage":15.0,"enemies":"Shelled Parasite and Fungi","floor":21.0,"turns":4.0},{"damage":0.0,"enemies":"Centurion and Healer","floor":22.0,"turns":8.0},{"damage":44.0,"enemies":"Book of Stabbing","floor":23.0,"turns":5.0},{"damage":0.0,"enemies":"Chosen and Byrds","floor":24.0,"turns":8.0},{"damage":14.0,"enemies":"Shelled Parasite and Fungi","floor":28.0,"turns":5.0},{"damage":8.0,"enemies":"Snake Plant","floor":29.0,"turns":4.0},{"damage":1.0,"enemies":"Slavers","floor":30.0,"turns":7.0},{"damage":5.0,"enemies":"Centurion and Healer","floor":31.0,"turns":6.0},{"damage":54.0,"enemies":"Automaton","floor":33.0,"turns":9.0},{"damage":0.0,"enemies":"3 Shapes","floor":35.0,"turns":4.0},{"damage":9.0,"enemies":"3 Darklings","floor":37.0,"turns":6.0},{"damage":0.0,"enemies":"Transient","floor":38.0,"turns":5.0},{"damage":0.0,"enemies":"4 Shapes","floor":39.0,"turns":6.0},{"damage":44.0,"enemies":"Reptomancer","floor":40.0,"turns":6.0},{"damage":0.0,"enemies":"Jaw Worm Horde","floor":41.0,"turns":6.0},{"damage":0.0,"enemies":"Nemesis","floor":44.0,"turns":8.0},{"damage":0,"enemies":"Maw","floor":45,"turns":10},{"damage":0,"enemies":"Reptomancer","floor":48,"turns":7},{"damage":29,"enemies":"Donu and Deca","floor":50,"turns":14}],"seed_played":"-2490275417945029401","potions_obtained":[{"floor":4.0,"key":"Weak Potion"},{"floor":6.0,"key":"SpeedPotion"},{"floor":8.0,"key":"Poison Potion"},{"floor":11.0,"key":"FocusPotion"},{"floor":16.0,"key":"EssenceOfSteel"},{"floor":23.0,"key":"Regen Potion"},{"floor":28.0,"key":"FearPotion"},{"floor":29.0,"key":"Dexterity Potion"},{"floor":30.0,"key":"Strength Potion"},{"floor":33.0,"key":"LiquidBronze"},{"floor":35.0,"key":"Regen Potion"},{"floor":38.0,"key":"SpeedPotion"},{"floor":40.0,"key":"SkillPotion"},{"floor":45,"key":"FearPotion"},{"floor":48,"key":"PowerPotion"}],"is_trial":false,"path_per_floor":["M","$","M","M","?","E","R","E","T","?","M","M","M","E","R","B",null,"M","?","M","M","M","E","M","?","T","R","M","M","E","M","R","B",null,"M","$","M","M","M","E","M","R","T","E","M","?","R","E","R","B",null],"character_chosen":"DEFECT","items_purchased":["Sweeping Beam","Symbiotic Virus","Loop"],"campfire_rested":3,"item_purchase_floors":[2,36,36],"current_hp_per_floor":[68,68,66,66,66,46,46,36,36,36,30,29,29,19,19,21,62,62,62,62,47,47,3,18,18,18,40,26,18,17,12,34,5,58,58,58,64,64,64,20,20,42,42,42,42,37,37,37,37,33],"gold":54,"neow_bonus":"BOSS_RELIC","is_prod":false,"is_daily":false,"chose_seed":false,"campfire_upgraded":4,"win_rate":0,"timestamp":1553847036,"path_taken":["M","$","M","M","?","E","R","E","T","?","M","M","?","E","R","BOSS","M","?","M","M","M","E","?","?","T","R","M","M","E","M","R","BOSS","M","$","M","M","M","E","M","R","T","E","M","?","R","E","R","BOSS"],"build_version":"2019-01-23","purchased_purges":0,"victory":true,"max_hp_per_floor":[75,75,75,75,75,75,75,75,75,75,75,75,75,75,75,75,75,75,75,75,75,75,75,75,75,75,75,75,75,75,75,75,75,75,75,75,75,75,75,75,75,75,75,75,75,75,75,75,75,75],"card_choices":[{"not_picked":["Stack","Leap"],"picked":"Rip and Tear","floor":1.0},{"not_picked":["Coolheaded","Go for the Eyes"],"picked":"BootSequence","floor":3.0},{"not_picked":["Scrape","Thunder Strike"],"picked":"Defragment","floor":4.0},{"not_picked":["Sweeping Beam","Blizzard"],"picked":"Barrage","floor":6.0},{"not_picked":["Undo","Streamline","Redo"],"picked":"SKIP","floor":8.0},{"not_picked":["Gash","Scrape","Sweeping Beam"],"picked":"SKIP","floor":11.0},{"not_picked":["Turbo","Meteor Strike"],"picked":"Ball Lightning","floor":12.0},{"not_picked":["Storm","Barrage"],"picked":"Stack","floor":13.0},{"not_picked":["Gash","Hyperbeam"],"picked":"Static Discharge","floor":14.0},{"not_picked":["Reboot","All For One"],"picked":"Buffer","floor":16.0},{"not_picked":["White Noise","Compile Driver+1","Barrage+1"],"picked":"SKIP","floor":18.0},{"not_picked":["BootSequence","Stack"],"picked":"Genetic Algorithm","floor":20.0},{"not_picked":["Barrage","Go for the Eyes","Gash"],"picked":"SKIP","floor":21.0},{"not_picked":["Conserve Battery","Streamline"],"picked":"Coolheaded","floor":22.0},{"not_picked":["Stack+1","Core Surge"],"picked":"Cold Snap","floor":23.0},{"not_picked":["Gash","Steam Power"],"picked":"Ball Lightning","floor":24.0},{"not_picked":["Beam Cell","Compile Driver"],"picked":"Leap+1","floor":28.0},{"not_picked":["Sweeping Beam","Go for the Eyes","Redo"],"picked":"SKIP","floor":29.0},{"not_picked":["Compile Driver","Aggregate"],"picked":"Rebound","floor":30.0},{"not_picked":["Redo","Blizzard"],"picked":"Sunder","floor":31.0},{"not_picked":["Thunder Strike","Core Surge"],"picked":"Meteor Strike","floor":33.0},{"not_picked":["Double Energy+1","Sweeping Beam"],"picked":"Glacier+1","floor":35.0},{"not_picked":["Undo","Skim+1"],"picked":"Compile Driver+1","floor":37.0},{"not_picked":["Rip and Tear+1","Doom and Gloom+1"],"picked":"Hologram","floor":38.0},{"not_picked":["Beam Cell","White Noise+1","Double Energy"],"picked":"SKIP","floor":39.0},{"not_picked":["Steam+1","Double Energy+1"],"picked":"Undo+1","floor":40.0},{"not_picked":["Beam Cell+1","Capacitor+1"],"picked":"Conserve Battery","floor":41.0},{"not_picked":["Ball Lightning","Fusion+1"],"picked":"Coolheaded+1","floor":44},{"not_picked":["Leap","Sunder+1","Double Energy+1"],"picked":"SKIP","floor":45},{"not_picked":["Force Field","Rebound+1","Turbo"],"picked":"SKIP","floor":48}],"player_experience":799325,"relics_obtained":[{"floor":6.0,"key":"Boot"},{"floor":8.0,"key":"FossilizedHelix"},{"floor":9.0,"key":"Gremlin Horn"},{"floor":14.0,"key":"Pantograph"},{"floor":23.0,"key":"Old Coin"},{"floor":26.0,"key":"The Courier"},{"floor":30.0,"key":"Shuriken"},{"floor":40.0,"key":"Vajra"},{"floor":43.0,"key":"Bottled Lightning"},{"floor":44,"key":"Oddly Smooth Stone"},{"floor":48,"key":"Omamori"}],"event_choices":[{"cards_removed":["Strike_B"],"damage_healed":0.0,"max_hp_gain":0.0,"max_hp_loss":0.0,"gold_gain":0.0,"event_name":"The Cleric","player_choice":"Card Removal","floor":5.0,"gold_loss":50.0,"damage_taken":0.0},{"cards_removed":["Rip and Tear"],"damage_healed":0.0,"max_hp_gain":0.0,"max_hp_loss":0.0,"gold_gain":0.0,"event_name":"WeMeetAgain","player_choice":"Gave Card","floor":10.0,"gold_loss":0.0,"damage_taken":0.0,"relics_obtained":["Ice Cream"]},{"damage_healed":0.0,"max_hp_gain":0.0,"max_hp_loss":0.0,"gold_gain":0.0,"cards_transformed":["Strike_B"],"event_name":"Transmorgrifier","player_choice":"Transformed","floor":19.0,"gold_loss":0.0,"damage_taken":0.0,"cards_obtained":["Steam Power"]},{"damage_healed":0.0,"max_hp_gain":0.0,"max_hp_loss":0.0,"gold_gain":0.0,"event_name":"Cursed Tome","player_choice":"Ignored","floor":25.0,"gold_loss":0.0,"damage_taken":0.0},{"damage_healed":0,"gold_gain":0,"player_choice":"Memory 2","damage_taken":5,"max_hp_gain":0,"max_hp_loss":0,"event_name":"SensoryStone","floor":46,"gold_loss":0}],"is_beta":false,"boss_relics":[{"not_picked":["Runic Dome","Calling Bell"],"picked":"Ectoplasm"},{"not_picked":["Tiny House","Empty Cage"],"picked":"Inserter"}],"items_purged_floors":[],"is_endless":false,"potions_floor_spawned":[4,6,8,11,16,23,28,29,30,33,35,38,40,45,48],"ascension_level":10}