{"gold_per_floor":[112,74,94,113,128,128,155,174,174,128,128,128,303,4,4,132,132,156,156,206,227,21,21,21],"floor_reached":24,"playtime":467,"items_purged":["Doubt"],"score":233,"play_id":"e66410f3-efbc-448c-8fad-18db1a620327","local_time":"20181015092229","is_ascension_mode":true,"campfire_choices":[{"floor":6,"key":"REST"},{"data":"Sunder","floor":11,"key":"SMITH"},{"data":"Zap","floor":15,"key":"SMITH"},{"data":"Discovery","floor":23,"key":"SMITH"}],"neow_cost":"NONE","seed_source_timestamp":401186041156986,"circlet_count":0,"master_deck":["Strike_B","Strike_B","Strike_B","Strike_B","Defend_B","Defend_B","Defend_B","Defend_B","Zap+1","Dualcast","Thunder Strike","Chaos","Auto Shields","Redo","Sunder+1","Ball Lightning","Rebound","BootSequence","Cold Snap","Electrodynamics","Redo","FTL","Conserve Battery","Core Surge","Discovery+1"],"relics":["Cracked Core","Pear","Regal Pillow","Golden Idol","Lee\u0027s Waffle","Philosopher\u0027s Stone","SsserpentHead"],"potions_floor_usage":[7,16],"damage_taken":[{"damage":1,"enemies":"Cultist","floor":1,"turns":3},{"damage":0,"enemies":"Jaw Worm","floor":3,"turns":3},{"damage":2,"enemies":"2 Louse","floor":4,"turns":3},{"damage":5,"enemies":"Blue Slaver","floor":5,"turns":4},{"damage":30,"enemies":"3 Sentries","floor":7,"turns":5},{"damage":7,"enemies":"3 Louse","floor":8,"turns":2},{"damage":18,"enemies":"Slime Boss","floor":16,"turns":7},{"damage":64,"enemies":"3 Byrds","floor":18,"turns":4},{"damage":0,"enemies":"Spheric Guardian","floor":21,"turns":3},{"damage":69,"enemies":"Book of Stabbing","floor":24,"turns":5}],"seed_played":"-4902077459306207664","potions_obtained":[{"floor":3,"key":"Ancient Potion"},{"floor":4,"key":"LiquidBronze"},{"floor":8,"key":"AttackPotion"}],"is_trial":false,"path_per_floor":["M","$","M","M","M","R","E","M","T","?","R","?","?","$","R","B",null,"M","?","?","M","$","R"],"character_chosen":"DEFECT","items_purchased":["Auto Shields","Cold Snap","Lee\u0027s Waffle","Conserve Battery","Core Surge","Discovery"],"campfire_rested":1,"item_purchase_floors":[2,14,14,22,22,22],"current_hp_per_floor":[74,74,74,72,67,75,55,48,48,48,48,48,48,86,86,68,86,22,22,50,50,50,50,0],"gold":21,"neow_bonus":"ONE_RANDOM_RARE_CARD","is_prod":false,"is_daily":false,"chose_seed":false,"campfire_upgraded":3,"win_rate":0,"timestamp":1539620549,"path_taken":["M","$","M","M","?","R","E","M","T","?","R","?","?","?","R","BOSS","M","?","?","M","?","R","E"],"build_version":"2018-10-11","purchased_purges":1,"victory":false,"max_hp_per_floor":[75,75,75,75,75,75,85,85,85,85,85,79,79,86,86,86,86,86,86,86,86,86,86,86],"card_choices":[{"not_picked":["Beam Cell","Sweeping Beam"],"picked":"Chaos","floor":1},{"not_picked":["Sweeping Beam","Cold Snap"],"picked":"Redo","floor":3},{"not_picked":["Leap","Barrage"],"picked":"Sunder","floor":4},{"not_picked":["Compile Driver","Gash"],"picked":"Ball Lightning","floor":5},{"not_picked":["Darkness","Capacitor"],"picked":"Rebound","floor":7},{"not_picked":["Streamline","Hologram"],"picked":"BootSequence","floor":8},{"not_picked":["Hyperbeam","Creative AI"],"picked":"Electrodynamics","floor":16},{"not_picked":["Defragment","Skim"],"picked":"Redo","floor":18},{"not_picked":["Rebound","Tempest"],"picked":"FTL","floor":21}],"player_experience":513331,"relics_obtained":[{"floor":7,"key":"Pear"},{"floor":9,"key":"Regal Pillow"}],"event_choices":[{"event_name":"World of Goop","player_choice":"Left","floor":10,"damage_taken":0},{"event_name":"Golden Idol","player_choice":"Lose Max HP","floor":12,"damage_taken":0},{"event_name":"Liars Game","player_choice":"agreed","floor":13,"damage_taken":0},{"event_name":"FaceTrader","player_choice":"Trade","floor":19,"damage_taken":0},{"event_name":"The Library","player_choice":"Heal","floor":20,"damage_taken":0}],"is_beta":false,"boss_relics":[{"not_picked":["Fusion Hammer","Busted Crown"],"picked":"Philosopher\u0027s Stone"}],"items_purged_floors":[14],"is_endless":false,"potions_floor_spawned":[3,4,8],"killed_by":"Book of Stabbing","ascension_level":4}