{"gold_per_floor":[216,228,503,12,26,51,51,51,351,366,395,413,413,423,423,496,496,516,526,536,119,119,148,148,161,234,234,248,2,2,18,18,96,96,113,213,227,246,246,275,292,322,322,351,351,386,52,82,82,82,82,82,82,26,60,60],"floor_reached":57,"playtime":5055,"items_purged":["Regret","Strike_R","Injury"],"score":3139,"play_id":"84ed9f7f-2e7f-4697-bdc9-f20aea560a5e","local_time":"20190406151733","is_ascension_mode":true,"campfire_choices":[{"floor":7.0,"key":"REST"},{"floor":13.0,"key":"REST"},{"data":"Bash","floor":15.0,"key":"SMITH"},{"floor":24.0,"key":"REST"},{"data":"Barricade","floor":27.0,"key":"SMITH"},{"data":"Armaments","floor":30.0,"key":"SMITH"},{"data":"Metallicize","floor":32.0,"key":"SMITH"},{"floor":45.0,"key":"RECALL"},{"data":"Offering","floor":49.0,"key":"SMITH"},{"data":"Disarm","floor":53,"key":"SMITH"}],"neow_cost":"NONE","seed_source_timestamp":0,"circlet_count":0,"master_deck":["AscendersBane","Strike_R","Strike_R","Defend_R","Defend_R","Defend_R","Defend_R","Bash+1","Iron Wave","Metallicize","Immolate+1","Flame Barrier","Metallicize+1","Impervious","Exhume","Dual Wield","Barricade+1","Armaments+1","Body Slam","Headbutt","Second Wind","Parasite","Juggernaut","Feel No Pain","Battle Trance","Offering+1","Armaments+1","Shrug It Off","Battle Trance","Body Slam","Body Slam+1","Disarm+1","Master of Strategy","Feel No Pain+1"],"special_seed":0,"relics":["Burning Blood","Gremlin Horn","Bird Faced Urn","Old Coin","Oddly Smooth Stone","Cursed Key","OrangePellets","Bag of Preparation","PreservedInsect","Coffee Dripper","Gambling Chip","Dream Catcher","Shuriken","Letter Opener","Bottled Lightning","Vajra","StoneCalendar","Mango"],"potions_floor_usage":[55,56,56,56],"damage_taken":[{"damage":12.0,"enemies":"Small Slimes","floor":1.0,"turns":4.0},{"damage":2.0,"enemies":"Cultist","floor":2.0,"turns":4.0},{"damage":4.0,"enemies":"2 Louse","floor":5.0,"turns":2.0},{"damage":67.0,"enemies":"Gremlin Nob","floor":6.0,"turns":7.0},{"damage":5.0,"enemies":"Red Slaver","floor":10.0,"turns":7.0},{"damage":27.0,"enemies":"Lagavulin","floor":11.0,"turns":9.0},{"damage":8.0,"enemies":"Exordium Thugs","floor":12.0,"turns":3.0},{"damage":0.0,"enemies":"2 Fungi Beasts","floor":14.0,"turns":1.0},{"damage":63.0,"enemies":"Slime Boss","floor":16.0,"turns":12.0},{"damage":12.0,"enemies":"Chosen","floor":18.0,"turns":5.0},{"damage":15.0,"enemies":"2 Thieves","floor":19.0,"turns":4.0},{"damage":25.0,"enemies":"Shelled Parasite and Fungi","floor":20.0,"turns":6.0},{"damage":29.0,"enemies":"Slavers","floor":23.0,"turns":12.0},{"damage":10.0,"enemies":"Snake Plant","floor":25.0,"turns":7.0},{"damage":12.0,"enemies":"Centurion and Healer","floor":28.0,"turns":5.0},{"damage":0.0,"enemies":"Snecko","floor":31.0,"turns":5.0},{"damage":5.0,"enemies":"Champ","floor":33.0,"turns":11.0},{"damage":39.0,"enemies":"3 Darklings","floor":35.0,"turns":6.0},{"damage":0.0,"enemies":"Mind Bloom Boss Battle","floor":36.0,"turns":7.0},{"damage":0.0,"enemies":"3 Shapes","floor":37.0,"turns":4.0},{"damage":18.0,"enemies":"3 Darklings","floor":38.0,"turns":5.0},{"damage":6.0,"enemies":"Reptomancer","floor":40.0,"turns":4.0},{"damage":12.0,"enemies":"Maw","floor":41.0,"turns":6.0},{"damage":6.0,"enemies":"Nemesis","floor":42.0,"turns":3.0},{"damage":9.0,"enemies":"Giant Head","floor":44.0,"turns":6.0},{"damage":6.0,"enemies":"Reptomancer","floor":46.0,"turns":3.0},{"damage":6.0,"enemies":"Nemesis","floor":48.0,"turns":5.0},{"damage":16,"enemies":"Awakened One","floor":50,"turns":10},{"damage":12,"enemies":"Donu and Deca","floor":51,"turns":7},{"damage":19,"enemies":"Shield and Spear","floor":55,"turns":6},{"damage":36,"enemies":"The Heart","floor":56,"turns":10}],"seed_played":"-3967354809595496386","potions_obtained":[{"floor":2.0,"key":"PowerPotion"},{"floor":11.0,"key":"LiquidBronze"},{"floor":12.0,"key":"AttackPotion"},{"floor":14.0,"key":"Regen Potion"},{"floor":16.0,"key":"AttackPotion"},{"floor":19.0,"key":"AttackPotion"},{"floor":25.0,"key":"AttackPotion"},{"floor":31.0,"key":"Strength Potion"},{"floor":33.0,"key":"SpeedPotion"},{"floor":35.0,"key":"SkillPotion"},{"floor":41.0,"key":"Ancient Potion"},{"floor":42.0,"key":"Weak Potion"},{"floor":44.0,"key":"EntropicBrew"}],"is_trial":false,"path_per_floor":["M","M","?","$","M","E","R","?","T","M","E","M","R","M","R","B",null,"M","M","M","$","?","E","R","M","T","R","M","$","R","M","R","B",null,"M","?","M","M","?","E","M","E","T","E","R","E","$","E","R","B","B",null,"R","$","E","B",null],"character_chosen":"IRONCLAD","items_purchased":["Immolate","Gremlin Horn","Flame Barrier","OrangePellets","Block Potion","Energy Potion","Feel No Pain","PreservedInsect","Master of Strategy","SkillPotion"],"campfire_rested":3,"item_purchase_floors":[4,4,4,21,21,21,29,29,47,54],"current_hp_per_floor":[62,66,66,66,68,7,29,29,29,34,17,15,37,45,45,7,58,56,47,32,32,32,17,39,43,43,43,43,43,43,59,59,70,74,50,68,75,65,65,75,75,75,75,75,75,75,75,75,75,75,75,75,75,75,86,68],"gold":60,"neow_bonus":"HUNDRED_GOLD","is_prod":false,"is_daily":false,"chose_seed":false,"campfire_upgraded":6,"win_rate":0,"timestamp":1554585453,"path_taken":["M","M","?","$","?","E","R","?","T","M","E","M","R","M","R","BOSS","M","M","?","$","?","E","R","M","T","R","M","?","R","M","R","BOSS","M","?","M","M","?","E","?","E","T","E","R","E","?","E","R","BOSS","BOSS","R","$","E","BOSS"],"build_version":"2019-04-04","purchased_purges":3,"victory":true,"max_hp_per_floor":[75,75,75,75,75,75,75,75,75,75,75,75,75,75,75,75,75,75,75,75,75,75,75,75,75,75,75,75,75,75,75,75,75,75,75,75,75,75,75,75,75,75,75,75,75,75,75,75,75,75,75,75,75,75,89,89],"card_choices":[{"not_picked":["Sword Boomerang","True Grit"],"picked":"Iron Wave","floor":1.0},{"not_picked":["Sword Boomerang","Perfected Strike"],"picked":"Metallicize","floor":2.0},{"not_picked":["Flex","Pommel Strike"],"picked":"Metallicize","floor":5.0},{"not_picked":["Anger","Sword Boomerang","Clothesline"],"picked":"SKIP","floor":6.0},{"not_picked":["Shrug It Off","Wild Strike"],"picked":"Impervious","floor":10.0},{"not_picked":["Carnage","Clash"],"picked":"Exhume","floor":11.0},{"not_picked":["Flex","Sever Soul","Havoc"],"picked":"SKIP","floor":12.0},{"not_picked":["Twin Strike","Sever Soul"],"picked":"Dual Wield","floor":14.0},{"not_picked":["Reaper","Offering"],"picked":"Barricade","floor":16.0},{"not_picked":["Pummel","Pommel Strike"],"picked":"Armaments","floor":18.0},{"not_picked":["Heavy Blade","Anger"],"picked":"Body Slam","floor":19.0},{"not_picked":["Pommel Strike","Sword Boomerang"],"picked":"Headbutt","floor":20.0},{"not_picked":["Clothesline","Pummel+1"],"picked":"Second Wind","floor":23.0},{"not_picked":["Perfected Strike","Havoc","Sever Soul"],"picked":"SKIP","floor":25.0},{"not_picked":["Whirlwind","Anger"],"picked":"Juggernaut","floor":28.0},{"not_picked":["Headbutt+1","Anger"],"picked":"Battle Trance","floor":31.0},{"not_picked":["Bludgeon","Barricade"],"picked":"Offering","floor":33.0},{"not_picked":["Bloodletting","Thunderclap","Anger"],"picked":"SKIP","floor":35.0},{"not_picked":["Thunderclap+1","Wild Strike"],"picked":"Armaments+1","floor":36.0},{"not_picked":["Metallicize","Twin Strike","Anger+1"],"picked":"SKIP","floor":37.0},{"not_picked":["Flex","Wild Strike"],"picked":"Shrug It Off","floor":38.0},{"not_picked":["Wild Strike","Pommel Strike"],"picked":"Body Slam","floor":40.0},{"not_picked":["Rampage","Havoc"],"picked":"Body Slam+1","floor":41.0},{"not_picked":["Body Slam","Cleave+1","Immolate"],"picked":"SKIP","floor":42.0},{"not_picked":["Body Slam","Cleave+1","Immolate"],"picked":"SKIP","floor":42.0},{"not_picked":["Wild Strike+1","Sentinel+1","Reckless Charge+1"],"picked":"SKIP","floor":44.0},{"not_picked":["Heavy Blade+1","Sword Boomerang"],"picked":"Disarm","floor":46.0},{"not_picked":["Clash","Body Slam+1"],"picked":"Feel No Pain+1","floor":48.0},{"not_picked":["Clash","Havoc","Flex"],"picked":"SKIP","floor":55}],"player_experience":2774879,"relics_obtained":[{"floor":6.0,"key":"Bird Faced Urn"},{"floor":9.0,"key":"Old Coin"},{"floor":11.0,"key":"Oddly Smooth Stone"},{"floor":23.0,"key":"Bag of Preparation"},{"floor":36.0,"key":"Gambling Chip"},{"floor":40.0,"key":"Dream Catcher"},{"floor":42.0,"key":"Shuriken"},{"floor":43.0,"key":"Letter Opener"},{"floor":44.0,"key":"Bottled Lightning"},{"floor":46.0,"key":"Vajra"},{"floor":48.0,"key":"StoneCalendar"},{"floor":55,"key":"Mango"}],"event_choices":[{"damage_healed":0.0,"max_hp_gain":0.0,"max_hp_loss":0.0,"gold_gain":275.0,"event_name":"Golden Shrine","player_choice":"Desecrate","floor":3.0,"gold_loss":0.0,"damage_taken":0.0,"cards_obtained":["Regret"]},{"damage_healed":0.0,"max_hp_gain":0.0,"max_hp_loss":0.0,"gold_gain":0.0,"event_name":"Upgrade Shrine","player_choice":"Upgraded","floor":8.0,"gold_loss":0.0,"damage_taken":0.0,"cards_upgraded":["Immolate"]},{"cards_removed":["Strike_R"],"damage_healed":0.0,"max_hp_gain":0.0,"max_hp_loss":0.0,"gold_gain":0.0,"event_name":"Bonfire Elementals","player_choice":"Offered Basic","floor":22.0,"gold_loss":0.0,"damage_taken":0.0},{"damage_healed":0.0,"max_hp_gain":0.0,"max_hp_loss":0.0,"gold_gain":0.0,"event_name":"MindBloom","player_choice":"Fight","floor":36.0,"gold_loss":0.0,"damage_taken":0.0},{"damage_healed":0.0,"max_hp_gain":0.0,"max_hp_loss":0.0,"gold_gain":0.0,"cards_transformed":["Strike_R"],"event_name":"Transmorgrifier","player_choice":"Transformed","floor":39.0,"gold_loss":0.0,"damage_taken":0.0,"cards_obtained":["Battle Trance"]}],"is_beta":true,"boss_relics":[{"not_picked":["Eternal Feather","Runic Cube"],"picked":"Cursed Key"},{"not_picked":["Lizard Tail","White Beast Statue"],"picked":"Coffee Dripper"}],"items_purged_floors":[4,21,47],"is_endless":false,"potions_floor_spawned":[2,11,12,14,16,19,25,31,33,35,36,41,42,44],"ascension_level":20}