{"gold_per_floor":[116,41,41,41,60,60,92,110,133,133,164,182,2,32,32,127,127,138,156,156,5,18,18,45,145,145,145],"floor_reached":27,"playtime":4571,"items_purged":["Defend_R"],"score":261,"play_id":"1f9b5a75-8d6a-4023-bece-f2dfef1d04f8","local_time":"20190401184449","is_ascension_mode":true,"campfire_choices":[{"data":"Bash","floor":6,"key":"SMITH"},{"data":"Inflame","floor":10,"key":"SMITH"},{"data":"Limit Break","floor":15,"key":"SMITH"},{"data":"Inflame","floor":23,"key":"SMITH"}],"neow_cost":"NONE","seed_source_timestamp":290982017879693,"circlet_count":0,"master_deck":["Strike_R","Strike_R","Strike_R","Strike_R","Defend_R","Defend_R","Defend_R","Bash+1","Limit Break+1","Whirlwind+1","Thunderclap","Feel No Pain","Inflame+1","Barricade","Headbutt","Headbutt","Entrench+1","Armaments+1","Inflame+1","True Grit"],"relics":["Burning Blood","Dream Catcher","Bag of Marbles","Magic Flower","Ancient Tea Set","Juzu Bracelet","Snecko Eye","Happy Flower","Blood Vial","StoneCalendar"],"potions_floor_usage":[7,14,16,16,16,16,24],"damage_taken":[{"damage":10,"enemies":"Jaw Worm","floor":1,"turns":7},{"damage":5,"enemies":"Small Slimes","floor":5,"turns":2},{"damage":8,"enemies":"Gremlin Nob","floor":7,"turns":3},{"damage":10,"enemies":"Cultist","floor":8,"turns":4},{"damage":9,"enemies":"3 Sentries","floor":11,"turns":2},{"damage":5,"enemies":"Exordium Thugs","floor":12,"turns":3},{"damage":16,"enemies":"Gremlin Nob","floor":14,"turns":3},{"damage":62,"enemies":"The Guardian","floor":16,"turns":8},{"damage":0,"enemies":"3 Byrds","floor":18,"turns":3},{"damage":10,"enemies":"Shell Parasite","floor":19,"turns":2},{"damage":3,"enemies":"Snake Plant","floor":22,"turns":4},{"damage":18,"enemies":"Gremlin Leader","floor":24,"turns":2},{"damage":66,"enemies":"Book of Stabbing","floor":27,"turns":5}],"seed_played":"4818651957188580126","potions_obtained":[{"floor":1,"key":"Poison Potion"},{"floor":5,"key":"Ancient Potion"},{"floor":12,"key":"GamblersBrew"},{"floor":14,"key":"EntropicBrew"},{"floor":18,"key":"AttackPotion"},{"floor":24,"key":"Ancient Potion"}],"is_trial":false,"path_per_floor":["M","$","?","?","M","R","E","M","T","R","E","M","$","E","R","B",null,"M","M","?","$","M","R","E","?","T","E"],"character_chosen":"IRONCLAD","items_purchased":["Ancient Tea Set","Headbutt","Happy Flower"],"campfire_rested":0,"item_purchase_floors":[13,13,21],"current_hp_per_floor":[76,76,76,76,77,77,75,71,71,71,68,72,72,65,65,12,80,80,79,64,64,70,70,61,61,61,0],"gold":145,"neow_bonus":"TRANSFORM_CARD","is_prod":false,"is_daily":false,"chose_seed":false,"campfire_upgraded":4,"win_rate":0,"timestamp":1554140689,"path_taken":["M","$","?","?","M","R","E","M","T","R","E","M","?","E","R","BOSS","M","M","?","$","M","R","E","?","T","E"],"build_version":"2019-01-23","purchased_purges":1,"victory":false,"max_hp_per_floor":[80,80,80,80,80,80,80,80,80,80,80,80,80,80,80,80,80,80,80,85,85,85,85,85,85,85,85],"card_choices":[{"not_picked":["Body Slam","Iron Wave"],"picked":"Whirlwind","floor":1},{"not_picked":["Clash","Intimidate"],"picked":"Thunderclap","floor":5},{"not_picked":["Evolve","Anger"],"picked":"Feel No Pain","floor":7},{"not_picked":["Burning Pact","Heavy Blade"],"picked":"Inflame","floor":8},{"not_picked":["Battle Trance","Intimidate"],"picked":"Barricade","floor":11},{"not_picked":["Rupture","Perfected Strike","Thunderclap"],"picked":"SKIP","floor":12},{"not_picked":["Combust","Perfected Strike"],"picked":"Headbutt","floor":14},{"not_picked":["Clash+1","Perfected Strike"],"picked":"Entrench+1","floor":18},{"not_picked":["Rampage","Hemokinesis+1"],"picked":"Armaments+1","floor":19},{"not_picked":["Thunderclap","Wild Strike"],"picked":"Inflame","floor":22},{"not_picked":["Body Slam+1","Burning Pact"],"picked":"True Grit","floor":24}],"player_experience":858378,"relics_obtained":[{"floor":7,"key":"Dream Catcher"},{"floor":9,"key":"Bag of Marbles"},{"floor":11,"key":"Magic Flower"},{"floor":14,"key":"Juzu Bracelet"},{"floor":24,"key":"Blood Vial"},{"floor":26,"key":"StoneCalendar"}],"event_choices":[{"damage_healed":0,"gold_gain":0,"player_choice":"Grow","damage_taken":0,"max_hp_gain":0,"max_hp_loss":0,"event_name":"Living Wall","floor":3,"gold_loss":0,"cards_upgraded":["Whirlwind"]},{"damage_healed":0,"gold_gain":0,"player_choice":"Ignored","damage_taken":0,"max_hp_gain":0,"max_hp_loss":0,"event_name":"Liars Game","floor":4,"gold_loss":0},{"damage_healed":0,"gold_gain":0,"player_choice":"Shed Blood","damage_taken":20,"max_hp_gain":5,"max_hp_loss":0,"event_name":"Forgotten Altar","floor":20,"gold_loss":0},{"damage_healed":0,"gold_gain":100,"player_choice":"Pray","damage_taken":0,"max_hp_gain":0,"max_hp_loss":0,"event_name":"Golden Shrine","floor":25,"gold_loss":0}],"is_beta":false,"boss_relics":[{"not_picked":["Tiny House","Orrery"],"picked":"Snecko Eye"}],"items_purged_floors":[2],"is_endless":false,"potions_floor_spawned":[1,5,12,14,18,24],"killed_by":"Book of Stabbing","ascension_level":1}