{"gold_per_floor":[117,134,134,145,133,163,163,194,220,220,27,27,41,41,41,113,113,132,35,35,49,67,67,96,96,96,116,116,147,147,147,147,147],"floor_reached":33,"playtime":2358,"items_purged":["Strike_B","Strike_B"],"score":550,"play_id":"0810a397-d793-4359-ad72-580fa41381dd","local_time":"20190408135201","is_ascension_mode":true,"campfire_choices":[{"data":"Go for the Eyes","floor":7.0,"key":"SMITH"},{"floor":10.0,"key":"REST"},{"data":"Zap","floor":12.0,"key":"SMITH"},{"data":"Genetic Algorithm","floor":15.0,"key":"SMITH"},{"floor":23,"key":"REST"},{"data":"Steam Power","floor":28,"key":"SMITH"},{"data":"Seek","floor":30,"key":"SMITH"},{"data":"Streamline","floor":32,"key":"SMITH"}],"neow_cost":"NONE","seed_source_timestamp":0,"circlet_count":0,"master_deck":["AscendersBane","Strike_B","Defend_B","Defend_B","Defend_B+1","Defend_B","Zap+1","Dualcast","Amplify+1","Self Repair","Streamline+1","Go for the Eyes+1","Ball Lightning+1","Genetic Algorithm+1","Compile Driver","Rip and Tear","Core Surge","Capacitor","Cold Snap","Ghostly","Ghostly","Ghostly","Ghostly","Ghostly","Cold Snap+1","Steam Power+1","Coolheaded","Seek+1","Go for the Eyes+1"],"special_seed":0,"relics":["Cracked Core","Pen Nib","Omamori","Smiling Mask","Vajra","Strawberry","Black Star","Boot","War Paint","Orichalcum","Bottled Lightning","Shuriken","Whetstone"],"potions_floor_usage":[22,29,33],"damage_taken":[{"damage":0.0,"enemies":"2 Louse","floor":1.0,"turns":4.0},{"damage":1.0,"enemies":"Cultist","floor":2.0,"turns":3.0},{"damage":3.0,"enemies":"Small Slimes","floor":4.0,"turns":2.0},{"damage":12.0,"enemies":"Exordium Thugs","floor":5.0,"turns":4.0},{"damage":30.0,"enemies":"Lagavulin","floor":6.0,"turns":6.0},{"damage":27.0,"enemies":"Gremlin Nob","floor":8.0,"turns":4.0},{"damage":6.0,"enemies":"Looter","floor":13.0,"turns":2.0},{"damage":42,"enemies":"The Guardian","floor":16,"turns":11},{"damage":28,"enemies":"2 Thieves","floor":18,"turns":4},{"damage":16,"enemies":"Shell Parasite","floor":21,"turns":8},{"damage":19,"enemies":"Centurion and Healer","floor":22,"turns":7},{"damage":1,"enemies":"Book of Stabbing","floor":24,"turns":6},{"damage":0,"enemies":"Snake Plant","floor":27,"turns":6},{"damage":0,"enemies":"Slavers","floor":29,"turns":9},{"damage":49,"enemies":"Collector","floor":33,"turns":9}],"seed_played":"-1173700104920123524","potions_obtained":[{"floor":1.0,"key":"SkillPotion"},{"floor":3.0,"key":"Explosive Potion"},{"floor":3.0,"key":"EssenceOfSteel"},{"floor":5.0,"key":"FearPotion"},{"floor":13.0,"key":"SteroidPotion"},{"floor":21,"key":"SkillPotion"},{"floor":24,"key":"EssenceOfSteel"},{"floor":29,"key":"Fire Potion"}],"is_trial":false,"path_per_floor":["M","M","?","M","M","E","R","E","T","R","$","R","M","?","R","B",null,"M","$","?","M","M","R","E","?","T","M","R","E","R","?","R","B"],"character_chosen":"DEFECT","items_purchased":["Vajra","Cold Snap"],"campfire_rested":2,"item_purchase_floors":[11,19],"current_hp_per_floor":[68,74,74,71,66,43,43,16,16,38,38,38,39,46,46,11,64,43,43,41,32,20,32,38,38,38,41,41,41,41,41,41,0],"gold":147,"neow_bonus":"TRANSFORM_CARD","is_prod":false,"is_daily":false,"chose_seed":false,"campfire_upgraded":6,"win_rate":0,"timestamp":1554727921,"path_taken":["M","M","?","M","?","E","R","E","T","R","$","R","M","?","R","BOSS","M","$","?","M","M","R","E","?","T","?","R","E","R","?","R","BOSS"],"build_version":"2019-01-23","purchased_purges":2,"victory":false,"max_hp_per_floor":[75,75,75,75,75,75,75,75,75,75,75,75,75,82,82,82,82,82,82,41,41,41,41,41,41,41,41,41,41,41,41,41,41],"card_choices":[{"not_picked":["Stack","Beam Cell"],"picked":"Self Repair","floor":1.0},{"not_picked":["Barrage","Stack"],"picked":"Streamline","floor":2.0},{"not_picked":["FTL","Tempest"],"picked":"Go for the Eyes","floor":4.0},{"not_picked":["Redo","Rip and Tear"],"picked":"Ball Lightning","floor":5.0},{"not_picked":["Chill","Tempest"],"picked":"Genetic Algorithm","floor":6.0},{"not_picked":["Darkness","Genetic Algorithm"],"picked":"Compile Driver","floor":8.0},{"not_picked":["Scrape","Tempest"],"picked":"Rip and Tear","floor":13.0},{"not_picked":["Rainbow","Hyperbeam"],"picked":"Core Surge","floor":16},{"not_picked":["Chaos","Steam"],"picked":"Capacitor","floor":18},{"not_picked":["Beam Cell","White Noise","Tempest"],"picked":"SKIP","floor":21},{"not_picked":["Leap","Streamline"],"picked":"Cold Snap","floor":22},{"not_picked":["Doom and Gloom","Thunder Strike"],"picked":"Steam Power","floor":24},{"not_picked":["Ball Lightning","Sweeping Beam"],"picked":"Coolheaded","floor":27},{"not_picked":["Double Energy","Stack"],"picked":"Seek","floor":29}],"player_experience":938347,"relics_obtained":[{"floor":6.0,"key":"Pen Nib"},{"floor":8.0,"key":"Omamori"},{"floor":9.0,"key":"Smiling Mask"},{"floor":24,"key":"Boot"},{"floor":24,"key":"War Paint"},{"floor":26,"key":"Bottled Lightning"},{"floor":29,"key":"Shuriken"},{"floor":29,"key":"Whetstone"}],"event_choices":[{"damage_healed":0.0,"max_hp_gain":0.0,"max_hp_loss":0.0,"gold_gain":0.0,"event_name":"Lab","player_choice":"Got Potions","floor":3.0,"gold_loss":0.0,"damage_taken":0.0},{"damage_healed":0.0,"max_hp_gain":0.0,"max_hp_loss":0.0,"gold_gain":0.0,"event_name":"WeMeetAgain","player_choice":"Gave Potion","floor":14.0,"gold_loss":0.0,"damage_taken":0.0,"relics_obtained":["Strawberry"]},{"damage_healed":0,"gold_gain":0,"player_choice":"Became a Ghost","damage_taken":0,"max_hp_gain":0,"max_hp_loss":41,"event_name":"Ghosts","floor":20,"gold_loss":0,"cards_obtained":["Ghostly","Ghostly","Ghostly","Ghostly","Ghostly"]},{"damage_healed":0,"gold_gain":0,"player_choice":"Opened","damage_taken":0,"relics_obtained":["Orichalcum"],"max_hp_gain":0,"max_hp_loss":0,"event_name":"The Mausoleum","floor":25,"gold_loss":0,"cards_obtained":["Writhe"]},{"damage_healed":0,"gold_gain":0,"player_choice":"Copied","damage_taken":0,"max_hp_gain":0,"max_hp_loss":0,"event_name":"Duplicator","floor":31,"gold_loss":0,"cards_obtained":["Go for the Eyes"]}],"is_beta":false,"boss_relics":[{"not_picked":["Ectoplasm","White Beast Statue"],"picked":"Black Star"}],"items_purged_floors":[11,19],"is_endless":false,"potions_floor_spawned":[1,4,5,13,21,24,29],"killed_by":"Collector","ascension_level":13}