{"gold_per_floor":[116,126,4,4,14,14,39,56,56,70,70,83,83,111,111,188,188,205,205,205,11,27,62,37,37],"floor_reached":25,"playtime":1482,"items_purged":[],"score":486,"play_id":"3cb8f0b5-eaa4-454e-8d34-f232fd9d197c","local_time":"20190411153154","is_ascension_mode":true,"campfire_choices":[{"data":"Noxious Fumes","floor":6,"key":"SMITH"},{"floor":13,"key":"REST"},{"data":"Catalyst","floor":15,"key":"SMITH"}],"neow_cost":"NONE","seed_source_timestamp":109185396821056,"circlet_count":0,"master_deck":["AscendersBane","Defend_G","Defend_G","Defend_G","Defend_G","Defend_G","Strike_G","Strike_G","Strike_G","Strike_G","Strike_G","Survivor","Neutralize","Bane","Dagger Spray","Poisoned Stab","Catalyst+1","Backflip","Noxious Fumes+1","Catalyst+1","Night Terror","Leg Sweep","Bouncing Flask","Dodge and Roll","Poisoned Stab","Bullet Time","Footwork","Ghostly","Ghostly","Ghostly","Apotheosis","Caltrops+1","Backflip"],"relics":["Orrery","Regal Pillow","Bottled Tornado","StoneCalendar","Velvet Choker","Bottled Flame"],"potions_floor_usage":[7,8,10,16,25],"damage_taken":[{"damage":7,"enemies":"Small Slimes","floor":1,"turns":3},{"damage":0,"enemies":"Cultist","floor":2,"turns":3},{"damage":2,"enemies":"2 Louse","floor":5,"turns":3},{"damage":10,"enemies":"3 Sentries","floor":7,"turns":7},{"damage":8,"enemies":"Blue Slaver","floor":8,"turns":4},{"damage":13,"enemies":"3 Louse","floor":10,"turns":4},{"damage":4,"enemies":"Exordium Wildlife","floor":12,"turns":4},{"damage":15,"enemies":"Lagavulin","floor":14,"turns":5},{"damage":28,"enemies":"Slime Boss","floor":16,"turns":7},{"damage":22,"enemies":"3 Byrds","floor":18,"turns":4},{"damage":2,"enemies":"Chosen","floor":22,"turns":4},{"damage":22,"enemies":"Book of Stabbing","floor":23,"turns":4},{"damage":6,"enemies":"Snake Plant","floor":25,"turns":1}],"seed_played":"-3987970237773795820","potions_obtained":[{"floor":2,"key":"SkillPotion"},{"floor":5,"key":"FearPotion"},{"floor":7,"key":"Dexterity Potion"},{"floor":12,"key":"Strength Potion"},{"floor":14,"key":"PowerPotion"},{"floor":22,"key":"SpeedPotion"},{"floor":23,"key":"Block Potion"}],"is_trial":false,"path_per_floor":["M","M","$","?","M","R","E","M","T","M","?","M","R","E","R","B",null,"M","?","?","$","M","E","$","M"],"character_chosen":"THE_SILENT","items_purchased":["Noxious Fumes","Catalyst","Apotheosis","Backflip"],"campfire_rested":1,"item_purchase_floors":[3,3,21,24],"current_hp_per_floor":[52,52,52,52,50,50,40,32,32,19,19,15,49,34,34,6,51,29,29,29,29,27,5,5,0],"gold":37,"neow_bonus":"BOSS_RELIC","is_prod":false,"is_daily":false,"chose_seed":false,"campfire_upgraded":2,"win_rate":0,"timestamp":1554993114,"path_taken":["M","M","$","?","M","R","E","M","T","?","?","M","R","E","R","BOSS","M","?","?","$","M","E","$","M"],"build_version":"2019-01-23","purchased_purges":0,"victory":false,"max_hp_per_floor":[66,66,66,66,66,66,66,66,66,66,66,66,66,66,66,66,66,66,33,33,33,33,33,33,33],"card_choices":[{"not_picked":["Flying Knee","Dash"],"picked":"Bane","floor":0},{"not_picked":["Predator","Flying Knee"],"picked":"Dagger Spray","floor":0},{"not_picked":["Deflect","Quick Slash"],"picked":"Poisoned Stab","floor":0},{"not_picked":["Dagger Spray","Predator"],"picked":"Catalyst","floor":0},{"not_picked":["Deflect","Prepared"],"picked":"Backflip","floor":1},{"not_picked":["Eviscerate","Acrobatics","Setup"],"picked":"SKIP","floor":2},{"not_picked":["Prepared","Deflect"],"picked":"Leg Sweep","floor":5},{"not_picked":["Expertise","Finisher","Blade Dance"],"picked":"SKIP","floor":7},{"not_picked":["Concentrate","Underhanded Strike","Blade Dance"],"picked":"SKIP","floor":8},{"not_picked":["Dodge and Roll","Blade Dance"],"picked":"Bouncing Flask","floor":10},{"not_picked":["Concentrate","Prepared"],"picked":"Dodge and Roll","floor":12},{"not_picked":["Cloak And Dagger","Blade Dance"],"picked":"Poisoned Stab","floor":14},{"not_picked":["Doppelganger","Unload"],"picked":"Bullet Time","floor":16},{"not_picked":["Acrobatics","PiercingWail"],"picked":"Footwork","floor":18},{"not_picked":["Dagger Spray","Blade Dance","Dagger Throw"],"picked":"SKIP","floor":22},{"not_picked":["Tactician","Venomology"],"picked":"Caltrops+1","floor":23}],"player_experience":1016444,"relics_obtained":[{"floor":7,"key":"Regal Pillow"},{"floor":9,"key":"Bottled Tornado"},{"floor":14,"key":"StoneCalendar"},{"floor":23,"key":"Bottled Flame"}],"event_choices":[{"damage_healed":0,"gold_gain":0,"player_choice":"1 cards matched","damage_taken":0,"max_hp_gain":0,"max_hp_loss":0,"event_name":"Match and Keep!","floor":4,"gold_loss":0,"cards_obtained":["Night Terror"]},{"damage_healed":0,"gold_gain":0,"player_choice":"Grow","damage_taken":0,"max_hp_gain":0,"max_hp_loss":0,"event_name":"Living Wall","floor":11,"gold_loss":0,"cards_upgraded":["Catalyst"]},{"damage_healed":0,"gold_gain":0,"player_choice":"Became a Ghost","damage_taken":0,"max_hp_gain":0,"max_hp_loss":33,"event_name":"Ghosts","floor":19,"gold_loss":0,"cards_obtained":["Ghostly","Ghostly","Ghostly"]},{"damage_healed":0,"gold_gain":0,"player_choice":"Ignored","damage_taken":0,"max_hp_gain":0,"max_hp_loss":0,"event_name":"Cursed Tome","floor":20,"gold_loss":0}],"is_beta":false,"boss_relics":[{"not_picked":["Astrolabe","WristBlade"],"picked":"Velvet Choker"}],"items_purged_floors":[],"is_endless":false,"potions_floor_spawned":[2,5,7,12,14,22,23],"killed_by":"Snake Plant","ascension_level":18}