{"gold_per_floor":[117,192,205,205,205,246,246],"floor_reached":7,"playtime":328,"items_purged":[],"score":66,"play_id":"fcf1c9a9-19f1-4e43-b798-5cc7c968b936","local_time":"20190325124227","is_ascension_mode":true,"campfire_choices":[],"neow_cost":"PERCENT_DAMAGE","seed_source_timestamp":0,"circlet_count":0,"master_deck":["Strike_B","Strike_B","Strike_B","Strike_B","Defend_B","Defend_B","Defend_B","Defend_B","Zap","Dualcast","Sweeping Beam","Go for the Eyes","Ball Lightning+1"],"special_seed":0,"relics":["Cracked Core","Prayer Wheel","Golden Idol","Molten Egg 2","Matryoshka"],"potions_floor_usage":[7],"damage_taken":[{"damage":1.0,"enemies":"Cultist","floor":1.0,"turns":3.0},{"damage":0.0,"enemies":"Small Slimes","floor":3.0,"turns":2.0},{"damage":36.0,"enemies":"Gremlin Nob","floor":6.0,"turns":4.0},{"damage":2,"enemies":"Jaw Worm","floor":7,"turns":1}],"seed_played":"-982408612294908767","potions_obtained":[{"floor":1.0,"key":"Explosive Potion"},{"floor":6,"key":"FearPotion"}],"is_trial":false,"path_per_floor":["M","?","M","?","T","E","M"],"character_chosen":"DEFECT","items_purchased":[],"campfire_rested":0,"item_purchase_floors":[],"current_hp_per_floor":[49,38,38,38,38,2,0],"gold":246,"neow_bonus":"ONE_RARE_RELIC","is_prod":false,"is_daily":false,"chose_seed":false,"campfire_upgraded":0,"win_rate":0,"timestamp":1553517747,"path_taken":["M","?","M","?","?","E","M"],"build_version":"2019-01-23","purchased_purges":0,"victory":false,"max_hp_per_floor":[75,75,75,69,69,69,69],"card_choices":[{"not_picked":["Ball Lightning","Compile Driver"],"picked":"Sweeping Beam","floor":1.0},{"not_picked":["Beam Cell","Stack","Hello World"],"picked":"SKIP","floor":1.0},{"not_picked":["Recycle","Heatsinks"],"picked":"Go for the Eyes","floor":3.0},{"not_picked":["Coolheaded","Redo","Darkness"],"picked":"SKIP","floor":3.0},{"not_picked":["Rebound+1","Fusion"],"picked":"Ball Lightning+1","floor":6}],"player_experience":756085,"relics_obtained":[{"floor":5.0,"key":"Molten Egg 2"},{"floor":6,"key":"Matryoshka"}],"event_choices":[{"damage_healed":0.0,"max_hp_gain":0.0,"max_hp_loss":0.0,"gold_gain":75.0,"event_name":"World of Goop","player_choice":"Gather Gold","floor":2.0,"gold_loss":0.0,"damage_taken":11.0},{"damage_healed":0.0,"max_hp_gain":0.0,"max_hp_loss":6.0,"gold_gain":0.0,"event_name":"Golden Idol","player_choice":"Lose Max HP","floor":4.0,"gold_loss":0.0,"damage_taken":0.0,"relics_obtained":["Golden Idol"]}],"is_beta":false,"boss_relics":[],"items_purged_floors":[],"is_endless":false,"potions_floor_spawned":[1,6],"killed_by":"Jaw Worm","ascension_level":7}