{"gold_per_floor":[119,119,134,154,174,202,202,234,286,286,298,298,311,324,324,429,429,439,439,63,338,114,114,129,129],"floor_reached":25,"playtime":930,"items_purged":["Defend_B","Regret"],"score":234,"play_id":"fe88d960-aa89-42aa-af3a-95cb54b4713f","local_time":"20190415035516","is_ascension_mode":true,"campfire_choices":[{"data":"Sunder","floor":7,"key":"SMITH"},{"floor":10,"key":"REST"},{"floor":12,"key":"REST"},{"floor":15,"key":"REST"},{"data":"Echo Form","floor":23,"key":"SMITH"}],"neow_cost":"NONE","seed_source_timestamp":264030705017399,"circlet_count":0,"master_deck":["Strike_B","Strike_B","Strike_B","Strike_B","Defend_B","Defend_B+1","Defend_B+1","Zap","Dualcast","Sunder+1","Coolheaded","Cold Snap","Coolheaded","Echo Form+1","Turbo+1","Cold Snap","Conserve Battery+1","Amplify+1","Fission+1","Doom and Gloom","Heatsinks","Hologram+1","Hologram+1"],"relics":["Cracked Core","War Paint","WingedGreaves","Toxic Egg 2","Regal Pillow","Coffee Dripper","Tiny Chest"],"potions_floor_usage":[6,6,8,16,16,18],"damage_taken":[{"damage":1,"enemies":"Small Slimes","floor":1,"turns":4},{"damage":1,"enemies":"Cultist","floor":3,"turns":3},{"damage":0,"enemies":"2 Louse","floor":4,"turns":2},{"damage":8,"enemies":"Blue Slaver","floor":5,"turns":4},{"damage":4,"enemies":"Lagavulin","floor":6,"turns":10},{"damage":50,"enemies":"Gremlin Nob","floor":8,"turns":5},{"damage":24,"enemies":"Gremlin Gang","floor":11,"turns":5},{"damage":12,"enemies":"Exordium Thugs","floor":13,"turns":3},{"damage":10,"enemies":"2 Fungi Beasts","floor":14,"turns":4},{"damage":7,"enemies":"Slime Boss","floor":16,"turns":8},{"damage":16,"enemies":"3 Byrds","floor":18,"turns":5},{"damage":30,"enemies":"Colosseum Slavers","floor":19,"turns":5},{"damage":20,"enemies":"2 Thieves","floor":24,"turns":3},{"damage":10,"enemies":"Centurion and Healer","floor":25,"turns":1}],"seed_played":"-6144140400946441850","potions_obtained":[{"floor":2,"key":"Weak Potion"},{"floor":2,"key":"Ancient Potion"},{"floor":2,"key":"Dexterity Potion"},{"floor":5,"key":"Explosive Potion"},{"floor":8,"key":"Ancient Potion"},{"floor":14,"key":"SkillPotion"},{"floor":16,"key":"PowerPotion"},{"floor":24,"key":"Ancient Potion"}],"is_trial":false,"path_per_floor":["M","?","M","M","M","E","R","E","T","R","M","R","M","M","R","B",null,"M","?","$","?","$","R","M","M"],"character_chosen":"DEFECT","items_purchased":["Fission+1","Doom and Gloom","Tiny Chest","Heatsinks","Hologram+1"],"campfire_rested":3,"item_purchase_floors":[20,20,20,22,22],"current_hp_per_floor":[74,74,73,73,65,61,61,11,11,48,24,61,49,39,75,68,75,59,29,29,29,29,29,9,0],"gold":129,"neow_bonus":"RANDOM_COMMON_RELIC","is_prod":false,"is_daily":false,"chose_seed":false,"campfire_upgraded":2,"win_rate":0,"timestamp":1555325716,"path_taken":["M","?","?","M","?","E","R","E","T","R","M","R","M","M","R","BOSS","M","?","$","?","$","R","M","?"],"build_version":"2019-01-23","purchased_purges":2,"victory":false,"max_hp_per_floor":[75,75,75,75,75,75,75,75,75,75,75,75,75,75,75,75,75,75,75,75,75,75,75,75,75],"card_choices":[{"not_picked":["Rebound","Gash","Turbo"],"picked":"SKIP","floor":1},{"not_picked":["Skim","Fusion"],"picked":"Sunder","floor":3},{"not_picked":["Cold Snap","Hello World"],"picked":"Coolheaded","floor":4},{"not_picked":["Coolheaded","Sweeping Beam"],"picked":"Cold Snap","floor":5},{"not_picked":["Conserve Battery","Lockon"],"picked":"Coolheaded","floor":6},{"not_picked":["Rebound","Blizzard"],"picked":"Echo Form","floor":8},{"not_picked":["Gash","Sweeping Beam"],"picked":"Turbo+1","floor":11},{"not_picked":["FTL","Leap+1"],"picked":"Cold Snap","floor":13},{"not_picked":["Rebound","Rip and Tear"],"picked":"Conserve Battery+1","floor":14},{"not_picked":["Hyperbeam","Multi-Cast+1"],"picked":"Amplify+1","floor":16},{"not_picked":["Tempest+1","Stack+1","Go for the Eyes+1"],"picked":"SKIP","floor":18},{"not_picked":["Gash","Barrage"],"picked":"Hologram+1","floor":24}],"player_experience":114526,"relics_obtained":[{"floor":6,"key":"WingedGreaves"},{"floor":8,"key":"Toxic Egg 2"},{"floor":9,"key":"Regal Pillow"}],"event_choices":[{"damage_healed":0,"gold_gain":0,"player_choice":"Got Potions","damage_taken":0,"max_hp_gain":0,"max_hp_loss":0,"event_name":"Lab","floor":2,"gold_loss":0},{"damage_healed":0,"gold_gain":0,"player_choice":"Fight","damage_taken":0,"max_hp_gain":0,"max_hp_loss":0,"event_name":"Colosseum","floor":19,"gold_loss":0},{"damage_healed":0,"gold_gain":0,"player_choice":"Fled From Nobs","damage_taken":0,"max_hp_gain":0,"max_hp_loss":0,"event_name":"Colosseum","floor":19,"gold_loss":0},{"damage_healed":0,"gold_gain":275,"player_choice":"Desecrate","damage_taken":0,"max_hp_gain":0,"max_hp_loss":0,"event_name":"Golden Shrine","floor":21,"gold_loss":0,"cards_obtained":["Regret"]}],"is_beta":false,"boss_relics":[{"not_picked":["Runic Dome","Snecko Eye"],"picked":"Coffee Dripper"}],"items_purged_floors":[20,22],"is_endless":false,"potions_floor_spawned":[5,8,14,16,24],"killed_by":"Centurion and Healer","ascension_level":2}