{"gold_per_floor":[119,132,132,56,56,92,119,119,142,142,158,177,246,266,266,355,355,371,142,142,161,161,161,197,117,117,131,156,156,187,202,202,202],"floor_reached":33,"playtime":1027,"items_purged":["Injury","Defend_R"],"score":629,"play_id":"1ea51fd5-ffa0-442b-a32a-a86cb6b9ebbc","local_time":"20181024120054","is_ascension_mode":true,"campfire_choices":[{"floor":8,"key":"REST"},{"floor":10,"key":"REST"},{"data":"Rampage","floor":15,"key":"SMITH"},{"data":"Offering","floor":23,"key":"SMITH"},{"data":"Seeing Red","floor":29,"key":"SMITH"},{"data":"Offering","floor":32,"key":"SMITH"}],"neow_cost":"NONE","seed_source_timestamp":1187730671702865,"circlet_count":0,"master_deck":["Strike_R","Strike_R","Strike_R","Strike_R","Strike_R","Defend_R","Defend_R","Defend_R","Bash","AscendersBane","Pommel Strike","Cleave","Reaper","Headbutt","Battle Trance","Sever Soul","Shrug It Off","Rampage+1","Offering+1","Ghostly","Ghostly","Ghostly","Ghostly","Ghostly","Exhume","Seeing Red+1","Offering+1"],"relics":["Burning Blood","NeowsBlessing","Golden Idol","Thread and Needle","Omamori","Pen Nib","Centennial Puzzle","Tiny Chest","Blood Vial","Self Forming Clay","Incense Burner","Bag of Marbles","Nloth\u0027s Gift","The Courier","Dream Catcher","Juzu Bracelet"],"potions_floor_usage":[12,13,16,24,30,33,33],"damage_taken":[{"damage":0,"enemies":"Cultist","floor":1,"turns":1},{"damage":0,"enemies":"2 Louse","floor":2,"turns":1},{"damage":0,"enemies":"3 Sentries","floor":6,"turns":1},{"damage":6,"enemies":"Small Slimes","floor":11,"turns":3},{"damage":0,"enemies":"3 Louse","floor":12,"turns":2},{"damage":28,"enemies":"Lagavulin","floor":13,"turns":5},{"damage":4,"enemies":"Blue Slaver","floor":14,"turns":4},{"damage":45,"enemies":"Hexaghost","floor":16,"turns":7},{"damage":19,"enemies":"2 Thieves","floor":18,"turns":4},{"damage":6,"enemies":"Shell Parasite","floor":21,"turns":4},{"damage":4,"enemies":"Slavers","floor":24,"turns":8},{"damage":1,"enemies":"Centurion and Healer","floor":27,"turns":7},{"damage":6,"enemies":"Sentry and Sphere","floor":28,"turns":5},{"damage":1,"enemies":"Book of Stabbing","floor":30,"turns":5},{"damage":2,"enemies":"Snake Plant","floor":31,"turns":3},{"damage":36,"enemies":"Collector","floor":33,"turns":8}],"seed_played":"-7039666512649809406","potions_obtained":[{"floor":2,"key":"Regen Potion"},{"floor":11,"key":"Explosive Potion"},{"floor":12,"key":"AttackPotion"},{"floor":13,"key":"Ancient Potion"},{"floor":27,"key":"Strength Potion"},{"floor":28,"key":"EssenceOfSteel"},{"floor":31,"key":"FearPotion"}],"is_trial":false,"path_per_floor":["M","M","?","$","?","E","T","R","T","R","M","M","E","M","R","B",null,"M","$","?","M","?","R","E","$","T","M","M","R","E","M","R"],"character_chosen":"IRONCLAD","items_purchased":["Reaper","Bag of Marbles"],"campfire_rested":2,"item_purchase_floors":[4,19],"current_hp_per_floor":[74,75,68,68,12,21,21,41,41,61,68,68,46,48,48,21,56,45,45,34,34,34,34,34,34,34,34,34,34,34,34,34,0],"gold":202,"neow_bonus":"THREE_ENEMY_KILL","is_prod":false,"is_daily":false,"chose_seed":false,"campfire_upgraded":4,"win_rate":0,"timestamp":1540407654,"path_taken":["M","?","?","$","?","E","?","R","T","R","M","M","E","?","R","BOSS","M","$","?","M","?","R","E","$","T","M","?","R","E","M","R","BOSS"],"build_version":"2018-10-18","purchased_purges":2,"victory":false,"max_hp_per_floor":[75,75,68,68,68,68,68,68,68,68,68,68,68,68,68,68,68,68,68,34,34,34,34,34,34,34,34,34,34,34,34,34,34],"card_choices":[{"not_picked":["Shrug It Off","Warcry"],"picked":"Pommel Strike","floor":1},{"not_picked":["Sword Boomerang","Blood for Blood"],"picked":"Cleave","floor":2},{"not_picked":["Havoc","Rampage"],"picked":"Headbutt","floor":6},{"not_picked":["True Grit","Flex"],"picked":"Battle Trance","floor":11},{"not_picked":["Exhume","Perfected Strike"],"picked":"Sever Soul","floor":12},{"not_picked":["Exhume","Fire Breathing"],"picked":"Shrug It Off","floor":13},{"not_picked":["Warcry","Battle Trance"],"picked":"Rampage","floor":14},{"not_picked":["Limit Break","Fiend Fire"],"picked":"Offering","floor":16},{"not_picked":["Clothesline","Pummel+1","Reckless Charge+1"],"picked":"SKIP","floor":18},{"not_picked":["Twin Strike","Flex","Heavy Blade"],"picked":"SKIP","floor":21},{"not_picked":["Flex","Brutality"],"picked":"Exhume","floor":24},{"not_picked":["Flame Barrier","Flex","Armaments"],"picked":"SKIP","floor":27},{"not_picked":["Rampage","Twin Strike"],"picked":"Seeing Red","floor":28},{"not_picked":["Hemokinesis","Barricade"],"picked":"Offering","floor":30},{"not_picked":["Dual Wield","Iron Wave","Headbutt"],"picked":"SKIP","floor":31}],"player_experience":634380,"relics_obtained":[{"floor":6,"key":"Omamori"},{"floor":7,"key":"Pen Nib"},{"floor":9,"key":"Centennial Puzzle"},{"floor":13,"key":"Tiny Chest"},{"floor":17,"key":"Blood Vial"},{"floor":17,"key":"Self Forming Clay"},{"floor":17,"key":"Incense Burner"},{"floor":24,"key":"The Courier"},{"floor":26,"key":"Dream Catcher"},{"floor":30,"key":"Juzu Bracelet"}],"event_choices":[{"damage_healed":0,"gold_gain":0,"player_choice":"Lose Max HP","damage_taken":0,"relics_obtained":["Golden Idol"],"max_hp_gain":0,"max_hp_loss":7,"event_name":"Golden Idol","floor":3,"gold_loss":0},{"damage_healed":0,"gold_gain":0,"player_choice":"Success","damage_taken":56,"relics_obtained":["Thread and Needle"],"max_hp_gain":0,"max_hp_loss":0,"event_name":"Scrap Ooze","floor":5,"gold_loss":0},{"damage_healed":0,"gold_gain":0,"player_choice":"Became a Ghost","damage_taken":0,"max_hp_gain":0,"max_hp_loss":34,"event_name":"Ghosts","floor":20,"gold_loss":0,"cards_obtained":["Ghostly","Ghostly","Ghostly","Ghostly","Ghostly"]},{"damage_healed":0,"gold_gain":0,"player_choice":"Traded Relic","damage_taken":0,"relics_obtained":["Nloth\u0027s Gift"],"max_hp_gain":0,"max_hp_loss":0,"event_name":"N\u0027loth","floor":22,"relics_lost":["Calling Bell"],"gold_loss":0}],"is_beta":false,"boss_relics":[{"not_picked":["Cursed Key","Snecko Eye"],"picked":"Calling Bell"}],"items_purged_floors":[19,25],"is_endless":false,"potions_floor_spawned":[2,11,12,13,27,28,31],"killed_by":"Collector","ascension_level":15}