{"gold_per_floor":[109,123,135,165,176,203,266,266,290,16,44,62,73,90,90,194,194,213,213,213,202,222,222,240,272,322,322,322,337,337,367,367,367],"floor_reached":33,"playtime":4384,"items_purged":["Strike_B"],"score":404,"play_id":"108bea5a-59f2-417e-9d6e-ec97c6eaf9c8","local_time":"20190325153900","is_ascension_mode":true,"campfire_choices":[{"floor":8.0,"key":"REST"},{"floor":15.0,"key":"REST"},{"floor":23,"key":"REST"},{"floor":27,"key":"REST"},{"floor":30,"key":"REST"},{"floor":32,"key":"REST"}],"neow_cost":"NONE","seed_source_timestamp":0,"circlet_count":0,"master_deck":["Strike_B","Strike_B","Defend_B","Defend_B","Defend_B","Zap","Dualcast","Cold Snap","Genetic Algorithm","Coolheaded","Conserve Battery","Glacier","Biased Cognition","Loop","Consume","Redo","Self Repair","Go for the Eyes+1","Electrodynamics"],"special_seed":0,"relics":["Fusion Hammer","Tiny Chest","Anchor","Mercury Hourglass","Centennial Puzzle","Lee\u0027s Waffle","Bottled Lightning","Nuclear Battery","Blood Vial","Omamori","Incense Burner","Pocketwatch"],"potions_floor_usage":[22,22,29,31],"damage_taken":[{"damage":7.0,"enemies":"Small Slimes","floor":1.0,"turns":3.0},{"damage":0.0,"enemies":"Cultist","floor":2.0,"turns":4.0},{"damage":0.0,"enemies":"Jaw Worm","floor":3.0,"turns":4.0},{"damage":4.0,"enemies":"Looter","floor":5.0,"turns":4.0},{"damage":19.0,"enemies":"Gremlin Nob","floor":6.0,"turns":4.0},{"damage":19.0,"enemies":"3 Sentries","floor":7.0,"turns":9.0},{"damage":2.0,"enemies":"Lagavulin","floor":11.0,"turns":10.0},{"damage":0.0,"enemies":"Gremlin Gang","floor":12.0,"turns":4.0},{"damage":4.0,"enemies":"Exordium Thugs","floor":13.0,"turns":5.0},{"damage":0.0,"enemies":"Looter","floor":14.0,"turns":4.0},{"damage":46.0,"enemies":"The Guardian","floor":16.0,"turns":18.0},{"damage":0.0,"enemies":"Spheric Guardian","floor":18.0,"turns":6.0},{"damage":0.0,"enemies":"Colosseum Slavers","floor":19.0,"turns":7.0},{"damage":1.0,"enemies":"2 Thieves","floor":21.0,"turns":4.0},{"damage":19,"enemies":"Centurion and Healer","floor":22,"turns":10},{"damage":3,"enemies":"Snake Plant","floor":24,"turns":6},{"damage":27,"enemies":"Book of Stabbing","floor":25,"turns":9},{"damage":16,"enemies":"Sentry and Sphere","floor":29,"turns":10},{"damage":21,"enemies":"Slavers","floor":31,"turns":9},{"damage":106,"enemies":"Automaton","floor":33,"turns":12}],"seed_played":"-1124842345858427244","potions_obtained":[{"floor":2.0,"key":"SkillPotion"},{"floor":3.0,"key":"Poison Potion"},{"floor":7.0,"key":"EntropicBrew"},{"floor":11.0,"key":"FocusPotion"},{"floor":12.0,"key":"EssenceOfSteel"},{"floor":13.0,"key":"Explosive Potion"},{"floor":18.0,"key":"Regen Potion"},{"floor":21.0,"key":"Energy Potion"},{"floor":25,"key":"PowerPotion"},{"floor":29,"key":"FearPotion"}],"is_trial":false,"path_per_floor":["M","M","M","?","M","E","?","R","T","$","E","M","M","M","R","B",null,"M","?","?","M","M","R","M","E","T","R","T","M","R","E","R","B"],"character_chosen":"DEFECT","items_purchased":["Lee\u0027s Waffle"],"campfire_rested":6,"item_purchase_floors":[10],"current_hp_per_floor":[61,61,61,61,57,38,19,41,41,82,80,80,76,76,82,36,71,71,71,71,70,73,82,82,62,62,82,82,80,82,68,82,0],"gold":367,"neow_bonus":"BOSS_RELIC","is_prod":false,"is_daily":false,"chose_seed":false,"campfire_upgraded":0,"win_rate":0,"timestamp":1553528340,"path_taken":["M","M","M","?","?","E","?","R","T","$","E","M","M","M","R","BOSS","M","?","?","M","M","R","M","E","T","R","?","?","R","E","R","BOSS"],"build_version":"2019-01-23","purchased_purges":1,"victory":false,"max_hp_per_floor":[75,75,75,75,75,75,75,75,75,82,82,82,82,82,82,82,82,82,82,82,82,82,82,82,82,82,82,82,82,82,82,82,82],"card_choices":[{"not_picked":["Barrage","Storm"],"picked":"Cold Snap","floor":1.0},{"not_picked":["Cold Snap","Rebound"],"picked":"Genetic Algorithm","floor":2.0},{"not_picked":["Reboot","Redo"],"picked":"Go for the Eyes","floor":3.0},{"not_picked":["Force Field","Rebound"],"picked":"Coolheaded","floor":5.0},{"not_picked":["Redo","Go for the Eyes"],"picked":"Conserve Battery","floor":6.0},{"not_picked":["Recycle","Turbo"],"picked":"Glacier","floor":7.0},{"not_picked":["Stack","Auto Shields"],"picked":"Biased Cognition","floor":11.0},{"not_picked":["Sweeping Beam","Leap"],"picked":"Loop","floor":12.0},{"not_picked":["Streamline","Aggregate","Hologram"],"picked":"SKIP","floor":13.0},{"not_picked":["Steam","Stack"],"picked":"Consume","floor":14.0},{"not_picked":["Skim","Turbo","Conserve Battery"],"picked":"SKIP","floor":18.0},{"not_picked":["Genetic Algorithm","White Noise","Rebound"],"picked":"SKIP","floor":21.0},{"not_picked":["Genetic Algorithm","Barrage","Leap+1"],"picked":"SKIP","floor":22},{"not_picked":["Hologram","Turbo","Rebound"],"picked":"SKIP","floor":24},{"not_picked":["Barrage","Sunder"],"picked":"Go for the Eyes+1","floor":25},{"not_picked":["Redo","Steam Power+1","Sunder"],"picked":"SKIP","floor":29},{"not_picked":["Leap","Genetic Algorithm+1"],"picked":"Electrodynamics","floor":31}],"player_experience":761109,"relics_obtained":[{"floor":6.0,"key":"Anchor"},{"floor":7.0,"key":"Mercury Hourglass"},{"floor":9.0,"key":"Centennial Puzzle"},{"floor":11.0,"key":"Bottled Lightning"},{"floor":25,"key":"Blood Vial"},{"floor":26,"key":"Omamori"},{"floor":28,"key":"Incense Burner"},{"floor":31,"key":"Pocketwatch"}],"event_choices":[{"cards_removed":["Go for the Eyes"],"damage_healed":0.0,"max_hp_gain":0.0,"max_hp_loss":0.0,"gold_gain":0.0,"event_name":"WeMeetAgain","player_choice":"Gave Card","floor":4.0,"gold_loss":0.0,"damage_taken":0.0,"relics_obtained":["Tiny Chest"]},{"damage_healed":0.0,"max_hp_gain":0.0,"max_hp_loss":0.0,"gold_gain":30.0,"event_name":"Dead Adventurer","player_choice":"Searched \u00273\u0027 times","floor":7.0,"gold_loss":0.0,"damage_taken":0.0},{"damage_healed":0.0,"max_hp_gain":0.0,"max_hp_loss":0.0,"gold_gain":0.0,"event_name":"Colosseum","player_choice":"Fight","floor":19.0,"gold_loss":0.0,"damage_taken":0.0},{"damage_healed":0.0,"max_hp_gain":0.0,"max_hp_loss":0.0,"gold_gain":0.0,"event_name":"Colosseum","player_choice":"Fled From Nobs","floor":19.0,"gold_loss":0.0,"damage_taken":0.0},{"damage_healed":0.0,"max_hp_gain":0.0,"max_hp_loss":0.0,"gold_gain":0.0,"cards_transformed":["Strike_B","Defend_B"],"event_name":"Drug Dealer","player_choice":"Became Test Subject","floor":20.0,"gold_loss":0.0,"damage_taken":0.0,"cards_obtained":["Redo","Self Repair"]}],"is_beta":false,"boss_relics":[{"not_picked":["Velvet Choker","Empty Cage"],"picked":"Nuclear Battery"}],"items_purged_floors":[10],"is_endless":false,"potions_floor_spawned":[2,3,7,11,12,13,18,19,21,25,29],"killed_by":"Automaton","ascension_level":7}