{"gold_per_floor":[113,113,113,113,138,138,179,195,195,208,222,237,237,276,276,276],"floor_reached":16,"playtime":587,"items_purged":[],"score":274,"play_id":"5478f30c-c8c8-45ed-b192-ac929db63388","local_time":"20190403175434","is_ascension_mode":true,"campfire_choices":[{"data":"Poisoned Stab","floor":6,"key":"SMITH"},{"data":"Bouncing Flask","floor":13,"key":"SMITH"},{"data":"Envenom","floor":15,"key":"SMITH"}],"neow_cost":"NONE","seed_source_timestamp":950265967466628,"circlet_count":0,"master_deck":["AscendersBane","Defend_G","Defend_G","Defend_G","Defend_G","Defend_G","Strike_G","Strike_G","Strike_G","Strike_G","Survivor","Neutralize","Cloak And Dagger","Poisoned Stab+1","Well Laid Plans","Blade Dance","Deflect","Escape Plan","Cloak And Dagger","Bouncing Flask+1","Blade Dance","Envenom+1"],"relics":["Ring of the Snake","NeowsBlessing","Prayer Wheel","Golden Idol","Boot","Peace Pipe","WingedGreaves"],"potions_floor_usage":[10,14,14],"damage_taken":[{"damage":0,"enemies":"2 Louse","floor":1,"turns":1},{"damage":0,"enemies":"Jaw Worm","floor":5,"turns":1},{"damage":0,"enemies":"3 Sentries","floor":7,"turns":2},{"damage":0,"enemies":"Small Slimes","floor":8,"turns":3},{"damage":0,"enemies":"3 Louse","floor":10,"turns":5},{"damage":0,"enemies":"Blue Slaver","floor":11,"turns":3},{"damage":4,"enemies":"Exordium Wildlife","floor":12,"turns":3},{"damage":27,"enemies":"Gremlin Nob","floor":14,"turns":4},{"damage":31,"enemies":"Slime Boss","floor":16,"turns":6}],"seed_played":"-6126225749058162740","potions_obtained":[{"floor":7,"key":"Dexterity Potion"},{"floor":8,"key":"Fruit Juice"},{"floor":10,"key":"Ancient Potion"}],"is_trial":false,"path_per_floor":["M","?","?","?","M","R","E","M","T","M","M","M","R","E","R","B"],"character_chosen":"THE_SILENT","items_purchased":[],"campfire_rested":0,"item_purchase_floors":[],"current_hp_per_floor":[59,54,54,54,54,54,54,54,54,59,59,55,55,28,28,0],"gold":276,"neow_bonus":"THREE_ENEMY_KILL","is_prod":false,"is_daily":false,"chose_seed":false,"campfire_upgraded":3,"win_rate":0,"timestamp":1554335674,"path_taken":["M","?","?","?","M","R","E","M","T","M","M","M","R","E","R","BOSS"],"build_version":"2019-03-15","purchased_purges":0,"victory":false,"max_hp_per_floor":[66,66,60,60,60,60,60,60,60,65,65,65,65,65,65,65],"card_choices":[{"not_picked":["Slice","Acrobatics"],"picked":"Cloak And Dagger","floor":1},{"not_picked":["Bane","Eviscerate"],"picked":"Poisoned Stab","floor":5},{"not_picked":["Acrobatics","Bane","Distraction"],"picked":"SKIP","floor":5},{"not_picked":["Wraith Form v2","Bane"],"picked":"Well Laid Plans","floor":7},{"not_picked":["Setup","Acrobatics"],"picked":"Blade Dance","floor":8},{"not_picked":["Outmaneuver","Eviscerate"],"picked":"Deflect","floor":8},{"not_picked":["Sucker Punch","Backflip"],"picked":"Escape Plan","floor":10},{"not_picked":["Sucker Punch","Dodge and Roll","Unload"],"picked":"SKIP","floor":10},{"not_picked":["Backflip","Sucker Punch"],"picked":"Cloak And Dagger","floor":11},{"not_picked":["Deflect","Flying Knee","Heel Hook"],"picked":"SKIP","floor":11},{"not_picked":["Acrobatics","Dagger Spray"],"picked":"Bouncing Flask","floor":12},{"not_picked":["PiercingWail","Prepared"],"picked":"Blade Dance","floor":12},{"not_picked":["Slice","PiercingWail"],"picked":"Envenom","floor":14}],"player_experience":2737655,"relics_obtained":[{"floor":7,"key":"Boot"},{"floor":9,"key":"Peace Pipe"},{"floor":14,"key":"WingedGreaves"}],"event_choices":[{"damage_healed":0,"gold_gain":0,"player_choice":"Success","damage_taken":5,"relics_obtained":["Prayer Wheel"],"max_hp_gain":0,"max_hp_loss":0,"event_name":"Scrap Ooze","floor":2,"gold_loss":0},{"damage_healed":0,"gold_gain":0,"player_choice":"Lose Max HP","damage_taken":0,"relics_obtained":["Golden Idol"],"max_hp_gain":0,"max_hp_loss":6,"event_name":"Golden Idol","floor":3,"gold_loss":0},{"cards_removed":["Strike_G"],"damage_healed":0,"gold_gain":0,"player_choice":"Offered Basic","damage_taken":0,"max_hp_gain":0,"max_hp_loss":0,"event_name":"Bonfire Elementals","floor":4,"gold_loss":0}],"is_beta":true,"boss_relics":[],"items_purged_floors":[],"is_endless":false,"potions_floor_spawned":[7,8,10,11],"killed_by":"Slime Boss","ascension_level":20}