{"gold_per_floor":[115,35,55,55,70,70,103,123,123,123,146,186,186,261,261,390,390,411,126,146,146,146,179,193,193],"floor_reached":25,"playtime":676,"items_purged":["Strike_R"],"score":277,"play_id":"ffd5be92-72f1-410a-95fc-6185c238ba88","local_time":"20190412201150","is_ascension_mode":true,"campfire_choices":[{"data":"Flame Barrier","floor":6.0,"key":"SMITH"},{"floor":10.0,"key":"REST"},{"floor":13.0,"key":"REST"},{"floor":15.0,"key":"REST"}],"neow_cost":"NONE","seed_source_timestamp":101567319664500,"circlet_count":0,"master_deck":["Strike_R","Strike_R","Strike_R","Strike_R","Defend_R","Defend_R","Defend_R","Defend_R","Bash","Havoc","Carnage","Flame Barrier+1","Sword Boomerang","Combust","Cleave","Dropkick","Shrug It Off","Limit Break","Thunderclap","Anger","Necronomicurse","Shrug It Off","Rampage+1"],"special_seed":0,"relics":["Burning Blood","Centennial Puzzle","Golden Idol","Matryoshka","Juzu Bracelet","Blue Candle","Vajra","Velvet Choker","Membership Card","Necronomicon","Mummified Hand"],"potions_floor_usage":[24],"damage_taken":[{"damage":7.0,"enemies":"Jaw Worm","floor":1.0,"turns":3.0},{"damage":20.0,"enemies":"Small Slimes","floor":3.0,"turns":3.0},{"damage":5.0,"enemies":"2 Louse","floor":5.0,"turns":3.0},{"damage":58.0,"enemies":"Lagavulin","floor":7.0,"turns":9.0},{"damage":3.0,"enemies":"Looter","floor":8.0,"turns":4.0},{"damage":16.0,"enemies":"Lots of Slimes","floor":11.0,"turns":3.0},{"damage":21.0,"enemies":"Gremlin Nob","floor":12.0,"turns":5.0},{"damage":28.0,"enemies":"Slime Boss","floor":16.0,"turns":9.0},{"damage":24.0,"enemies":"Spheric Guardian","floor":18.0,"turns":5.0},{"damage":26.0,"enemies":"3 Byrds","floor":20.0,"turns":3.0},{"damage":22,"enemies":"Slavers","floor":23,"turns":5},{"damage":5,"enemies":"Centurion and Healer","floor":24,"turns":3},{"damage":14,"enemies":"Gremlin Leader","floor":25,"turns":2}],"seed_played":"4240859610473622968","potions_obtained":[{"floor":1.0,"key":"Strength Potion"},{"floor":3.0,"key":"Regen Potion"},{"floor":24,"key":"Swift Potion"}],"is_trial":false,"path_per_floor":["M","$","M","?","M","R","E","M","T","R","M","E","R","?","R","B",null,"M","$","M","?","?","E","M","E"],"character_chosen":"IRONCLAD","items_purchased":["Carnage","Membership Card","Anger","PowerPotion"],"campfire_rested":3,"item_purchase_floors":[2,19,19,19],"current_hp_per_floor":[79,79,65,45,46,46,9,12,12,36,26,11,35,24,48,26,80,62,62,42,26,23,7,8,0],"gold":193,"neow_bonus":"RANDOM_COMMON_RELIC","is_prod":false,"is_daily":false,"chose_seed":false,"campfire_upgraded":1,"win_rate":0,"timestamp":1555125110,"path_taken":["M","$","M","?","M","R","E","M","T","R","M","E","R","?","R","BOSS","M","$","M","?","?","E","M","E"],"build_version":"2019-04-04","purchased_purges":1,"victory":false,"max_hp_per_floor":[80,80,80,80,80,80,80,80,80,80,80,80,80,80,80,80,80,80,80,80,80,80,80,80,80],"card_choices":[{"not_picked":["Sever Soul","Sentinel"],"picked":"Havoc","floor":1.0},{"not_picked":["Disarm","Sword Boomerang"],"picked":"Flame Barrier","floor":3.0},{"not_picked":["Armaments","Clash"],"picked":"Sword Boomerang","floor":5.0},{"not_picked":["Sword Boomerang","Shockwave"],"picked":"Combust","floor":7.0},{"not_picked":["Flex","Warcry"],"picked":"Cleave","floor":8.0},{"not_picked":["Body Slam","Berserk"],"picked":"Dropkick","floor":11.0},{"not_picked":["Corruption","Inflame"],"picked":"Shrug It Off","floor":12.0},{"not_picked":["Exhume","Feed"],"picked":"Limit Break","floor":16.0},{"not_picked":["Evolve","Sever Soul+1"],"picked":"Thunderclap","floor":18.0},{"not_picked":["Clothesline+1","Twin Strike","Blood for Blood"],"picked":"SKIP","floor":20.0},{"not_picked":["Twin Strike","Anger"],"picked":"Shrug It Off","floor":23},{"not_picked":["Body Slam+1","Wild Strike"],"picked":"Rampage+1","floor":24}],"player_experience":643043,"relics_obtained":[{"floor":7.0,"key":"Matryoshka"},{"floor":9.0,"key":"Juzu Bracelet"},{"floor":9.0,"key":"Blue Candle"},{"floor":12.0,"key":"Vajra"},{"floor":21.0,"key":"Necronomicon"},{"floor":23,"key":"Mummified Hand"}],"event_choices":[{"damage_healed":0.0,"max_hp_gain":0.0,"max_hp_loss":0.0,"gold_gain":0.0,"event_name":"Golden Idol","player_choice":"Take Damage","floor":4.0,"gold_loss":0.0,"damage_taken":20.0,"relics_obtained":["Golden Idol"]},{"damage_healed":0.0,"max_hp_gain":0.0,"max_hp_loss":0.0,"gold_gain":75.0,"event_name":"World of Goop","player_choice":"Gather Gold","floor":14.0,"gold_loss":0.0,"damage_taken":11.0},{"damage_healed":0.0,"max_hp_gain":0.0,"max_hp_loss":0.0,"gold_gain":0.0,"event_name":"Cursed Tome","player_choice":"Obtained Book","floor":21.0,"gold_loss":0.0,"damage_taken":16.0},{"damage_healed":0.0,"max_hp_gain":0.0,"max_hp_loss":0.0,"gold_gain":0.0,"event_name":"Designer","player_choice":"Punched","floor":22.0,"gold_loss":0.0,"damage_taken":3.0}],"is_beta":true,"boss_relics":[{"not_picked":["Black Star","Calling Bell"],"picked":"Velvet Choker"}],"items_purged_floors":[19],"is_endless":false,"potions_floor_spawned":[1,3,24],"killed_by":"Gremlin Leader","ascension_level":4}