{"gold_per_floor":[113,130,130,147,147,147,181,181,181,201,201],"floor_reached":11,"playtime":182,"items_purged":[],"score":131,"play_id":"dc8661d1-755f-44b8-8e88-b4f39f1006f6","local_time":"20190105222607","is_ascension_mode":true,"campfire_choices":[{"data":"Bouncing Flask","floor":6,"key":"SMITH"},{"data":"Poisoned Stab","floor":8,"key":"SMITH"}],"neow_cost":"NONE","seed_source_timestamp":1364786261476943,"circlet_count":0,"master_deck":["AscendersBane","Defend_G","Defend_G","Defend_G","Defend_G","Defend_G","Strike_G","Strike_G","Strike_G","Strike_G","Survivor","Neutralize","All Out Attack","Poisoned Stab+1","Bouncing Flask+1","Backflip","Dagger Spray"],"relics":["Ring of the Snake","NeowsBlessing","Tough Bandages","Bottled Flame"],"potions_floor_usage":[10],"damage_taken":[{"damage":0,"enemies":"Cultist","floor":1,"turns":1},{"damage":0,"enemies":"Jaw Worm","floor":2,"turns":1},{"damage":0,"enemies":"2 Louse","floor":4,"turns":1},{"damage":39,"enemies":"3 Sentries","floor":7,"turns":8},{"damage":3,"enemies":"Looter","floor":10,"turns":3},{"damage":17,"enemies":"Exordium Wildlife","floor":11,"turns":1}],"seed_played":"-1903615151964564431","potions_obtained":[{"floor":2,"key":"Weak Potion"}],"is_trial":false,"path_per_floor":["M","M","?","M","?","R","E","R","T","M","M"],"character_chosen":"THE_SILENT","items_purchased":[],"campfire_rested":0,"item_purchase_floors":[],"current_hp_per_floor":[59,59,59,59,59,59,20,20,20,17,0],"gold":201,"neow_bonus":"THREE_ENEMY_KILL","is_prod":false,"is_daily":false,"chose_seed":false,"campfire_upgraded":2,"win_rate":0,"timestamp":1546755967,"path_taken":["M","M","?","M","?","R","E","R","T","?","M"],"build_version":"2019-01-03v4","purchased_purges":0,"victory":false,"max_hp_per_floor":[66,66,66,66,66,66,66,66,66,66,66],"card_choices":[{"not_picked":["Acrobatics","PiercingWail"],"picked":"All Out Attack","floor":1},{"not_picked":["Dagger Throw","Deflect"],"picked":"Poisoned Stab","floor":2},{"not_picked":["Endless Agony","Dagger Throw"],"picked":"Bouncing Flask","floor":4},{"not_picked":["Riddle With Holes","Deflect"],"picked":"Backflip","floor":7},{"not_picked":["Heel Hook","Cloak And Dagger"],"picked":"Dagger Spray","floor":10}],"player_experience":1057168,"relics_obtained":[{"floor":7,"key":"Tough Bandages"},{"floor":9,"key":"Bottled Flame"}],"event_choices":[{"damage_healed":0,"gold_gain":0,"player_choice":"Ignored","damage_taken":0,"max_hp_gain":0,"max_hp_loss":0,"event_name":"Liars Game","floor":3,"gold_loss":0},{"cards_removed":["Strike_G"],"damage_healed":0,"gold_gain":0,"player_choice":"Purged","damage_taken":0,"max_hp_gain":0,"max_hp_loss":0,"event_name":"Purifier","floor":5,"gold_loss":0}],"is_beta":false,"boss_relics":[],"items_purged_floors":[],"is_endless":false,"potions_floor_spawned":[2],"killed_by":"Exordium Wildlife","ascension_level":16}