{"gold_per_floor":[119,137,147,162,182,217,217,249,288,314,345,387,399,441,453,563,575,600,612,624,636],"floor_reached":21,"playtime":1340,"items_purged":[],"score":312,"play_id":"e51469f7-1c9a-4e5f-bcda-2513fca45e5c","local_time":"20190309014042","is_ascension_mode":true,"campfire_choices":[{"data":"Uppercut","floor":7,"key":"SMITH"},{"floor":15,"key":"REST"}],"neow_cost":"NONE","seed_source_timestamp":387312165833718,"circlet_count":0,"master_deck":["AscendersBane","Strike_R","Strike_R","Strike_R","Defend_R","Defend_R+1","Defend_R","Defend_R+1","Bash","Reaper","Shrug It Off","Iron Wave","Uppercut+1","Twin Strike","Cleave","Clothesline","Limit Break","Shockwave","Heavy Blade","Immolate","Warcry+1"],"relics":["Burning Blood","Happy Flower","MawBank","Omamori","Tiny Chest","Boot","Empty Cage","StoneCalendar"],"potions_floor_usage":[6,8,8,16],"damage_taken":[{"damage":14,"enemies":"Jaw Worm","floor":1,"turns":5},{"damage":10,"enemies":"Cultist","floor":2,"turns":4},{"damage":5,"enemies":"2 Louse","floor":3,"turns":3},{"damage":15,"enemies":"Blue Slaver","floor":4,"turns":5},{"damage":22,"enemies":"Lots of Slimes","floor":5,"turns":7},{"damage":32,"enemies":"Gremlin Nob","floor":6,"turns":5},{"damage":19,"enemies":"3 Sentries","floor":8,"turns":7},{"damage":6,"enemies":"2 Fungi Beasts","floor":10,"turns":4},{"damage":9,"enemies":"Blue Slaver","floor":11,"turns":4},{"damage":17,"enemies":"Lagavulin","floor":14,"turns":8},{"damage":49,"enemies":"Hexaghost","floor":16,"turns":14},{"damage":32,"enemies":"3 Byrds","floor":18,"turns":6},{"damage":37,"enemies":"Colosseum Slavers","floor":19,"turns":6},{"damage":28,"enemies":"Spheric Guardian","floor":21,"turns":5}],"seed_played":"-1774150371189975809","potions_obtained":[{"floor":2,"key":"Regen Potion"},{"floor":4,"key":"SpeedPotion"},{"floor":6,"key":"EssenceOfSteel"},{"floor":11,"key":"Block Potion"}],"is_trial":false,"path_per_floor":["M","M","M","M","M","E","R","E","T","M","M","?","?","E","R","B",null,"M","?","T","M"],"character_chosen":"IRONCLAD","items_purchased":[],"campfire_rested":1,"item_purchase_floors":[],"current_hp_per_floor":[70,72,80,77,68,46,46,60,60,70,67,67,51,40,64,27,67,51,26,26,0],"gold":636,"neow_bonus":"ONE_RANDOM_RARE_CARD","is_prod":false,"is_daily":false,"chose_seed":false,"campfire_upgraded":1,"win_rate":0,"timestamp":1552113642,"path_taken":["M","M","M","M","M","E","R","E","T","M","M","?","?","E","R","BOSS","M","?","?","M"],"build_version":"2019-01-23","purchased_purges":0,"victory":false,"max_hp_per_floor":[80,80,80,80,80,80,80,80,80,80,80,80,80,80,80,80,80,80,80,80,80],"card_choices":[{"not_picked":["Thunderclap","Sword Boomerang"],"picked":"Shrug It Off","floor":1},{"not_picked":["Wild Strike","Reckless Charge"],"picked":"Iron Wave","floor":2},{"not_picked":["Metallicize","Thunderclap"],"picked":"Uppercut","floor":3},{"not_picked":["Sentinel","Body Slam"],"picked":"Twin Strike","floor":4},{"not_picked":["Heavy Blade","Perfected Strike"],"picked":"Cleave","floor":5},{"not_picked":["Rupture","Metallicize"],"picked":"Clothesline","floor":6},{"not_picked":["Fire Breathing","Combust","Hemokinesis"],"picked":"SKIP","floor":8},{"not_picked":["Havoc","Burning Pact"],"picked":"Limit Break","floor":10},{"not_picked":["Flex","Sentinel"],"picked":"Shockwave","floor":11},{"not_picked":["Cleave","Clash"],"picked":"Heavy Blade","floor":14},{"not_picked":["Limit Break","Juggernaut"],"picked":"Immolate","floor":16},{"not_picked":["Power Through","Second Wind"],"picked":"Warcry+1","floor":18}],"player_experience":252972,"relics_obtained":[{"floor":6,"key":"Happy Flower"},{"floor":8,"key":"MawBank"},{"floor":9,"key":"Omamori"},{"floor":14,"key":"Boot"},{"floor":20,"key":"StoneCalendar"}],"event_choices":[{"damage_healed":0,"gold_gain":0,"player_choice":"Box","damage_taken":0,"relics_obtained":["Tiny Chest"],"max_hp_gain":0,"max_hp_loss":0,"event_name":"Big Fish","floor":12,"gold_loss":0,"cards_obtained":["Regret"]},{"damage_healed":0,"gold_gain":0,"player_choice":"Entered Light","damage_taken":16,"max_hp_gain":0,"max_hp_loss":0,"event_name":"Shining Light","floor":13,"gold_loss":0,"cards_upgraded":["Defend_R","Defend_R"]},{"damage_healed":0,"gold_gain":0,"player_choice":"Fight","damage_taken":0,"max_hp_gain":0,"max_hp_loss":0,"event_name":"Colosseum","floor":19,"gold_loss":0},{"damage_healed":0,"gold_gain":0,"player_choice":"Fled From Nobs","damage_taken":0,"max_hp_gain":0,"max_hp_loss":0,"event_name":"Colosseum","floor":19,"gold_loss":0}],"is_beta":false,"boss_relics":[{"not_picked":["Fusion Hammer","Tiny House"],"picked":"Empty Cage"}],"items_purged_floors":[],"is_endless":false,"potions_floor_spawned":[2,4,6,11],"killed_by":"Spheric Guardian","ascension_level":11}