{"gold_per_floor":[413,426,443,462,478,506,506,541,541,541,541,560,560,624,624,624],"floor_reached":16,"playtime":1109,"items_purged":[],"score":319,"play_id":"e2c3d616-f609-457a-b235-8e19c9dc7af8","local_time":"20190412230223","is_ascension_mode":true,"campfire_choices":[{"floor":7,"key":"REST"},{"data":"Defragment","floor":10,"key":"SMITH"},{"floor":13,"key":"REST"},{"data":"Capacitor","floor":15,"key":"SMITH"}],"neow_cost":"PERCENT_DAMAGE","seed_source_timestamp":157008868713086,"circlet_count":0,"master_deck":["AscendersBane","Strike_B","Strike_B","Strike_B","Strike_B","Defend_B","Defend_B","Defend_B","Defend_B","Zap","Dualcast","Cold Snap","Compile Driver","Defragment+1","Glacier","Seek","Coolheaded","Capacitor+1","Self Repair"],"relics":["Cracked Core","Old Coin","Matryoshka","Turnip","Strawberry","Mango","Tiny Chest"],"potions_floor_usage":[6,6,8,14],"damage_taken":[{"damage":1,"enemies":"Cultist","floor":1,"turns":3},{"damage":7,"enemies":"Jaw Worm","floor":2,"turns":3},{"damage":1,"enemies":"2 Louse","floor":3,"turns":3},{"damage":18,"enemies":"Exordium Thugs","floor":4,"turns":4},{"damage":1,"enemies":"Looter","floor":5,"turns":4},{"damage":4,"enemies":"Lagavulin","floor":6,"turns":10},{"damage":9,"enemies":"Gremlin Nob","floor":8,"turns":4},{"damage":4,"enemies":"Blue Slaver","floor":12,"turns":4},{"damage":0,"enemies":"3 Sentries","floor":14,"turns":10},{"damage":44,"enemies":"Hexaghost","floor":16,"turns":16}],"seed_played":"6442115134972078686","potions_obtained":[{"floor":3,"key":"LiquidBronze"},{"floor":5,"key":"Ancient Potion"},{"floor":6,"key":"FocusPotion"},{"floor":8,"key":"Block Potion"},{"floor":14,"key":"Ancient Potion"}],"is_trial":false,"path_per_floor":["M","M","M","M","M","E","R","E","T","R","?","M","R","E","R","B"],"character_chosen":"DEFECT","items_purchased":[],"campfire_rested":2,"item_purchase_floors":[],"current_hp_per_floor":[45,38,37,19,18,14,35,26,33,33,21,17,44,44,44,0],"gold":624,"neow_bonus":"ONE_RARE_RELIC","is_prod":false,"is_daily":false,"chose_seed":false,"campfire_upgraded":2,"win_rate":0,"timestamp":1555131743,"path_taken":["M","?","M","M","M","E","R","E","T","R","?","M","R","E","R","BOSS"],"build_version":"2019-04-04","purchased_purges":0,"victory":false,"max_hp_per_floor":[71,71,71,71,71,71,71,71,78,78,92,92,92,92,92,92],"card_choices":[{"not_picked":["Rebound","Steam Power"],"picked":"Cold Snap","floor":1},{"not_picked":["Storm","Leap"],"picked":"Compile Driver","floor":2},{"not_picked":["Streamline","Hologram"],"picked":"Defragment","floor":3},{"not_picked":["Go for the Eyes","Sweeping Beam"],"picked":"Glacier","floor":4},{"not_picked":["Turbo","Rebound"],"picked":"Seek","floor":5},{"not_picked":["Streamline","Beam Cell","Storm"],"picked":"SKIP","floor":6},{"not_picked":["Steam","Hologram"],"picked":"Coolheaded","floor":8},{"not_picked":["Coolheaded","Beam Cell"],"picked":"Capacitor","floor":12},{"not_picked":["Leap","Recycle"],"picked":"Self Repair","floor":14}],"player_experience":2876489,"relics_obtained":[{"floor":6,"key":"Matryoshka"},{"floor":8,"key":"Turnip"},{"floor":9,"key":"Strawberry"},{"floor":14,"key":"Tiny Chest"}],"event_choices":[{"damage_healed":0,"gold_gain":0,"player_choice":"Success","damage_taken":26,"relics_obtained":["Mango"],"max_hp_gain":0,"max_hp_loss":0,"event_name":"Scrap Ooze","floor":11,"gold_loss":0}],"is_beta":true,"boss_relics":[],"items_purged_floors":[],"is_endless":false,"potions_floor_spawned":[3,5,6,8,14],"killed_by":"Hexaghost","ascension_level":20}