{"gold_per_floor":[116,116,116,3,3,38,38,54,54,122,122,141,155,68,68,166,166,181,181,181,194,52,85,0,18,42,42,42,52,65,15,15,15],"floor_reached":33,"playtime":940,"items_purged":[],"score":263,"play_id":"fb73c34a-624e-4069-9941-ad0f120d8f7f","local_time":"20181012064159","is_ascension_mode":false,"campfire_choices":[{"floor":15,"key":"REST"},{"floor":32,"key":"REST"}],"neow_cost":"NONE","seed_source_timestamp":131883886556695,"circlet_count":0,"master_deck":["Strike_B","Strike_B","Strike_B","Strike_B","Defend_B","Defend_B","Defend_B+1","Defend_B+1","Zap","Dualcast","Ball Lightning","Bandage Up","Beam Cell","Conserve Battery","Rebound","Forethought","Redo","FTL","FTL","Streamline","Echo Form","Leap","Beam Cell","Core Surge","Ball Lightning","Go for the Eyes","Redo","White Noise","Gash"],"relics":["Cracked Core","Du-Vu Doll","Bottled Flame","Dodecahedron","Lizard Tail","Anchor","MutagenicStrength","Kunai","Bag of Preparation","Vajra","Bottled Tornado"],"potions_floor_usage":[6,6,33],"damage_taken":[{"damage":1,"enemies":"Jaw Worm","floor":1,"turns":3},{"damage":18,"enemies":"Lagavulin","floor":6,"turns":5},{"damage":0,"enemies":"Cultist","floor":8,"turns":2},{"damage":14,"enemies":"Small Slimes","floor":12,"turns":3},{"damage":6,"enemies":"Gremlin Gang","floor":13,"turns":4},{"damage":47,"enemies":"Hexaghost","floor":16,"turns":8},{"damage":40,"enemies":"3 Byrds","floor":18,"turns":5},{"damage":3,"enemies":"Chosen","floor":21,"turns":4},{"damage":67,"enemies":"Gremlin Leader","floor":23,"turns":10},{"damage":8,"enemies":"Centurion and Healer","floor":25,"turns":6},{"damage":22,"enemies":"Snake Plant","floor":29,"turns":4},{"damage":14,"enemies":"Sentry and Sphere","floor":30,"turns":4},{"damage":34,"enemies":"Champ","floor":33,"turns":5}],"seed_played":"8583769935883776035","potions_obtained":[{"floor":0,"key":"FocusPotion"},{"floor":0,"key":"Ancient Potion"},{"floor":0,"key":"Fire Potion"},{"floor":5,"key":"FairyPotion"},{"floor":6,"key":"Energy Potion"},{"floor":8,"key":"FearPotion"},{"floor":23,"key":"GamblersBrew"}],"is_trial":false,"path_per_floor":["M","?","?","$","?","E","$","M","T","T","?","M","M","$","R","B",null,"M","?","?","M","$","E","?","M","T","?","T","M","M","$","R"],"character_chosen":"DEFECT","items_purchased":["Bandage Up","Beam Cell","FTL","Streamline","Core Surge","Gash"],"campfire_rested":2,"item_purchase_floors":[4,4,14,14,22,31],"current_hp_per_floor":[74,74,59,59,59,45,45,49,49,49,49,39,37,37,59,16,75,35,35,35,36,36,37,37,37,37,37,37,15,5,5,27,0],"gold":15,"neow_bonus":"THREE_SMALL_POTIONS","is_prod":false,"is_daily":false,"chose_seed":false,"campfire_upgraded":0,"win_rate":0.0,"timestamp":1539351719,"path_taken":["M","?","?","$","?","E","$","M","T","?","?","?","M","?","R","BOSS","M","?","?","?","$","E","?","?","T","?","?","M","M","$","R","BOSS"],"build_version":"2018-10-11","purchased_purges":0,"victory":false,"max_hp_per_floor":[75,75,75,75,75,75,75,75,75,75,75,75,75,75,75,75,75,75,75,75,75,75,75,75,75,75,75,75,75,75,75,75,75],"card_choices":[{"not_picked":["Beam Cell","Coolheaded"],"picked":"Ball Lightning","floor":1},{"not_picked":["Barrage","Go for the Eyes"],"picked":"Conserve Battery","floor":6},{"not_picked":["Scrape","Steam"],"picked":"Rebound","floor":8},{"not_picked":["Doom and Gloom","Coolheaded"],"picked":"Redo","floor":12},{"not_picked":["Reprogram","Rebound"],"picked":"FTL","floor":13},{"not_picked":["Reboot","Creative AI"],"picked":"Echo Form","floor":16},{"not_picked":["Skim","Steam"],"picked":"Leap","floor":18},{"not_picked":["Darkness","Compile Driver"],"picked":"Beam Cell","floor":21},{"not_picked":["Blizzard+1","Compile Driver+1"],"picked":"Ball Lightning","floor":23},{"not_picked":["Storm","Tempest"],"picked":"Go for the Eyes","floor":25},{"not_picked":["Ball Lightning","Force Field"],"picked":"Redo","floor":29},{"not_picked":["Reinforced Body","Melter"],"picked":"White Noise","floor":30}],"player_experience":477150,"relics_obtained":[{"floor":6,"key":"Du-Vu Doll"},{"floor":9,"key":"Bottled Flame"},{"floor":10,"key":"Dodecahedron"},{"floor":19,"key":"Anchor"},{"floor":23,"key":"Kunai"},{"floor":26,"key":"Vajra"},{"floor":28,"key":"Bottled Tornado"}],"event_choices":[{"event_name":"The Woman in Blue","player_choice":"Bought 0 Potions","floor":2,"damage_taken":0},{"event_name":"Shining Light","player_choice":"Entered Light","floor":3,"damage_taken":0},{"event_name":"The Lab","player_choice":"Got Potions","floor":5,"damage_taken":0},{"event_name":"Match and Keep!","player_choice":"1 cards matched","floor":11,"damage_taken":0},{"event_name":"Wheel of Change","player_choice":"Relic","floor":19,"damage_taken":0},{"event_name":"Drug Dealer","player_choice":"Inject Mutagens","floor":20,"damage_taken":0},{"event_name":"Addict","player_choice":"Obtained Relic","floor":24,"damage_taken":0},{"event_name":"Beggar","player_choice":"Ignored","floor":27,"damage_taken":0}],"is_beta":false,"boss_relics":[{"not_picked":["Astrolabe","Tiny House"],"picked":"Lizard Tail"}],"items_purged_floors":[],"is_endless":false,"potions_floor_spawned":[6,8,16,23,25,29],"killed_by":"Champ","ascension_level":0}