{"gold_per_floor":[111,111,111,121,132,162,162,194,243,271,283,295,333,345,357,472,484,507,94,9,9,29,29,61,61,61,89,101,113,113,133,133,231,231,245,255,268,368,386,386,420,420,420,420,433,433,444,478,478,478],"floor_reached":51,"playtime":6582,"items_purged":["Strike_B"],"score":1197,"play_id":"77f95961-4791-4da7-bda0-44d608c32689","local_time":"20190331181237","is_ascension_mode":true,"campfire_choices":[{"data":"Seek","floor":7.0,"key":"SMITH"},{"floor":12.0,"key":"REST"},{"data":"Zap","floor":15.0,"key":"SMITH"},{"data":"Dualcast","floor":23.0,"key":"SMITH"},{"data":"Go for the Eyes","floor":25.0,"key":"SMITH"},{"floor":30.0,"key":"REST"},{"floor":32,"key":"REST"},{"floor":40,"key":"REST"},{"data":"Biased Cognition","floor":42,"key":"SMITH"},{"data":"Barrage","floor":46,"key":"SMITH"},{"data":"Turbo","floor":49,"key":"SMITH"}],"neow_cost":"NONE","seed_source_timestamp":0,"circlet_count":0,"master_deck":["AscendersBane","Defend_B","Defend_B","Defend_B","Zap+1","Dualcast+1","Scrape","Dramatic Entrance","Leap","Seek+1","Rebound","Gash","Glacier","Ball Lightning","Conserve Battery","Sweeping Beam","Cold Snap","Core Surge","Go for the Eyes+1","Go for the Eyes+1","Capacitor","Turbo+1","Auto Shields+1","Gash+1","White Noise+1","Barrage+1","Gash","Biased Cognition+1","FTL","Gash","Gash+1","Hologram+1","BootSequence+1","Darkness+1","Parasite","Chill+1"],"special_seed":0,"relics":["FrozenCore","NeowsBlessing","Mercury Hourglass","Dream Catcher","MawBank","Art of War","Eternal Feather","Shuriken","Bronze Scales","Letter Opener","Toxic Egg 2","Bag of Preparation","Dead Branch","Vajra","Bird Faced Urn","Molten Egg 2"],"potions_floor_usage":[33,33,41,41,47],"damage_taken":[{"damage":0.0,"enemies":"Small Slimes","floor":1.0,"turns":1.0},{"damage":0.0,"enemies":"Cultist","floor":4.0,"turns":1.0},{"damage":0.0,"enemies":"Jaw Worm","floor":5.0,"turns":1.0},{"damage":30.0,"enemies":"Gremlin Nob","floor":6.0,"turns":4.0},{"damage":8.0,"enemies":"Lagavulin","floor":8.0,"turns":8.0},{"damage":3.0,"enemies":"Blue Slaver","floor":10.0,"turns":2.0},{"damage":8.0,"enemies":"Gremlin Nob","floor":13.0,"turns":3.0},{"damage":15.0,"enemies":"Hexaghost","floor":16.0,"turns":11.0},{"damage":1.0,"enemies":"Spheric Guardian","floor":18.0,"turns":3.0},{"damage":10.0,"enemies":"2 Thieves","floor":22.0,"turns":3.0},{"damage":18.0,"enemies":"Book of Stabbing","floor":24.0,"turns":6.0},{"damage":13.0,"enemies":"Gremlin Leader","floor":27.0,"turns":6.0},{"damage":18.0,"enemies":"Sentry and Sphere","floor":28.0,"turns":3.0},{"damage":4.0,"enemies":"Snecko","floor":29.0,"turns":5.0},{"damage":17.0,"enemies":"Snake Plant","floor":31.0,"turns":3.0},{"damage":72,"enemies":"Collector","floor":33,"turns":10},{"damage":23,"enemies":"3 Darklings","floor":35,"turns":3},{"damage":0,"enemies":"Orb Walker","floor":36,"turns":3},{"damage":6,"enemies":"Sphere and 2 Shapes","floor":37,"turns":5},{"damage":0,"enemies":"Mind Bloom Boss Battle","floor":38,"turns":5},{"damage":0,"enemies":"Spire Growth","floor":39,"turns":4},{"damage":0,"enemies":"Reptomancer","floor":41,"turns":6},{"damage":11,"enemies":"Maw","floor":45,"turns":6},{"damage":0,"enemies":"Writhing Mass","floor":47,"turns":6},{"damage":4,"enemies":"Nemesis","floor":48,"turns":7},{"damage":54,"enemies":"Awakened One","floor":50,"turns":14}],"seed_played":"8552528098841749648","potions_obtained":[{"floor":4.0,"key":"SteroidPotion"},{"floor":8.0,"key":"Weak Potion"},{"floor":10.0,"key":"PowerPotion"},{"floor":13.0,"key":"Explosive Potion"},{"floor":24.0,"key":"FearPotion"},{"floor":27.0,"key":"Strength Potion"},{"floor":28.0,"key":"EntropicBrew"},{"floor":31.0,"key":"Poison Potion"},{"floor":36,"key":"GamblersBrew"},{"floor":37,"key":"GamblersBrew"},{"floor":41,"key":"Explosive Potion"},{"floor":45,"key":"Energy Potion"}],"is_trial":false,"path_per_floor":["M","?","?","M","M","E","R","E","T","M","$","R","E","?","R","B",null,"M","$","?","?","M","R","E","R","T","E","M","M","R","M","R","B",null,"M","M","M","?","M","R","E","R","T","?","M","R","M","E","R","B",null],"character_chosen":"DEFECT","items_purchased":["Shuriken","Go for the Eyes","Capacitor"],"campfire_rested":4,"item_purchase_floors":[19,19,19],"current_hp_per_floor":[68,68,68,68,68,38,38,30,30,27,27,49,41,34,34,19,61,60,60,60,60,50,62,44,56,56,43,25,21,58,41,75,3,57,34,34,28,28,28,68,68,75,75,75,68,75,75,75,75,25],"gold":478,"neow_bonus":"THREE_ENEMY_KILL","is_prod":false,"is_daily":false,"chose_seed":false,"campfire_upgraded":7,"win_rate":0,"timestamp":1554052357,"path_taken":["M","?","?","M","?","E","R","E","T","M","$","R","E","?","R","BOSS","M","$","?","?","M","R","E","R","T","E","M","M","R","M","R","BOSS","M","M","?","?","M","R","E","R","T","?","M","R","?","E","R","BOSS"],"build_version":"2019-01-23","purchased_purges":1,"victory":true,"max_hp_per_floor":[75,75,75,75,75,75,75,75,75,75,75,75,75,75,75,75,75,75,75,75,75,75,75,75,75,75,75,75,75,75,75,75,75,75,75,75,75,75,75,75,75,75,75,75,75,75,75,75,75,75],"card_choices":[{"not_picked":["Redo","Double Energy","Turbo"],"picked":"SKIP","floor":1.0},{"not_picked":["Sunder","Undo"],"picked":"Rebound","floor":4.0},{"not_picked":["Reprogram","Leap"],"picked":"Gash","floor":5.0},{"not_picked":["Stack","Coolheaded"],"picked":"Glacier","floor":6.0},{"not_picked":["Melter","Buffer"],"picked":"Ball Lightning","floor":8.0},{"not_picked":["Leap","Redo"],"picked":"Conserve Battery","floor":10.0},{"not_picked":["Hello World","Coolheaded"],"picked":"Sweeping Beam","floor":12.0},{"not_picked":["Recycle","Stack"],"picked":"Cold Snap","floor":13.0},{"not_picked":["Seek","Thunder Strike"],"picked":"Core Surge","floor":16.0},{"not_picked":["Beam Cell","Redo"],"picked":"Go for the Eyes+1","floor":18.0},{"not_picked":["Barrage","Conserve Battery","Go for the Eyes"],"picked":"SKIP","floor":22.0},{"not_picked":["Conserve Battery+1","Ball Lightning"],"picked":"Turbo","floor":24.0},{"not_picked":["Hyperbeam","Beam Cell+1"],"picked":"Auto Shields+1","floor":27.0},{"not_picked":["Coolheaded+1","Consume+1"],"picked":"Gash+1","floor":28.0},{"not_picked":["Ball Lightning","Go for the Eyes","Auto Shields+1"],"picked":"SKIP","floor":29.0},{"not_picked":["Redo+1","FTL"],"picked":"White Noise+1","floor":30.0},{"not_picked":["Stack+1","Steam+1"],"picked":"Barrage","floor":31.0},{"not_picked":["Sweeping Beam","Turbo+1"],"picked":"Gash","floor":32},{"not_picked":["Core Surge","Fission+1"],"picked":"Biased Cognition","floor":33},{"not_picked":["Stack+1","Steam+1"],"picked":"FTL","floor":35},{"not_picked":["Compile Driver","Force Field+1"],"picked":"Gash","floor":36},{"not_picked":["Hello World","Redo+1"],"picked":"Gash+1","floor":37},{"not_picked":["Turbo+1","Sweeping Beam"],"picked":"Hologram+1","floor":38},{"not_picked":["Double Energy+1","Leap+1","Streamline"],"picked":"SKIP","floor":39},{"not_picked":["Leap+1","Rebound+1"],"picked":"BootSequence+1","floor":41},{"not_picked":["Capacitor+1","Turbo+1","Cold Snap+1"],"picked":"SKIP","floor":45},{"not_picked":["Ball Lightning+1","Beam Cell"],"picked":"Chill+1","floor":47},{"not_picked":["Turbo+1","Barrage+1","Blizzard+1"],"picked":"SKIP","floor":48}],"player_experience":835920,"relics_obtained":[{"floor":6.0,"key":"Mercury Hourglass"},{"floor":8.0,"key":"Dream Catcher"},{"floor":9.0,"key":"MawBank"},{"floor":13.0,"key":"Art of War"},{"floor":24.0,"key":"Letter Opener"},{"floor":26.0,"key":"Toxic Egg 2"},{"floor":27.0,"key":"Bag of Preparation"},{"floor":38,"key":"Dead Branch"},{"floor":41,"key":"Vajra"},{"floor":43,"key":"Bird Faced Urn"},{"floor":48,"key":"Molten Egg 2"}],"event_choices":[{"damage_healed":0.0,"max_hp_gain":0.0,"max_hp_loss":0.0,"gold_gain":0.0,"cards_transformed":["Strike_B"],"event_name":"Living Wall","player_choice":"Change","floor":2.0,"gold_loss":0.0,"damage_taken":0.0,"cards_obtained":["Scrape"]},{"damage_healed":0.0,"max_hp_gain":0.0,"max_hp_loss":0.0,"gold_gain":0.0,"event_name":"Match and Keep!","player_choice":"3 cards matched","floor":3.0,"gold_loss":0.0,"damage_taken":0.0,"cards_obtained":["Dramatic Entrance","Leap","Seek"]},{"cards_removed":["Strike_B"],"damage_healed":0.0,"max_hp_gain":0.0,"max_hp_loss":0.0,"gold_gain":0.0,"event_name":"Golden Wing","player_choice":"Card Removal","floor":14.0,"gold_loss":0.0,"damage_taken":7.0},{"damage_healed":0.0,"max_hp_gain":0.0,"max_hp_loss":0.0,"gold_gain":0.0,"event_name":"Addict","player_choice":"Obtained Relic","floor":20.0,"gold_loss":85.0,"damage_taken":0.0,"relics_obtained":["Bronze Scales"]},{"cards_removed":["Strike_B"],"damage_healed":0.0,"max_hp_gain":0.0,"max_hp_loss":0.0,"gold_gain":0.0,"event_name":"Purifier","player_choice":"Purged","floor":21.0,"gold_loss":0.0,"damage_taken":0.0},{"damage_healed":0,"gold_gain":0,"player_choice":"Fight","damage_taken":0,"max_hp_gain":0,"max_hp_loss":0,"event_name":"MindBloom","floor":38,"gold_loss":0},{"damage_healed":0,"gold_gain":0,"cards_transformed":["Defend_B"],"player_choice":"Transformed","damage_taken":0,"max_hp_gain":0,"max_hp_loss":0,"event_name":"Transmorgrifier","floor":44,"gold_loss":0,"cards_obtained":["Darkness"]}],"is_beta":false,"boss_relics":[{"not_picked":["Lizard Tail","White Beast Statue"],"picked":"Eternal Feather"},{"not_picked":["Snecko Eye","Inserter"],"picked":"FrozenCore"}],"items_purged_floors":[19],"is_endless":false,"potions_floor_spawned":[4,8,10,13,24,27,28,31,36,37,41,45],"ascension_level":11}