{"gold_per_floor":[109,69,86,11,11,11,11,39,39,70,17,17,17,27,27,101,101,115,115,130,130,130],"floor_reached":22,"playtime":3656,"items_purged":["Regret"],"score":314,"play_id":"e9e7f5d5-7758-4d6e-ab62-51ab2f0c373f","local_time":"20181029005306","is_ascension_mode":true,"campfire_choices":[{"data":"Cloak And Dagger","floor":6,"key":"SMITH"},{"floor":12,"key":"REST"},{"data":"Accuracy","floor":15,"key":"SMITH"}],"neow_cost":"CURSE","seed_source_timestamp":1577038784137973,"circlet_count":0,"master_deck":["Defend_G","Defend_G","Defend_G","Defend_G","Defend_G","Strike_G","Strike_G","Strike_G","Strike_G","Strike_G","Survivor","Neutralize","AscendersBane","Cloak And Dagger+1","Predator","Blade Dance","Acrobatics","Accuracy+1","Slice","Escape Plan","A Thousand Cuts","Predator","Flying Knee","Decay"],"relics":["Ring of the Snake","Gambling Chip","Incense Burner","Ninja Scroll","Sundial","Calipers","Gremlin Horn","HoveringKite","FossilizedHelix"],"potions_floor_usage":[10,16,22],"damage_taken":[{"damage":2,"enemies":"Small Slimes","floor":1,"turns":4},{"damage":0,"enemies":"2 Louse","floor":3,"turns":2},{"damage":30,"enemies":"Gremlin Nob","floor":8,"turns":4},{"damage":20,"enemies":"3 Sentries","floor":10,"turns":8},{"damage":12,"enemies":"Jaw Worm","floor":14,"turns":2},{"damage":31,"enemies":"Slime Boss","floor":16,"turns":7},{"damage":0,"enemies":"3 Byrds","floor":18,"turns":3},{"damage":18,"enemies":"Shell Parasite","floor":20,"turns":4},{"damage":0,"enemies":"Colosseum Slavers","floor":22,"turns":4},{"damage":40,"enemies":"Colosseum Nobs","floor":22,"turns":3}],"seed_played":"-1569343084053524690","potions_obtained":[{"floor":8,"key":"Swift Potion"},{"floor":10,"key":"EssenceOfSteel"},{"floor":14,"key":"SteroidPotion"},{"floor":20,"key":"AttackPotion"}],"is_trial":false,"path_per_floor":["M","$","M","$","?","R","T","E","T","E","$","R","?","M","R","B",null,"M","?","M","?"],"character_chosen":"THE_SILENT","items_purchased":["Predator","Slice"],"campfire_rested":1,"item_purchase_floors":[2,11],"current_hp_per_floor":[61,61,61,61,58,58,58,28,28,8,8,29,52,40,40,9,55,55,55,37,37,0],"gold":130,"neow_bonus":"ONE_RARE_RELIC","is_prod":false,"is_daily":false,"chose_seed":false,"campfire_upgraded":2,"win_rate":0,"timestamp":1540799586,"path_taken":["M","$","M","$","?","R","?","E","T","E","?","R","?","M","R","BOSS","M","?","?","?","?"],"build_version":"2018-10-25v2","purchased_purges":1,"victory":false,"max_hp_per_floor":[70,70,70,70,70,70,70,70,70,70,70,70,70,70,70,70,70,70,70,70,70,70],"card_choices":[{"not_picked":["Prepared","Acrobatics"],"picked":"Cloak And Dagger","floor":1},{"not_picked":["Outmaneuver","Cloak And Dagger"],"picked":"Blade Dance","floor":3},{"not_picked":["Concentrate","Infinite Blades"],"picked":"Acrobatics","floor":8},{"not_picked":["Slice","Expertise"],"picked":"Accuracy","floor":10},{"not_picked":["Underhanded Strike","Cloak And Dagger"],"picked":"Escape Plan","floor":14},{"not_picked":["Night Terror","Envenom"],"picked":"A Thousand Cuts","floor":16},{"not_picked":["Deflect","Well Laid Plans"],"picked":"Predator","floor":18},{"not_picked":["Slice","Sucker Punch+1"],"picked":"Flying Knee","floor":20}],"player_experience":735290,"relics_obtained":[{"floor":7,"key":"Ninja Scroll"},{"floor":8,"key":"Sundial"},{"floor":9,"key":"Calipers"},{"floor":10,"key":"Gremlin Horn"}],"event_choices":[{"damage_healed":0,"gold_gain":0,"player_choice":"Success","damage_taken":3,"relics_obtained":["Incense Burner"],"max_hp_gain":0,"max_hp_loss":0,"event_name":"Scrap Ooze","floor":5,"gold_loss":0},{"damage_healed":23,"gold_gain":0,"player_choice":"Banana","damage_taken":0,"max_hp_gain":0,"max_hp_loss":0,"event_name":"Big Fish","floor":13,"gold_loss":0},{"damage_healed":0,"gold_gain":0,"player_choice":"Opened","damage_taken":0,"relics_obtained":["FossilizedHelix"],"max_hp_gain":0,"max_hp_loss":0,"event_name":"The Mausoleum","floor":19,"gold_loss":0},{"damage_healed":0,"gold_gain":0,"player_choice":"Smashed Altar","damage_taken":0,"max_hp_gain":0,"max_hp_loss":0,"event_name":"Forgotten Altar","floor":21,"gold_loss":0,"cards_obtained":["Decay"]},{"damage_healed":0,"gold_gain":0,"player_choice":"Fight","damage_taken":0,"max_hp_gain":0,"max_hp_loss":0,"event_name":"Colosseum","floor":22,"gold_loss":0},{"damage_healed":0,"gold_gain":0,"player_choice":"Fought Nobs","damage_taken":0,"max_hp_gain":0,"max_hp_loss":0,"event_name":"Colosseum","floor":22,"gold_loss":0}],"is_beta":false,"boss_relics":[{"not_picked":["Ectoplasm","Coffee Dripper"],"picked":"HoveringKite"}],"items_purged_floors":[4],"is_endless":false,"potions_floor_spawned":[8,10,14,20],"killed_by":"Colosseum Nobs","ascension_level":13}