{"gold_per_floor":[216,2,2,2,2,2,2,37,86,99,120,155,11,30,30,160,160,155,80,180,180,18,18,38,53,134,134,134],"floor_reached":28,"playtime":618,"items_purged":[],"score":246,"play_id":"82e7d1cc-82ac-4e45-9091-29e13c0aff6d","local_time":"20181014045058","is_ascension_mode":true,"campfire_choices":[{"data":"Beam Cell","floor":6,"key":"SMITH"},{"floor":15,"key":"REST"},{"data":"Buffer","floor":23,"key":"SMITH"}],"neow_cost":"NONE","seed_source_timestamp":298345913429626,"circlet_count":0,"master_deck":["Strike_B+1","Strike_B+1","Strike_B","Defend_B+1","Defend_B","Defend_B","Zap","Dualcast","Gash+1","Beam Cell+1","Steam Power","Steam","Defragment","Scrape","White Noise","Loop","Multi-Cast","Beam Cell","Buffer+1","Streamline","Self Repair","Sunder","Sweeping Beam","Static Discharge"],"relics":["Cracked Core","Darkstone Periapt","Golden Idol","Ancient Tea Set","Smiling Mask","PreservedInsect","Whetstone","Black Star","Cables","Art of War"],"potions_floor_usage":[12,14,16,24,24],"damage_taken":[{"damage":2,"enemies":"Jaw Worm","floor":1,"turns":3},{"damage":24,"enemies":"Gremlin Nob","floor":8,"turns":4},{"damage":4,"enemies":"2 Louse","floor":10,"turns":2},{"damage":4,"enemies":"Small Slimes","floor":11,"turns":3},{"damage":10,"enemies":"3 Sentries","floor":12,"turns":7},{"damage":3,"enemies":"Blue Slaver","floor":14,"turns":2},{"damage":22,"enemies":"Hexaghost","floor":16,"turns":8},{"damage":25,"enemies":"2 Thieves","floor":18,"turns":4},{"damage":2,"enemies":"Shell Parasite","floor":24,"turns":4},{"damage":30,"enemies":"Sentry and Sphere","floor":25,"turns":6},{"damage":31,"enemies":"Shelled Parasite and Fungi","floor":28,"turns":2}],"seed_played":"9031591808018182533","potions_obtained":[{"floor":11,"key":"PowerPotion"},{"floor":12,"key":"Energy Potion"},{"floor":14,"key":"GamblersBrew"},{"floor":18,"key":"PowerPotion"},{"floor":24,"key":"LiquidBronze"}],"is_trial":false,"path_per_floor":["M","$","?","?","T","R","?","E","T","M","M","E","$","M","R","B",null,"M","?","?","?","$","R","M","M","T","T"],"character_chosen":"DEFECT","items_purchased":["Beam Cell","Steam Power","Steam","Defragment","Whetstone","Self Repair","Sunder","Block Potion"],"campfire_rested":1,"item_purchase_floors":[2,2,2,2,13,22,22,22],"current_hp_per_floor":[73,73,58,58,58,58,58,34,34,30,26,16,16,13,33,11,69,44,44,44,44,44,44,42,19,19,19,0],"gold":134,"neow_bonus":"HUNDRED_GOLD","is_prod":false,"is_daily":false,"chose_seed":false,"campfire_upgraded":2,"win_rate":0,"timestamp":1539517858,"path_taken":["M","$","?","?","?","R","?","E","T","M","M","E","$","M","R","BOSS","M","?","?","?","?","R","M","?","T","?","M"],"build_version":"2018-10-11","purchased_purges":0,"victory":false,"max_hp_per_floor":[75,75,75,75,75,75,69,69,69,69,69,69,69,69,69,69,69,69,69,69,69,69,69,69,69,69,69,69],"card_choices":[{"not_picked":["Cold Snap","Leap"],"picked":"Gash","floor":1},{"not_picked":["Ball Lightning","Aggregate"],"picked":"Scrape","floor":8},{"not_picked":["Coolheaded","BootSequence"],"picked":"White Noise","floor":10},{"not_picked":["Fusion","Sweeping Beam"],"picked":"Loop","floor":11},{"not_picked":["Hologram","Stack"],"picked":"Multi-Cast","floor":12},{"not_picked":["Coolheaded","Turbo"],"picked":"Beam Cell","floor":14},{"not_picked":["Meteor Strike","Biased Cognition"],"picked":"Buffer","floor":16},{"not_picked":["Cold Snap","Stack"],"picked":"Streamline","floor":18},{"not_picked":["Turbo","Hologram"],"picked":"Sweeping Beam","floor":24},{"not_picked":["Turbo","Leap"],"picked":"Static Discharge","floor":25}],"player_experience":494797,"relics_obtained":[{"floor":5,"key":"Darkstone Periapt"},{"floor":8,"key":"Ancient Tea Set"},{"floor":9,"key":"Smiling Mask"},{"floor":12,"key":"PreservedInsect"},{"floor":26,"key":"Cables"},{"floor":27,"key":"Art of War"}],"event_choices":[{"event_name":"Shining Light","player_choice":"Entered Light","floor":3,"damage_taken":0},{"event_name":"The Cleric","player_choice":"Leave","floor":4,"damage_taken":0},{"event_name":"Golden Idol","player_choice":"Lose Max HP","floor":7,"damage_taken":0},{"event_name":"Beggar","player_choice":"Gave Gold","floor":19,"damage_taken":0},{"event_name":"Golden Shrine","player_choice":"Pray","floor":20,"damage_taken":0},{"event_name":"Wheel of Change","player_choice":"Card Removal","floor":21,"damage_taken":0}],"is_beta":false,"boss_relics":[{"not_picked":["Coffee Dripper","Runic Dome"],"picked":"Black Star"}],"items_purged_floors":[],"is_endless":false,"potions_floor_spawned":[11,12,14,18,24],"killed_by":"Shelled Parasite and Fungi","ascension_level":2}