{"gold_per_floor":[114,134,144,163,163,163,188,188,215,215,243,243,259,282,282,381,381,400,400,432,432,347,375,375,385,411,69,69,88,88,107,107,107],"floor_reached":33,"playtime":2450,"items_purged":[],"score":369,"play_id":"7fec659e-32a9-46bf-a628-68f891b30dd7","local_time":"20190305173555","is_ascension_mode":true,"campfire_choices":[{"data":"Bash","floor":6,"key":"SMITH"},{"floor":10,"key":"REST"},{"floor":15,"key":"REST"},{"floor":24,"key":"REST"},{"floor":32,"key":"REST"}],"neow_cost":"NONE","seed_source_timestamp":97916976943970,"circlet_count":0,"master_deck":["Strike_R","Strike_R","Strike_R","Strike_R","Defend_R","Defend_R+1","Defend_R","Defend_R+1","Bash+1","Fiend Fire","Cleave","Clothesline","Power Through","Twin Strike","Spot Weakness+1","Bludgeon","Heavy Blade","Exhume+1","Spot Weakness+1","Demon Form","Pummel","Flame Barrier+1","Cleave","Shrug It Off+1","Disarm+1","Intimidate+1","The Bomb+1","Flex+1","Clothesline"],"relics":["Burning Blood","Letter Opener","Bottled Flame","Toxic Egg 2","Bronze Scales","Anchor","Odd Mushroom","Orrery","Red Mask","Omamori","Boot","War Paint","Blood Vial","Nilry\u0027s Codex"],"potions_floor_usage":[13,16,20,20,31,31,31,33],"damage_taken":[{"damage":1,"enemies":"Cultist","floor":1,"turns":3},{"damage":10,"enemies":"Small Slimes","floor":2,"turns":3},{"damage":12,"enemies":"Jaw Worm","floor":3,"turns":2},{"damage":6,"enemies":"Blue Slaver","floor":4,"turns":3},{"damage":24,"enemies":"Gremlin Nob","floor":7,"turns":4},{"damage":35,"enemies":"Lagavulin","floor":11,"turns":5},{"damage":0,"enemies":"Large Slime","floor":13,"turns":3},{"damage":15,"enemies":"The Mushroom Lair","floor":14,"turns":4},{"damage":24,"enemies":"Hexaghost","floor":16,"turns":7},{"damage":15,"enemies":"3 Byrds","floor":18,"turns":4},{"damage":29,"enemies":"Masked Bandits","floor":20,"turns":4},{"damage":55,"enemies":"Book of Stabbing","floor":23,"turns":5},{"damage":5,"enemies":"Shell Parasite","floor":25,"turns":4},{"damage":18,"enemies":"Snecko","floor":29,"turns":5},{"damage":12,"enemies":"Snake Plant","floor":31,"turns":3},{"damage":37,"enemies":"Collector","floor":33,"turns":7}],"seed_played":"1130565647345856154","potions_obtained":[{"floor":2,"key":"Block Potion"},{"floor":7,"key":"AttackPotion"},{"floor":11,"key":"PowerPotion"},{"floor":16,"key":"GamblersBrew"},{"floor":18,"key":"Energy Potion"},{"floor":23,"key":"Strength Potion"},{"floor":25,"key":"FearPotion"},{"floor":29,"key":"Fire Potion"},{"floor":31,"key":"GamblersBrew"}],"is_trial":false,"path_per_floor":["M","M","M","M","T","R","E","?","T","R","E","?","M","?","R","B",null,"M","?","?","?","?","E","R","M","T","$","$","M","?","M","R","B"],"character_chosen":"IRONCLAD","items_purchased":["The Bomb+1","Blood Vial"],"campfire_rested":4,"item_purchase_floors":[27,27],"current_hp_per_floor":[77,73,67,67,67,67,49,37,37,61,32,32,38,29,53,35,69,60,60,37,63,63,14,38,39,39,39,39,29,13,9,33,0],"gold":107,"neow_bonus":"ONE_RANDOM_RARE_CARD","is_prod":false,"is_daily":false,"chose_seed":false,"campfire_upgraded":1,"win_rate":0,"timestamp":1551825355,"path_taken":["M","M","M","M","?","R","E","?","T","R","E","?","M","?","R","BOSS","M","?","?","?","?","E","R","M","T","?","$","M","?","M","R","BOSS"],"build_version":"2019-01-23","purchased_purges":0,"victory":false,"max_hp_per_floor":[80,80,80,80,80,80,80,80,80,80,80,80,80,80,80,80,80,80,80,80,80,80,80,80,80,80,80,80,80,80,80,80,80],"card_choices":[{"not_picked":["Headbutt","Twin Strike"],"picked":"Cleave","floor":1},{"not_picked":["Rampage","Twin Strike"],"picked":"Clothesline","floor":2},{"not_picked":["Flex","Seeing Red"],"picked":"Power Through","floor":3},{"not_picked":["Bloodletting","Entrench","Warcry"],"picked":"SKIP","floor":4},{"not_picked":["Feel No Pain","Body Slam"],"picked":"Twin Strike","floor":7},{"not_picked":["Heavy Blade","Iron Wave"],"picked":"Spot Weakness+1","floor":11},{"not_picked":["Iron Wave","Body Slam"],"picked":"Bludgeon","floor":13},{"not_picked":["Power Through+1","Wild Strike"],"picked":"Heavy Blade","floor":14},{"not_picked":["Barricade","Berserk"],"picked":"Exhume+1","floor":16},{"not_picked":["Clash","Pommel Strike"],"picked":"Spot Weakness+1","floor":17},{"not_picked":["Intimidate+1","Cleave"],"picked":"Demon Form","floor":17},{"not_picked":["Fire Breathing","Clothesline"],"picked":"Pummel","floor":17},{"not_picked":["Power Through+1","True Grit+1"],"picked":"Flame Barrier+1","floor":17},{"not_picked":["Thunderclap","Perfected Strike"],"picked":"Cleave","floor":17},{"not_picked":["Clothesline+1","Inflame"],"picked":"Shrug It Off+1","floor":18},{"not_picked":["Double Tap+1","Intimidate+1"],"picked":"Disarm+1","floor":23},{"not_picked":["Corruption","Twin Strike"],"picked":"Intimidate+1","floor":25},{"not_picked":["Twin Strike","Warcry+1"],"picked":"Flex+1","floor":29},{"not_picked":["Sentinel+1","Clash"],"picked":"Clothesline","floor":31}],"player_experience":214087,"relics_obtained":[{"floor":5,"key":"Letter Opener"},{"floor":7,"key":"Bottled Flame"},{"floor":9,"key":"Bronze Scales"},{"floor":11,"key":"Anchor"},{"floor":14,"key":"Odd Mushroom"},{"floor":20,"key":"Red Mask"},{"floor":23,"key":"Boot"},{"floor":26,"key":"War Paint"},{"floor":30,"key":"Nilry\u0027s Codex"}],"event_choices":[{"damage_healed":0,"gold_gain":0,"player_choice":"Success","damage_taken":12,"relics_obtained":["Toxic Egg 2"],"max_hp_gain":0,"max_hp_loss":0,"event_name":"Scrap Ooze","floor":8,"gold_loss":0},{"cards_removed":["Strike_R"],"damage_healed":0,"gold_gain":0,"player_choice":"Forget","damage_taken":0,"max_hp_gain":0,"max_hp_loss":0,"event_name":"Living Wall","floor":12,"gold_loss":0},{"damage_healed":0,"gold_gain":0,"player_choice":"Fought Mushrooms","damage_taken":0,"max_hp_gain":0,"max_hp_loss":0,"event_name":"Mushrooms","floor":14,"gold_loss":0},{"damage_healed":0,"gold_gain":0,"player_choice":"Ignored","damage_taken":0,"max_hp_gain":0,"max_hp_loss":0,"event_name":"Vampires","floor":19,"gold_loss":0},{"damage_healed":0,"gold_gain":0,"player_choice":"Fought Bandits","damage_taken":0,"max_hp_gain":0,"max_hp_loss":0,"event_name":"Masked Bandits","floor":20,"gold_loss":0},{"damage_healed":26,"gold_gain":0,"player_choice":"Heal","damage_taken":0,"max_hp_gain":0,"max_hp_loss":0,"event_name":"The Library","floor":21,"gold_loss":0},{"damage_healed":0,"gold_gain":0,"player_choice":"Obtained Relic","damage_taken":0,"relics_obtained":["Omamori"],"max_hp_gain":0,"max_hp_loss":0,"event_name":"Addict","floor":22,"gold_loss":85},{"damage_healed":0,"gold_gain":0,"player_choice":"Obtained Book","damage_taken":16,"max_hp_gain":0,"max_hp_loss":0,"event_name":"Cursed Tome","floor":30,"gold_loss":0}],"is_beta":false,"boss_relics":[{"not_picked":["Coffee Dripper","Tiny House"],"picked":"Orrery"}],"items_purged_floors":[],"is_endless":false,"potions_floor_spawned":[2,7,11,16,18,23,25,29,31],"killed_by":"Collector","ascension_level":7}