{"gold_per_floor":[119,119,130,149,149,169,169,212,280,280],"floor_reached":10,"playtime":490,"items_purged":[],"score":75,"play_id":"7a31c432-461c-4fa2-ab44-25fa20ca7973","local_time":"20181024151920","is_ascension_mode":true,"campfire_choices":[{"floor":7,"key":"REST"}],"neow_cost":"NONE","seed_source_timestamp":1206654791895527,"circlet_count":0,"master_deck":["Defend_G","Defend_G","Defend_G","Defend_G","Defend_G","Strike_G","Strike_G","Strike_G","Strike_G","Strike_G","Survivor","Neutralize","Flying Knee","Backflip","Outmaneuver","Blur","Well Laid Plans"],"relics":["Ring of the Snake","Lantern","Golden Idol","Nunchaku","Bottled Tornado"],"potions_floor_usage":[],"damage_taken":[{"damage":1,"enemies":"Cultist","floor":1,"turns":3},{"damage":2,"enemies":"Small Slimes","floor":3,"turns":4},{"damage":0,"enemies":"Jaw Worm","floor":4,"turns":5},{"damage":15,"enemies":"Exordium Wildlife","floor":6,"turns":8},{"damage":59,"enemies":"Lagavulin","floor":8,"turns":12},{"damage":3,"enemies":"3 Sentries","floor":10,"turns":2}],"seed_played":"-8429911891355246383","potions_obtained":[{"floor":3,"key":"FearPotion"},{"floor":8,"key":"SneckoOil"}],"is_trial":false,"path_per_floor":["M","?","M","M","?","M","R","E","T"],"character_chosen":"THE_SILENT","items_purchased":[],"campfire_rested":1,"item_purchase_floors":[],"current_hp_per_floor":[69,74,72,72,54,39,61,2,2,0],"gold":280,"neow_bonus":"RANDOM_COMMON_RELIC","is_prod":false,"is_daily":false,"chose_seed":false,"campfire_upgraded":0,"win_rate":0,"timestamp":1540408760,"path_taken":["M","?","?","M","?","M","R","E","T","E"],"build_version":"2018-10-18","purchased_purges":0,"victory":false,"max_hp_per_floor":[70,75,75,75,75,75,75,75,75,75],"card_choices":[{"not_picked":["Quick Slash","Deflect"],"picked":"Flying Knee","floor":1},{"not_picked":["PiercingWail","Reflex"],"picked":"Backflip","floor":3},{"not_picked":["Dagger Throw","Grand Finale"],"picked":"Outmaneuver","floor":4},{"not_picked":["Flying Knee","Backflip"],"picked":"Blur","floor":6},{"not_picked":["Dagger Throw","Outmaneuver"],"picked":"Well Laid Plans","floor":8}],"player_experience":255484,"relics_obtained":[{"floor":8,"key":"Nunchaku"},{"floor":9,"key":"Bottled Tornado"}],"event_choices":[{"damage_healed":0,"gold_gain":0,"player_choice":"Donut","damage_taken":0,"max_hp_gain":5,"max_hp_loss":0,"event_name":"Big Fish","floor":2,"gold_loss":0},{"damage_healed":0,"gold_gain":0,"player_choice":"Take Damage","damage_taken":18,"relics_obtained":["Golden Idol"],"max_hp_gain":0,"max_hp_loss":0,"event_name":"Golden Idol","floor":5,"gold_loss":0}],"is_beta":false,"boss_relics":[],"items_purged_floors":[],"is_endless":false,"potions_floor_spawned":[3,8],"killed_by":"3 Sentries","ascension_level":2}