{"gold_per_floor":[118,134,145,159,217,249,249,284,353,353,381,381,381,402,402,526,526,549,579,574,574,587,587],"floor_reached":23,"playtime":2308,"items_purged":[],"score":338,"play_id":"21686f9a-8176-4159-a4cc-c4862a7bd6df","local_time":"20190401150800","is_ascension_mode":true,"campfire_choices":[{"floor":7,"key":"REST"},{"floor":10,"key":"REST"},{"data":"Zap","floor":13,"key":"SMITH"},{"floor":15,"key":"REST"}],"neow_cost":"NONE","seed_source_timestamp":280236549477131,"circlet_count":0,"master_deck":["AscendersBane","Strike_B","Strike_B","Strike_B","Strike_B","Defend_B","Defend_B","Defend_B","Defend_B","Zap+1","Dualcast","Sweeping Beam","Cold Snap","Streamline","Turbo","BootSequence","Skim","Buffer","Core Surge","Rebound+1","Glacier"],"relics":["Philosopher\u0027s Stone","Bottled Flame","Turnip","Symbiotic Virus","Art of War","Golden Idol","Nuclear Battery","Tiny Chest","Shovel"],"potions_floor_usage":[6,8,23,23],"damage_taken":[{"damage":12,"enemies":"Small Slimes","floor":1,"turns":3},{"damage":5,"enemies":"2 Louse","floor":2,"turns":2},{"damage":6,"enemies":"Jaw Worm","floor":3,"turns":4},{"damage":11,"enemies":"Exordium Thugs","floor":4,"turns":5},{"damage":22,"enemies":"Lagavulin","floor":6,"turns":8},{"damage":2,"enemies":"3 Sentries","floor":8,"turns":4},{"damage":21,"enemies":"Lagavulin","floor":11,"turns":5},{"damage":9,"enemies":"Large Slime","floor":14,"turns":4},{"damage":22,"enemies":"The Guardian","floor":16,"turns":10},{"damage":4,"enemies":"Chosen","floor":18,"turns":4},{"damage":12,"enemies":"2 Thieves","floor":20,"turns":4},{"damage":20,"enemies":"Snake Plant","floor":22,"turns":5},{"damage":22,"enemies":"Slavers","floor":23,"turns":1}],"seed_played":"-2976483842072887761","potions_obtained":[{"floor":1,"key":"Energy Potion"},{"floor":2,"key":"Fire Potion"},{"floor":6,"key":"PowerPotion"},{"floor":20,"key":"Swift Potion"},{"floor":22,"key":"Ancient Potion"}],"is_trial":false,"path_per_floor":["M","M","M","M","?","E","R","E","T","R","E","?","R","M","R","B",null,"M","?","M","T","M","E"],"character_chosen":"DEFECT","items_purchased":[],"campfire_rested":3,"item_purchase_floors":[],"current_hp_per_floor":[56,51,45,34,34,12,34,32,32,54,33,33,33,24,44,22,57,53,53,41,41,21,0],"gold":587,"neow_bonus":"BOSS_RELIC","is_prod":false,"is_daily":false,"chose_seed":false,"campfire_upgraded":1,"win_rate":0,"timestamp":1554127680,"path_taken":["M","M","M","M","?","E","R","E","T","R","E","?","R","M","R","BOSS","M","?","M","?","M","E"],"build_version":"2019-01-23","purchased_purges":0,"victory":false,"max_hp_per_floor":[75,75,75,75,75,75,75,75,75,75,75,69,69,69,69,69,69,69,69,69,69,69,69],"card_choices":[{"not_picked":["Rip and Tear","Reinforced Body"],"picked":"Sweeping Beam","floor":1},{"not_picked":["Rebound","Streamline"],"picked":"Cold Snap","floor":2},{"not_picked":["Conserve Battery","Skim"],"picked":"Streamline","floor":3},{"not_picked":["Sweeping Beam","Blizzard"],"picked":"Turbo","floor":4},{"not_picked":["Loop","Tempest"],"picked":"BootSequence","floor":6},{"not_picked":["Turbo","Reinforced Body"],"picked":"Skim","floor":8},{"not_picked":["Streamline","Steam","White Noise"],"picked":"SKIP","floor":11},{"not_picked":["Ball Lightning","Compile Driver"],"picked":"Buffer","floor":14},{"not_picked":["Meteor Strike","All For One"],"picked":"Core Surge","floor":16},{"not_picked":["Go for the Eyes","Ball Lightning"],"picked":"Rebound+1","floor":18},{"not_picked":["Cold Snap","Redo+1"],"picked":"Glacier","floor":20},{"not_picked":["Streamline","Lockon","Steam Power"],"picked":"SKIP","floor":22}],"player_experience":848350,"relics_obtained":[{"floor":6,"key":"Bottled Flame"},{"floor":8,"key":"Turnip"},{"floor":9,"key":"Symbiotic Virus"},{"floor":11,"key":"Art of War"},{"floor":21,"key":"Shovel"}],"event_choices":[{"damage_healed":0,"gold_gain":58,"player_choice":"Gained Gold","damage_taken":0,"max_hp_gain":0,"max_hp_loss":0,"event_name":"Golden Wing","floor":5,"gold_loss":0},{"damage_healed":0,"gold_gain":0,"player_choice":"Lose Max HP","damage_taken":0,"relics_obtained":["Golden Idol"],"max_hp_gain":0,"max_hp_loss":6,"event_name":"Golden Idol","floor":12,"gold_loss":0},{"damage_healed":0,"gold_gain":0,"player_choice":"Opened","damage_taken":0,"relics_obtained":["Tiny Chest"],"max_hp_gain":0,"max_hp_loss":0,"event_name":"The Mausoleum","floor":19,"gold_loss":0}],"is_beta":false,"boss_relics":[{"not_picked":["Busted Crown","Lizard Tail"],"picked":"Nuclear Battery"}],"items_purged_floors":[],"is_endless":false,"potions_floor_spawned":[1,2,6,20,22],"killed_by":"Slavers","ascension_level":12}