{"gold_per_floor":[111,124,141,141,159,191,191,222,246,246,258,258,61,81,81,81],"floor_reached":16,"playtime":1682,"items_purged":[],"score":123,"play_id":"d602ca7a-a1b8-4b0e-83d9-3b9b3a716170","local_time":"20190402122124","is_ascension_mode":true,"campfire_choices":[{"data":"Bash","floor":7,"key":"SMITH"},{"data":"Feed","floor":12,"key":"SMITH"},{"data":"Clothesline","floor":15,"key":"SMITH"}],"neow_cost":"NONE","seed_source_timestamp":357267989991095,"circlet_count":0,"master_deck":["Strike_R","Strike_R","Strike_R","Strike_R","Defend_R","Defend_R","Defend_R","Defend_R","Bash+1","Heavy Blade","Twin Strike","Pommel Strike","Cleave+1","Headbutt","Feed+1","Clothesline+1","Battle Trance"],"relics":["Burning Blood","Girya","Oddly Smooth Stone","Omamori","NlothsMask","Lantern"],"potions_floor_usage":[6,8,16,16,16],"damage_taken":[{"damage":4,"enemies":"Jaw Worm","floor":1,"turns":4},{"damage":1,"enemies":"Cultist","floor":2,"turns":4},{"damage":8,"enemies":"Small Slimes","floor":3,"turns":3},{"damage":28,"enemies":"Exordium Thugs","floor":5,"turns":4},{"damage":11,"enemies":"Gremlin Nob","floor":6,"turns":4},{"damage":21,"enemies":"3 Sentries","floor":8,"turns":7},{"damage":14,"enemies":"Large Slime","floor":11,"turns":8},{"damage":0,"enemies":"3 Louse","floor":14,"turns":1},{"damage":48,"enemies":"Hexaghost","floor":16,"turns":10}],"seed_played":"-8841681599081853643","potions_obtained":[{"floor":5,"key":"Weak Potion"},{"floor":6,"key":"Energy Potion"},{"floor":11,"key":"FearPotion"},{"floor":14,"key":"PowerPotion"}],"is_trial":false,"path_per_floor":["M","M","M","?","M","E","R","E","T","?","M","R","$","M","R","B"],"character_chosen":"IRONCLAD","items_purchased":["Lantern","SteroidPotion"],"campfire_rested":0,"item_purchase_floors":[13,13],"current_hp_per_floor":[80,80,78,78,56,51,51,39,39,39,34,34,34,44,44,0],"gold":81,"neow_bonus":"TRANSFORM_CARD","is_prod":false,"is_daily":false,"chose_seed":false,"campfire_upgraded":3,"win_rate":0,"timestamp":1554204084,"path_taken":["M","M","M","?","?","E","R","E","T","?","M","R","?","M","R","BOSS"],"build_version":"2019-01-23","purchased_purges":0,"victory":false,"max_hp_per_floor":[80,80,80,80,80,80,80,83,83,83,86,86,86,90,90,90],"card_choices":[{"not_picked":["Thunderclap","Combust"],"picked":"Twin Strike","floor":1},{"not_picked":["Burning Pact","Iron Wave"],"picked":"Pommel Strike","floor":2},{"not_picked":["Clothesline","Iron Wave"],"picked":"Cleave","floor":3},{"not_picked":["Body Slam","Pommel Strike"],"picked":"Headbutt","floor":5},{"not_picked":["Clothesline","Burning Pact"],"picked":"Feed","floor":6},{"not_picked":["Twin Strike","Havoc"],"picked":"Clothesline","floor":8},{"not_picked":["Headbutt","Pommel Strike","Fire Breathing"],"picked":"SKIP","floor":11},{"not_picked":["Heavy Blade","Clash"],"picked":"Battle Trance","floor":14}],"player_experience":876198,"relics_obtained":[{"floor":6,"key":"Girya"},{"floor":8,"key":"Oddly Smooth Stone"},{"floor":9,"key":"Omamori"}],"event_choices":[{"damage_healed":0,"gold_gain":0,"player_choice":"Upgraded","damage_taken":0,"max_hp_gain":0,"max_hp_loss":0,"event_name":"Upgrade Shrine","floor":4,"gold_loss":0,"cards_upgraded":["Cleave"]},{"damage_healed":0,"gold_gain":0,"player_choice":"Trade","damage_taken":0,"relics_obtained":["NlothsMask"],"max_hp_gain":0,"max_hp_loss":0,"event_name":"FaceTrader","floor":10,"gold_loss":0}],"is_beta":false,"boss_relics":[],"items_purged_floors":[],"is_endless":false,"potions_floor_spawned":[5,6,11,14],"killed_by":"Hexaghost","ascension_level":2}