{"gold_per_floor":[111,111,130,9,25,54,54,64,64,74,94,94,94,106,106,209,209,220,220,230,241,255,255,290,200,200,229,245,245,277,296,296,397,397,412,412,412,133,150,150,170,196,196,296,314,344,344,362,362,362],"floor_reached":50,"playtime":8536,"items_purged":["Pain","Defend_G"],"score":666,"play_id":"5afe59dd-4c86-4222-9018-fd0efb89e5e5","local_time":"20190404204554","is_ascension_mode":false,"campfire_choices":[{"data":"Doppelganger","floor":7.0,"key":"SMITH"},{"floor":12.0,"key":"REST"},{"floor":15.0,"key":"REST"},{"floor":23.0,"key":"REST"},{"floor":29,"key":"REST"},{"floor":32,"key":"REST"},{"floor":40,"key":"REST"},{"floor":47,"key":"REST"},{"floor":49,"key":"REST"}],"neow_cost":"NONE","seed_source_timestamp":0,"circlet_count":0,"master_deck":["Defend_G","Defend_G","Strike_G","Strike_G","Strike_G","Strike_G","Strike_G","Survivor","Neutralize","Dramatic Entrance","Slice+1","Deflect","Prepared","Doppelganger+1","Underhanded Strike","Deflect","Slice","Predator","Wraith Form v2+1","Backflip","Iron Wave","Deflect","A Thousand Cuts+1","Reflex+1","Well Laid Plans+1","Eviscerate+1","Backstab","Envenom+1","Wraith Form v2+1","Predator","Secret Weapon","Dramatic Entrance","Magnetism+1","Doubt","Master of Strategy","Escape Plan","Calculated Gamble+1","Underhanded Strike+1","Slice+1"],"special_seed":0,"relics":["Ring of the Snake","WarpedTongs","Bag of Marbles","Omamori","Frozen Egg 2","Fusion Hammer","Sundial","Kunai","Gambling Chip","Shuriken","Calling Bell","Lantern","Gremlin Horn","Du-Vu Doll","Bottled Lightning","Meat on the Bone","Ice Cream","Dodecahedron"],"potions_floor_usage":[30,33,33,50,50,50],"damage_taken":[{"damage":0.0,"enemies":"2 Louse","floor":1.0,"turns":2.0},{"damage":1.0,"enemies":"Cultist","floor":3.0,"turns":3.0},{"damage":0.0,"enemies":"Small Slimes","floor":5.0,"turns":2.0},{"damage":18.0,"enemies":"3 Sentries","floor":6.0,"turns":9.0},{"damage":15.0,"enemies":"Exordium Thugs","floor":8.0,"turns":4.0},{"damage":16.0,"enemies":"Large Slime","floor":10.0,"turns":7.0},{"damage":0.0,"enemies":"Blue Slaver","floor":11.0,"turns":2.0},{"damage":5.0,"enemies":"Exordium Thugs","floor":14.0,"turns":3.0},{"damage":15.0,"enemies":"Hexaghost","floor":16.0,"turns":8.0},{"damage":2.0,"enemies":"2 Thieves","floor":18.0,"turns":3.0},{"damage":0.0,"enemies":"Shell Parasite","floor":20.0,"turns":4.0},{"damage":7.0,"enemies":"Snake Plant","floor":21.0,"turns":5.0},{"damage":0.0,"enemies":"Cultist and Chosen","floor":22.0,"turns":4.0},{"damage":0.0,"enemies":"Gremlin Leader","floor":24.0,"turns":4.0},{"damage":3.0,"enemies":"Slavers","floor":27.0,"turns":5.0},{"damage":0.0,"enemies":"3 Cultists","floor":28.0,"turns":3.0},{"damage":11,"enemies":"Book of Stabbing","floor":30,"turns":3},{"damage":11,"enemies":"Snake Plant","floor":31,"turns":3},{"damage":2,"enemies":"Automaton","floor":33,"turns":7},{"damage":5,"enemies":"3 Darklings","floor":35,"turns":5},{"damage":0,"enemies":"Orb Walker","floor":39,"turns":2},{"damage":10,"enemies":"Writhing Mass","floor":41,"turns":5},{"damage":0,"enemies":"Reptomancer","floor":42,"turns":2},{"damage":0,"enemies":"Mind Bloom Boss Battle","floor":44,"turns":1},{"damage":0,"enemies":"Maw","floor":45,"turns":6},{"damage":0,"enemies":"Giant Head","floor":46,"turns":4},{"damage":0,"enemies":"Spire Growth","floor":48,"turns":3},{"damage":70,"enemies":"Time Eater","floor":50,"turns":6}],"seed_played":"-4113380671340284423","potions_obtained":[{"floor":3.0,"key":"Poison Potion"},{"floor":11.0,"key":"LiquidBronze"},{"floor":16.0,"key":"SmokeBomb"},{"floor":20.0,"key":"AttackPotion"},{"floor":21.0,"key":"EssenceOfSteel"},{"floor":27.0,"key":"PowerPotion"},{"floor":30,"key":"Strength Potion"},{"floor":31,"key":"EssenceOfSteel"},{"floor":39,"key":"Poison Potion"},{"floor":41,"key":"SpeedPotion"},{"floor":46,"key":"FearPotion"}],"is_trial":false,"path_per_floor":["M","?","M","$","M","E","R","M","T","M","M","R","T","M","R","B",null,"M","?","M","M","M","R","E","?","T","E","M","R","E","M","R","B",null,"M","?","?","$","M","R","M","E","T","?","M","E","R","M","R","B"],"character_chosen":"THE_SILENT","items_purchased":["Prepared","Master of Strategy"],"campfire_rested":8,"item_purchase_floors":[4,38],"current_hp_per_floor":[70,70,69,69,69,51,51,36,36,20,20,41,41,36,57,42,70,68,68,68,61,61,70,70,70,70,67,67,70,59,48,69,67,70,65,55,55,55,55,70,60,60,60,60,60,60,70,70,70,0],"gold":362,"neow_bonus":"RANDOM_COLORLESS","is_prod":false,"is_daily":false,"chose_seed":false,"campfire_upgraded":1,"win_rate":0,"timestamp":1554407154,"path_taken":["M","?","M","$","M","E","R","M","T","M","?","R","?","?","R","BOSS","M","?","M","M","?","R","E","?","T","E","M","R","E","M","R","BOSS","M","?","?","$","?","R","M","E","T","?","M","E","R","M","R","BOSS"],"build_version":"2019-01-23","purchased_purges":2,"victory":false,"max_hp_per_floor":[70,70,70,70,70,70,70,70,70,70,70,70,70,70,70,70,70,70,70,70,70,70,70,70,70,70,70,70,70,70,70,70,70,70,70,70,70,70,70,70,70,70,70,70,70,70,70,70,70,70],"card_choices":[{"not_picked":["Bouncing Flask","Dash"],"picked":"Slice","floor":1.0},{"not_picked":["Poisoned Stab","Sucker Punch"],"picked":"Deflect","floor":3.0},{"not_picked":["Bane","Poisoned Stab","Footwork"],"picked":"SKIP","floor":5.0},{"not_picked":["Deflect","Blade Dance"],"picked":"Doppelganger","floor":6.0},{"not_picked":["Masterful Stab","Flying Knee"],"picked":"Underhanded Strike","floor":8.0},{"not_picked":["Endless Agony","Dodge and Roll"],"picked":"Deflect","floor":10.0},{"not_picked":["Flying Knee","Blade Dance"],"picked":"Slice","floor":11.0},{"not_picked":["Die Die Die","Deadly Poison"],"picked":"Predator","floor":14.0},{"not_picked":["Night Terror","Corpse Explosion"],"picked":"Wraith Form v2+1","floor":16.0},{"not_picked":["Dagger Spray","Poisoned Stab"],"picked":"Backflip","floor":18.0},{"not_picked":["Bane","Poisoned Stab"],"picked":"Deflect","floor":20.0},{"not_picked":["Poisoned Stab","Infinite Blades+1"],"picked":"A Thousand Cuts+1","floor":21.0},{"not_picked":["Blur+1","Eviscerate"],"picked":"Reflex+1","floor":22.0},{"not_picked":["Deadly Poison","Slice"],"picked":"Well Laid Plans+1","floor":24.0},{"not_picked":["Dagger Throw+1","Distraction"],"picked":"Eviscerate+1","floor":27.0},{"not_picked":["Sucker Punch","Caltrops+1","PiercingWail"],"picked":"SKIP","floor":28.0},{"not_picked":["Footwork+1","Leg Sweep"],"picked":"Backstab","floor":30},{"not_picked":["Quick Slash+1","Dagger Throw"],"picked":"Envenom+1","floor":31},{"not_picked":["Bullet Time","Corpse Explosion"],"picked":"Wraith Form v2+1","floor":33},{"not_picked":["Dagger Spray","Acrobatics"],"picked":"Predator","floor":35},{"not_picked":["Forethought","Finesse"],"picked":"Secret Weapon","floor":36},{"not_picked":["Discovery","Panacea"],"picked":"Dramatic Entrance","floor":36},{"not_picked":["Sadistic Nature+1","Deep Breath"],"picked":"Magnetism+1","floor":36},{"not_picked":["All Out Attack+1","Expertise+1"],"picked":"Escape Plan","floor":39},{"not_picked":["Underhanded Strike","Slice"],"picked":"Calculated Gamble+1","floor":41},{"not_picked":["Outmaneuver+1","Flying Knee+1","Choke"],"picked":"SKIP","floor":42},{"not_picked":["Sucker Punch","Predator","Dodge and Roll"],"picked":"SKIP","floor":45},{"not_picked":["Glass Knife","Acrobatics+1"],"picked":"Underhanded Strike+1","floor":46},{"not_picked":["Backflip","All Out Attack"],"picked":"Slice+1","floor":48}],"player_experience":34836,"relics_obtained":[{"floor":6.0,"key":"Bag of Marbles"},{"floor":9.0,"key":"Omamori"},{"floor":13.0,"key":"Frozen Egg 2"},{"floor":24.0,"key":"Sundial"},{"floor":26.0,"key":"Kunai"},{"floor":27.0,"key":"Gambling Chip"},{"floor":30,"key":"Shuriken"},{"floor":34,"key":"Lantern"},{"floor":34,"key":"Gremlin Horn"},{"floor":34,"key":"Du-Vu Doll"},{"floor":42,"key":"Bottled Lightning"},{"floor":43,"key":"Meat on the Bone"},{"floor":44,"key":"Ice Cream"},{"floor":46,"key":"Dodecahedron"}],"event_choices":[{"damage_healed":0.0,"max_hp_gain":0.0,"max_hp_loss":0.0,"gold_gain":0.0,"event_name":"Accursed Blacksmith","player_choice":"Rummage","floor":2.0,"gold_loss":0.0,"damage_taken":0.0,"relics_obtained":["WarpedTongs"],"cards_obtained":["Pain"]},{"cards_removed":["Defend_G"],"damage_healed":0.0,"max_hp_gain":0.0,"max_hp_loss":0.0,"gold_gain":0.0,"event_name":"NoteForYourself","player_choice":"Took Card","floor":19.0,"gold_loss":0.0,"damage_taken":0.0,"cards_obtained":["Iron Wave"]},{"cards_removed":["Defend_G"],"damage_healed":0.0,"max_hp_gain":0.0,"max_hp_loss":0.0,"gold_gain":0.0,"event_name":"Designer","player_choice":"Upgrade and Remove","floor":25.0,"gold_loss":90.0,"damage_taken":0.0,"cards_upgraded":["Slice"]},{"damage_healed":0,"gold_gain":0,"player_choice":"Memory 3","damage_taken":10,"max_hp_gain":0,"max_hp_loss":0,"event_name":"SensoryStone","floor":36,"gold_loss":0},{"damage_healed":0,"gold_gain":0,"cards_transformed":["Normality"],"player_choice":"Transformed","damage_taken":0,"max_hp_gain":0,"max_hp_loss":0,"event_name":"Transmorgrifier","floor":37,"gold_loss":0,"cards_obtained":["Doubt"]},{"damage_healed":0,"gold_gain":0,"player_choice":"Fight","damage_taken":0,"max_hp_gain":0,"max_hp_loss":0,"event_name":"MindBloom","floor":44,"gold_loss":0}],"is_beta":false,"boss_relics":[{"not_picked":["Ectoplasm","Runic Dome"],"picked":"Fusion Hammer"},{"not_picked":["Lizard Tail","Snecko Eye"],"picked":"Calling Bell"}],"items_purged_floors":[4,38],"is_endless":false,"potions_floor_spawned":[3,11,16,20,21,27,30,31,39,41,46],"killed_by":"Time Eater","ascension_level":0}