{"gold_per_floor":[117,167,184,196,216,216,241,260,260,260,44,44,60,76,76,148,148,165,165,12,31,31],"floor_reached":22,"playtime":2305,"items_purged":["Strike_R"],"score":357,"play_id":"7b023a4d-1b08-41d1-8896-4145ce23b831","local_time":"20190416193214","is_ascension_mode":true,"campfire_choices":[{"floor":6,"key":"REST"},{"data":"Metallicize","floor":10,"key":"SMITH"},{"data":"Apotheosis","floor":12,"key":"SMITH"},{"data":"Burning Pact","floor":15,"key":"SMITH"}],"neow_cost":"NONE","seed_source_timestamp":774886979072459,"circlet_count":0,"master_deck":["AscendersBane","Strike_R","Strike_R","Strike_R","Strike_R","Defend_R","Defend_R","Defend_R","Defend_R","Bash+1","Cleave","Rampage","Carnage","Impervious","Rampage","Metallicize+1","Apotheosis+1","Burning Pact+1","Demon Form","Feel No Pain","True Grit","Heavy Blade"],"relics":["Burning Blood","Potion Belt","Mango","Cursed Key"],"potions_floor_usage":[7,16,16,18],"damage_taken":[{"damage":19,"enemies":"Cultist","floor":1,"turns":6},{"damage":7,"enemies":"Jaw Worm","floor":3,"turns":3},{"damage":5,"enemies":"Small Slimes","floor":4,"turns":3},{"damage":25,"enemies":"Exordium Wildlife","floor":5,"turns":4},{"damage":15,"enemies":"Lagavulin","floor":7,"turns":6},{"damage":6,"enemies":"2 Fungi Beasts","floor":8,"turns":4},{"damage":6,"enemies":"Large Slime","floor":13,"turns":5},{"damage":3,"enemies":"Blue Slaver","floor":14,"turns":4},{"damage":36,"enemies":"Hexaghost","floor":16,"turns":11},{"damage":49,"enemies":"2 Thieves","floor":18,"turns":4},{"damage":34,"enemies":"3 Byrds","floor":21,"turns":7},{"damage":14,"enemies":"3 Cultists","floor":22,"turns":2}],"seed_played":"-6795681659685666230","potions_obtained":[{"floor":4,"key":"Strength Potion"},{"floor":5,"key":"Weak Potion"},{"floor":14,"key":"FearPotion"},{"floor":16,"key":"Regen Potion"},{"floor":18,"key":"Ancient Potion"},{"floor":21,"key":"FearPotion"}],"is_trial":false,"path_per_floor":["M","?","M","M","M","R","E","M","T","R","$","R","M","M","R","B",null,"M","?","$","M","M"],"character_chosen":"IRONCLAD","items_purchased":["Apotheosis","True Grit","Heavy Blade"],"campfire_rested":1,"item_purchase_floors":[11,20,20],"current_hp_per_floor":[55,48,47,48,29,51,42,42,56,56,56,56,56,59,59,29,74,43,38,38,10,0],"gold":31,"neow_bonus":"UPGRADE_CARD","is_prod":false,"is_daily":false,"chose_seed":false,"campfire_upgraded":3,"win_rate":0,"timestamp":1555457534,"path_taken":["M","?","M","?","M","R","E","M","T","R","$","R","M","M","R","BOSS","M","?","$","M","M"],"build_version":"2019-01-23","purchased_purges":1,"victory":false,"max_hp_per_floor":[75,75,75,75,75,75,75,75,89,89,89,89,89,89,89,89,89,89,89,89,89,89],"card_choices":[{"not_picked":["Power Through","Dual Wield"],"picked":"Cleave","floor":1},{"not_picked":["Feel No Pain","Seeing Red"],"picked":"Rampage","floor":3},{"not_picked":["Perfected Strike","Twin Strike"],"picked":"Carnage","floor":4},{"not_picked":["Pommel Strike","Perfected Strike"],"picked":"Impervious","floor":5},{"not_picked":["Cleave","Fire Breathing"],"picked":"Rampage","floor":7},{"not_picked":["Iron Wave","Uppercut"],"picked":"Metallicize","floor":8},{"not_picked":["Sword Boomerang","Havoc"],"picked":"Burning Pact","floor":13},{"not_picked":["Havoc","Power Through","Thunderclap"],"picked":"SKIP","floor":14},{"not_picked":["Immolate","Juggernaut"],"picked":"Demon Form","floor":16},{"not_picked":["Intimidate","Searing Blow+1"],"picked":"Feel No Pain","floor":18},{"not_picked":["Anger","Sword Boomerang","Perfected Strike"],"picked":"SKIP","floor":21}],"player_experience":372182,"relics_obtained":[{"floor":7,"key":"Potion Belt"},{"floor":9,"key":"Mango"}],"event_choices":[{"damage_healed":0,"gold_gain":50,"player_choice":"Touch","damage_taken":7,"max_hp_gain":0,"max_hp_loss":0,"event_name":"FaceTrader","floor":2,"gold_loss":0},{"damage_healed":0,"gold_gain":0,"player_choice":"Bought 0 Potions","damage_taken":0,"max_hp_gain":0,"max_hp_loss":0,"event_name":"The Woman in Blue","floor":19,"gold_loss":0}],"is_beta":false,"boss_relics":[{"not_picked":["Runic Pyramid","Philosopher\u0027s Stone"],"picked":"Cursed Key"}],"items_purged_floors":[20],"is_endless":false,"potions_floor_spawned":[4,5,14,16,18,21],"killed_by":"3 Cultists","ascension_level":18}