{"gold_per_floor":[217,237,237,254,270,270,3,3,3,13,13,13,13,29,29,131,131,142,142,142,157,157],"floor_reached":22,"playtime":1309,"items_purged":["Decay"],"score":202,"play_id":"99dd4ed2-1f18-40fe-bbb6-32f9544ae71a","local_time":"20190414095547","is_ascension_mode":true,"campfire_choices":[{"data":"Footwork","floor":6,"key":"SMITH"},{"floor":8,"key":"REST"},{"data":"Concentrate","floor":11,"key":"SMITH"},{"floor":15,"key":"REST"}],"neow_cost":"NONE","seed_source_timestamp":662234807919161,"circlet_count":0,"master_deck":["Defend_G","Defend_G","Defend_G","Defend_G","Defend_G","Strike_G","Strike_G","Strike_G","Strike_G","Strike_G","Survivor","Neutralize","Acrobatics","Deadly Poison","Footwork+1","Concentrate+1","Glass Knife","Underhanded Strike","Prepared"],"relics":["Ring of the Serpent","Sling","Mercury Hourglass"],"potions_floor_usage":[21,22,22,22,22],"damage_taken":[{"damage":0,"enemies":"Jaw Worm","floor":1,"turns":8},{"damage":9,"enemies":"Cultist","floor":2,"turns":6},{"damage":6,"enemies":"Small Slimes","floor":4,"turns":3},{"damage":32,"enemies":"3 Louse","floor":5,"turns":8},{"damage":0,"enemies":"2 Fungi Beasts","floor":10,"turns":4},{"damage":14,"enemies":"Exordium Wildlife","floor":14,"turns":6},{"damage":18,"enemies":"The Guardian","floor":16,"turns":16},{"damage":25,"enemies":"Chosen","floor":18,"turns":7},{"damage":32,"enemies":"3 Byrds","floor":21,"turns":7},{"damage":51,"enemies":"3 Cultists","floor":22,"turns":5}],"seed_played":"-2621635513918376166","potions_obtained":[{"floor":14,"key":"Poison Potion"},{"floor":16,"key":"Ancient Potion"},{"floor":20,"key":"Dexterity Potion"},{"floor":20,"key":"GhostInAJar"},{"floor":20,"key":"EntropicBrew"},{"floor":21,"key":"EssenceOfSteel"}],"is_trial":false,"path_per_floor":["M","M","?","M","M","R","$","R","T","M","R","?","?","M","R","B",null,"M","?","?","M","M"],"character_chosen":"THE_SILENT","items_purchased":["Sling"],"campfire_rested":2,"item_purchase_floors":[7],"current_hp_per_floor":[70,61,61,55,23,23,23,44,44,44,44,44,44,30,51,33,70,45,68,68,36,0],"gold":157,"neow_bonus":"HUNDRED_GOLD","is_prod":false,"is_daily":false,"chose_seed":false,"campfire_upgraded":2,"win_rate":0,"timestamp":1555250147,"path_taken":["M","M","?","M","M","R","?","R","T","?","R","?","?","M","R","BOSS","M","?","?","M","M"],"build_version":"2019-01-23","purchased_purges":1,"victory":false,"max_hp_per_floor":[70,70,70,70,70,70,70,70,70,70,70,70,70,70,70,70,70,70,70,70,70,70],"card_choices":[{"not_picked":["Slice","Sucker Punch"],"picked":"Acrobatics","floor":1},{"not_picked":["Bane","Quick Slash"],"picked":"Deadly Poison","floor":2},{"not_picked":["Sucker Punch","Dagger Throw"],"picked":"Footwork","floor":4},{"not_picked":["Bane","Night Terror"],"picked":"Concentrate","floor":5},{"not_picked":["Bane","Sucker Punch","Deflect"],"picked":"SKIP","floor":10},{"not_picked":["Poisoned Stab","Prepared","Cloak And Dagger"],"picked":"SKIP","floor":14},{"not_picked":["Unload","Venomology"],"picked":"Glass Knife","floor":16},{"not_picked":["All Out Attack","Poisoned Stab+1"],"picked":"Underhanded Strike","floor":18},{"not_picked":["Dodge and Roll","PiercingWail+1"],"picked":"Prepared","floor":21}],"player_experience":294788,"relics_obtained":[{"floor":9,"key":"Mercury Hourglass"}],"event_choices":[{"damage_healed":0,"gold_gain":0,"player_choice":"Cursed","damage_taken":0,"max_hp_gain":0,"max_hp_loss":0,"event_name":"Wheel of Change","floor":3,"gold_loss":0,"cards_obtained":["Decay"]},{"damage_healed":0,"gold_gain":0,"player_choice":"Leave","damage_taken":0,"max_hp_gain":0,"max_hp_loss":0,"event_name":"The Cleric","floor":12,"gold_loss":0},{"damage_healed":0,"gold_gain":0,"player_choice":"Ignored","damage_taken":0,"max_hp_gain":0,"max_hp_loss":0,"event_name":"Shining Light","floor":13,"gold_loss":0},{"damage_healed":23,"gold_gain":0,"player_choice":"Heal","damage_taken":0,"max_hp_gain":0,"max_hp_loss":0,"event_name":"The Library","floor":19,"gold_loss":0},{"damage_healed":0,"gold_gain":0,"player_choice":"Got Potions","damage_taken":0,"max_hp_gain":0,"max_hp_loss":0,"event_name":"Lab","floor":20,"gold_loss":0}],"is_beta":false,"boss_relics":[{"not_picked":["Empty Cage","Lizard Tail"],"picked":"Ring of the Serpent"}],"items_purged_floors":[7],"is_endless":false,"potions_floor_spawned":[14,16,21],"killed_by":"3 Cultists","ascension_level":3}