{"gold_per_floor":[115,127,127,30,30,30,30,55,129,182,206,206,219,233,233,353,353,376,301,301,326,326,326,357,357,357,395,27,27,27],"floor_reached":30,"playtime":662,"items_purged":[],"score":330,"play_id":"76188bc8-f122-4654-bd7f-5a8eae08b493","local_time":"20181016102022","is_ascension_mode":true,"campfire_choices":[{"data":"Defragment","floor":6,"key":"SMITH"},{"data":"White Noise","floor":12,"key":"SMITH"},{"data":"Redo","floor":15,"key":"SMITH"},{"floor":23,"key":"REST"},{"floor":25,"key":"REST"},{"floor":29,"key":"REST"}],"neow_cost":"NONE","seed_source_timestamp":490863476313927,"circlet_count":0,"master_deck":["Zap","Dualcast+1","Melter","Glacier","Leap","Defragment+1","White Noise+1","Redo+1","Rebound","Echo Form","Sunder","Lockon","Steam","Compile Driver","Rebound","Gash","Steam Power","Rebound+1","Ball Lightning","J.A.X.","Double Energy+1","Sunder+1","Compile Driver+1","White Noise","Defragment"],"relics":["Cracked Core","Whetstone","Golden Idol","Dream Catcher","Sundial","Tiny Chest","Smiling Mask","Pandora\u0027s Box","Strawberry","Potion Belt","Ice Cream","Centennial Puzzle","DataDisk","Pen Nib"],"potions_floor_usage":[16],"damage_taken":[{"damage":2,"enemies":"Jaw Worm","floor":1,"turns":3},{"damage":0,"enemies":"Cultist","floor":2,"turns":2},{"damage":0,"enemies":"Small Slimes","floor":8,"turns":2},{"damage":0,"enemies":"Red Slaver","floor":13,"turns":3},{"damage":1,"enemies":"Looter","floor":14,"turns":3},{"damage":36,"enemies":"The Guardian","floor":16,"turns":13},{"damage":22,"enemies":"2 Thieves","floor":18,"turns":4},{"damage":11,"enemies":"Shell Parasite","floor":21,"turns":5},{"damage":30,"enemies":"Gremlin Leader","floor":24,"turns":4},{"damage":40,"enemies":"Slavers","floor":27,"turns":4},{"damage":37,"enemies":"Centurion and Healer","floor":30,"turns":4}],"seed_played":"-2342316217362383473","potions_obtained":[{"floor":2,"key":"Weak Potion"},{"floor":8,"key":"Swift Potion"},{"floor":16,"key":"FocusPotion"}],"is_trial":false,"path_per_floor":["M","M","?","$","?","R","?","M","T","T","T","R","M","M","R","B",null,"M","?","T","M","?","R","E","R","T","E","$","R"],"character_chosen":"DEFECT","items_purchased":["Leap","Defragment","DataDisk","Pen Nib","Defragment"],"campfire_rested":3,"item_purchase_floors":[4,4,28,28,28],"current_hp_per_floor":[66,66,66,66,66,66,66,66,66,66,66,66,66,65,65,29,59,37,37,44,33,33,55,25,47,47,7,7,29,0],"gold":27,"neow_bonus":"RANDOM_COMMON_RELIC","is_prod":false,"is_daily":false,"chose_seed":false,"campfire_upgraded":3,"win_rate":0,"timestamp":1539710422,"path_taken":["M","M","?","$","?","R","?","M","T","?","?","R","?","?","R","BOSS","M","?","?","?","?","R","E","R","T","E","$","R","M"],"build_version":"2018-10-11","purchased_purges":0,"victory":false,"max_hp_per_floor":[75,75,75,75,69,69,69,69,69,69,69,69,69,69,69,69,69,69,69,76,76,76,76,76,76,76,76,76,76,76],"card_choices":[{"not_picked":["Steam","Skim"],"picked":"Melter","floor":1},{"not_picked":["Blizzard","Steam"],"picked":"Glacier","floor":2},{"not_picked":["Stack","Go for the Eyes"],"picked":"White Noise","floor":8},{"not_picked":["Conserve Battery","Cold Snap"],"picked":"Redo","floor":13},{"not_picked":["Cold Snap","Barrage"],"picked":"Rebound","floor":14},{"not_picked":["Rainbow","Meteor Strike"],"picked":"Echo Form","floor":16},{"not_picked":["Compile Driver","Cold Snap"],"picked":"Rebound+1","floor":18},{"not_picked":["Loop+1","Go for the Eyes+1"],"picked":"Ball Lightning","floor":21},{"not_picked":["Cold Snap","Compile Driver"],"picked":"Double Energy+1","floor":23},{"not_picked":["Go for the Eyes","Multi-Cast"],"picked":"Sunder+1","floor":24},{"not_picked":["Cold Snap","Steam"],"picked":"Compile Driver+1","floor":25},{"not_picked":["Steam+1","Reprogram+1"],"picked":"White Noise","floor":27}],"player_experience":525505,"relics_obtained":[{"floor":9,"key":"Sundial"},{"floor":10,"key":"Tiny Chest"},{"floor":11,"key":"Smiling Mask"},{"floor":20,"key":"Strawberry"},{"floor":24,"key":"Potion Belt"},{"floor":26,"key":"Ice Cream"},{"floor":27,"key":"Centennial Puzzle"}],"event_choices":[{"event_name":"Upgrade Shrine","player_choice":"Upgraded","floor":3,"damage_taken":0},{"event_name":"Golden Idol","player_choice":"Lose Max HP","floor":5,"damage_taken":0},{"event_name":"WeMeetAgain","player_choice":"Potion","floor":7,"damage_taken":0},{"event_name":"Beggar","player_choice":"Gave Gold","floor":19,"damage_taken":0},{"event_name":"Drug Dealer","player_choice":"Got JAX","floor":22,"damage_taken":0}],"is_beta":false,"boss_relics":[{"not_picked":["Velvet Choker","FrozenCore"],"picked":"Pandora\u0027s Box"}],"items_purged_floors":[],"is_endless":false,"potions_floor_spawned":[2,8,16],"killed_by":"Centurion and Healer","ascension_level":6}