{"path_per_floor":["M","?","?","M","?","E","R","E","T","E","R","M","M","M","R","B",null,"M","?","T","M","M","R","$","M","T","?"],"character_chosen":"THE_SILENT","items_purchased":["Tough Bandages","Deflect","Cloak And Dagger","Dagger Throw"],"gold_per_floor":[119,119,119,134,134,160,160,223,223,251,251,269,281,296,296,400,400,410,410,410,423,441,441,53,68,93,93],"floor_reached":28,"campfire_rested":2,"playtime":1190,"current_hp_per_floor":[60,60,60,60,60,50,50,38,38,2,23,23,32,29,50,21,58,39,39,39,39,20,20,20,18,18,18],"items_purged":[],"gold":93,"score":309,"play_id":"68492282-9959-4ab7-a2da-c551747e2800","is_prod":false,"is_daily":false,"is_ascension_mode":true,"campfire_upgraded":2,"path_taken":["M","?","?","M","?","E","R","E","T","E","R","M","M","M","R","BOSS","M","?","?","?","M","R","$","M","T","?","E"],"build_version":"2018-02-22-PROD2","purchased_purges":0,"victory":false,"master_deck":["Defend_G+1","Defend_G+1","Defend_G+1","Defend_G+1","Defend_G+1","Strike_G+1","Strike_G+1","Strike_G+1","Strike_G+1","Survivor","Neutralize+1","Acrobatics","Dash","Neutralize+1","Slice","Storm of Steel+1","Deflect","Blade Dance","Backflip","Blur","Infinite Blades","Venomology+1","Slice+1","Cloak And Dagger","Distraction+1","Deflect","Cloak And Dagger","Dagger Throw","Dash+1"],"max_hp_per_floor":[70,70,70,70,70,70,70,70,70,70,70,70,70,70,70,70,70,70,70,70,70,70,70,70,70,70,70],"relics":["Ring of the Snake","War Paint","Tiny Chest","Dead Branch","Toolbox","Black Star","Orichalcum","Tough Bandages","Omamori"],"card_choices":[{"not_picked":["Quick Slash","Endless Agony"],"picked":"Dash"},{"not_picked":["Predator","Backflip"],"picked":"Slice"},{"not_picked":["Flechettes","Outmaneuver"],"picked":"Storm of Steel"},{"not_picked":["Dodge and Roll","Eviscerate"],"picked":"Deflect"},{"not_picked":["Quick Slash","Dagger Throw"],"picked":"Blade Dance"},{"not_picked":["Calculated Gamble","Slice"],"picked":"Backflip"},{"not_picked":["PiercingWail","Skewer"],"picked":"Blur"},{"not_picked":["Leg Sweep","Bane"],"picked":"Infinite Blades"},{"not_picked":["Bullet Time","Burst"],"picked":"Venomology"},{"not_picked":["Deadly Poison","Flechettes"],"picked":"Slice"},{"not_picked":["Leg Sweep","Quick Slash"],"picked":"Cloak And Dagger"},{"not_picked":["Prepared","Flying Knee"],"picked":"Distraction"},{"not_picked":["Blur","Crippling Poison"],"picked":"Dash"}],"player_experience":204967,"potions_floor_usage":[10,13,13,16,16,16,18,18,21,22,25,28,28],"damage_taken":[{"damage":3,"enemies":"Cultist","floor":1,"turns":4},{"damage":0,"enemies":"2 Louse","floor":4,"turns":3},{"damage":10,"enemies":"3 Sentries","floor":6,"turns":10},{"damage":12,"enemies":"Gremlin Nob","floor":8,"turns":5},{"damage":36,"enemies":"Lagavulin","floor":10,"turns":9},{"damage":0,"enemies":"Small Slimes","floor":12,"turns":2},{"damage":3,"enemies":"Gremlin Gang","floor":13,"turns":5},{"damage":3,"enemies":"Exordium Wildlife","floor":14,"turns":3},{"damage":29,"enemies":"Slime Boss","floor":16,"turns":8},{"damage":19,"enemies":"Chosen","floor":18,"turns":4},{"damage":0,"enemies":"3 Byrds","floor":21,"turns":4},{"damage":19,"enemies":"Sentry and Sphere","floor":22,"turns":8},{"damage":6,"enemies":"3 Cultists","floor":25,"turns":7},{"damage":18,"enemies":"Gremlin Leader","floor":28,"turns":6}],"event_choices":[{"event_name":"Match and Keep!","player_choice":"1 cards matched","floor":2,"damage_taken":0},{"event_name":"Upgrade Shrine","player_choice":"Upgraded","floor":3,"damage_taken":0},{"event_name":"Living Wall","player_choice":"Grow","floor":5,"damage_taken":0},{"event_name":"Back to Basics","player_choice":"Simplicity","floor":19,"damage_taken":0},{"event_name":"Drug Dealer","player_choice":"Ignored","floor":27,"damage_taken":0}],"boss_relics":[{"not_picked":["The Specimen","Runic Pyramid"],"picked":"Black Star"}],"potions_floor_spawned":[6,8,10,12,13,21,25],"seed_played":"346759676791778790","killed_by":"Gremlin Leader","ascension_level":6,"is_trial":false}