{"gold_per_floor":[113,123,123,142,157,186,186,186,209,209,226,245,279,348,348,452,452,463,5,16,28,28],"floor_reached":22,"playtime":678,"items_purged":[],"score":218,"play_id":"962a00e3-072a-47ef-a72f-297d4d78bb11","local_time":"20181014033844","is_ascension_mode":true,"campfire_choices":[{"floor":7,"key":"REST"},{"data":"Rainbow","floor":10,"key":"SMITH"},{"floor":15,"key":"REST"}],"neow_cost":"NONE","seed_source_timestamp":293950583407338,"circlet_count":0,"master_deck":["Strike_B","Strike_B","Strike_B+1","Strike_B","Defend_B+1","Defend_B","Defend_B","Defend_B","Zap+1","Dualcast","Glacier","Rebound","Rainbow+1","Melter","All For One","Coolheaded","Redo","Genetic Algorithm","Reboot","Go for the Eyes","Fusion","Rip and Tear","Trip","Sunder","Beam Cell+1"],"relics":["Cracked Core","Ancient Tea Set","Boot","Art of War","Strawberry","Black Star","Runic Capacitor"],"potions_floor_usage":[5,13,13,20,21,22],"damage_taken":[{"damage":0,"enemies":"Small Slimes","floor":1,"turns":3},{"damage":7,"enemies":"Jaw Worm","floor":2,"turns":3},{"damage":0,"enemies":"2 Louse","floor":4,"turns":3},{"damage":16,"enemies":"Gremlin Gang","floor":5,"turns":6},{"damage":21,"enemies":"Lagavulin","floor":6,"turns":8},{"damage":0,"enemies":"Blue Slaver","floor":11,"turns":3},{"damage":4,"enemies":"2 Fungi Beasts","floor":12,"turns":3},{"damage":2,"enemies":"Gremlin Nob","floor":13,"turns":3},{"damage":45,"enemies":"The Guardian","floor":16,"turns":11},{"damage":23,"enemies":"Spheric Guardian","floor":18,"turns":4},{"damage":1,"enemies":"3 Byrds","floor":20,"turns":4},{"damage":42,"enemies":"Snake Plant","floor":21,"turns":5},{"damage":14,"enemies":"Centurion and Healer","floor":22,"turns":3}],"seed_played":"-4668646714122109937","potions_obtained":[{"floor":1,"key":"Strength Potion"},{"floor":4,"key":"SpeedPotion"},{"floor":12,"key":"EssenceOfSteel"},{"floor":16,"key":"Energy Potion"},{"floor":18,"key":"SpeedPotion"},{"floor":20,"key":"FearPotion"}],"is_trial":false,"path_per_floor":["M","M","?","M","M","E","R","?","T","R","M","M","E","?","R","B",null,"M","$","M","M"],"character_chosen":"DEFECT","items_purchased":["Fusion","Rip and Tear","Trip","Runic Capacitor","Fire Potion"],"campfire_rested":2,"item_purchase_floors":[19,19,19,19,19],"current_hp_per_floor":[75,68,53,53,37,16,38,38,38,38,38,34,39,39,63,18,82,59,59,58,16,2],"gold":28,"neow_bonus":"RANDOM_COMMON_RELIC","is_prod":false,"is_daily":false,"chose_seed":false,"campfire_upgraded":1,"win_rate":0,"timestamp":1539513524,"path_taken":["M","M","?","?","M","E","R","?","T","R","?","M","E","?","R","BOSS","M","$","M","M","M"],"build_version":"2018-10-11","purchased_purges":0,"victory":false,"max_hp_per_floor":[75,75,75,75,75,75,75,75,75,75,75,75,82,82,82,82,82,82,82,82,82,82],"card_choices":[{"not_picked":["BootSequence","Hologram"],"picked":"Glacier","floor":1},{"not_picked":["Hologram","Barrage"],"picked":"Rebound","floor":2},{"not_picked":["Melter","Cold Snap"],"picked":"Rainbow","floor":4},{"not_picked":["Scrape","Steam"],"picked":"Melter","floor":5},{"not_picked":["Conserve Battery","Rebound"],"picked":"All For One","floor":6},{"not_picked":["Glacier","Turbo"],"picked":"Coolheaded","floor":11},{"not_picked":["Scrape","Core Surge"],"picked":"Redo","floor":12},{"not_picked":["Barrage","Fusion"],"picked":"Genetic Algorithm","floor":13},{"not_picked":["All For One","Hyperbeam"],"picked":"Reboot","floor":16},{"not_picked":["Barrage","Genetic Algorithm"],"picked":"Go for the Eyes","floor":18},{"not_picked":["Undo","Reprogram"],"picked":"Sunder","floor":20},{"not_picked":["Gash","Stack+1"],"picked":"Beam Cell+1","floor":21}],"player_experience":491104,"relics_obtained":[{"floor":6,"key":"Boot"},{"floor":9,"key":"Art of War"},{"floor":13,"key":"Strawberry"}],"event_choices":[{"event_name":"Shining Light","player_choice":"Entered Light","floor":3,"damage_taken":0},{"event_name":"Living Wall","player_choice":"Grow","floor":8,"damage_taken":0},{"event_name":"Golden Wing","player_choice":"Gained Gold","floor":14,"damage_taken":0}],"is_beta":false,"boss_relics":[{"not_picked":["Cursed Key","Tiny House"],"picked":"Black Star"}],"items_purged_floors":[],"is_endless":false,"potions_floor_spawned":[1,4,12,16,18,20],"killed_by":"Centurion and Healer","ascension_level":2}