{"gold_per_floor":[114,114,64,79,94,94,124,124,124,124,124,139,169,244,244,344,344,359,434,449,464,199,199,229,229,229,144,144,144,419,419,419,419],"floor_reached":33,"playtime":1487,"items_purged":[],"score":369,"play_id":"5c8d2c5b-98c9-44d9-b811-16f79a2d1fa5","local_time":"20190305133953","daily_mods":["Chimera","Hoarder","Terminal"],"is_ascension_mode":false,"campfire_choices":[{"data":"Bash","floor":6,"key":"SMITH"},{"floor":8,"key":"REST"},{"data":"Anger","floor":11,"key":"SMITH"},{"data":"Anger","floor":15,"key":"SMITH"},{"data":"Chrysalis","floor":23,"key":"SMITH"},{"floor":25,"key":"REST"},{"floor":32,"key":"REST"}],"neow_cost":"","seed_source_timestamp":0,"circlet_count":0,"master_deck":["Bash+1","Survivor","Zap","Strike_R","Strike_G","Defend_R","Defend_G","Defend_B","Pummel","Pummel+1","Pummel+1","Ghostly Armor","Ghostly Armor","Ghostly Armor","Anger+1","Anger","Anger+1","Second Wind","Second Wind","Second Wind","Pummel","Pummel","Pummel","Shrug It Off","Shrug It Off","Shrug It Off","Fiend Fire","Fiend Fire","Fiend Fire","Metallicize","Metallicize","Metallicize","Seeing Red","Seeing Red","Seeing Red","Chrysalis","Chrysalis","Chrysalis+1","Feel No Pain+1","Feel No Pain+1","Feel No Pain+1","Ghostly","Ghostly","Ghostly","Ghostly","Ghostly","Ghostly","Ghostly","Ghostly","Ghostly","Ghostly","Ghostly","Ghostly","Ghostly","Ghostly","Ghostly"],"special_seed":17960,"relics":["Burning Blood","Omamori","Whetstone","Magic Flower","Orichalcum","Mark of Pain","Juzu Bracelet","Question Card","Bronze Scales","MutagenicStrength"],"potions_floor_usage":[7,13,13,24,24],"damage_taken":[{"damage":0,"enemies":"Small Slimes","floor":1,"turns":4},{"damage":4,"enemies":"2 Louse","floor":4,"turns":3},{"damage":0,"enemies":"Cultist","floor":5,"turns":3},{"damage":21,"enemies":"Gremlin Nob","floor":7,"turns":5},{"damage":9,"enemies":"Large Slime","floor":12,"turns":6},{"damage":13,"enemies":"Lagavulin","floor":13,"turns":6},{"damage":17,"enemies":"Slime Boss","floor":16,"turns":13},{"damage":0,"enemies":"3 Byrds","floor":18,"turns":8},{"damage":11,"enemies":"2 Thieves","floor":20,"turns":4},{"damage":12,"enemies":"Chosen and Byrds","floor":21,"turns":8},{"damage":69,"enemies":"Book of Stabbing","floor":24,"turns":11},{"damage":22,"enemies":"Automaton","floor":33,"turns":22}],"seed_played":"-7796585460280550823","potions_obtained":[{"floor":1,"key":"Block Potion"},{"floor":7,"key":"LiquidBronze"},{"floor":12,"key":"Strength Potion"},{"floor":16,"key":"Regen Potion"},{"floor":21,"key":"SpeedPotion"}],"is_trial":false,"path_per_floor":["M","?","?","M","M","R","E","R","T","?","R","M","E","?","R","B",null,"M","?","M","M","$","R","E","R","T","?","$","?","?","?","R","B"],"character_chosen":"IRONCLAD","items_purchased":["Seeing Red","Chrysalis"],"campfire_rested":3,"item_purchase_floors":[22,22],"current_hp_per_floor":[78,77,76,75,74,73,58,71,70,63,63,63,59,48,48,40,62,61,55,53,50,50,50,14,30,30,30,30,24,23,22,21,0],"gold":419,"neow_bonus":"","is_prod":false,"is_daily":true,"chose_seed":false,"campfire_upgraded":4,"win_rate":0,"timestamp":1551821993,"path_taken":["M","?","?","M","M","R","E","R","T","?","R","M","E","?","R","BOSS","M","?","M","M","$","R","E","R","T","?","$","?","?","?","R","BOSS"],"build_version":"2019-01-23","purchased_purges":0,"victory":false,"max_hp_per_floor":[78,77,76,75,74,73,72,71,70,69,68,67,66,65,64,63,62,61,60,59,58,57,56,55,54,53,52,51,24,23,22,21,21],"card_choices":[{"not_picked":["Heavy Blade","Clothesline"],"picked":"Pummel","floor":1},{"not_picked":["Rupture","Twin Strike"],"picked":"Ghostly Armor","floor":4},{"not_picked":["Armaments","Pommel Strike"],"picked":"Anger","floor":5},{"not_picked":["Headbutt","Entrench"],"picked":"Second Wind","floor":7},{"not_picked":["True Grit","Ghostly Armor"],"picked":"Pummel","floor":12},{"not_picked":["Blood for Blood","True Grit"],"picked":"Shrug It Off","floor":13},{"not_picked":["Impervious","Exhume"],"picked":"Fiend Fire","floor":16},{"not_picked":["Clothesline","Blood for Blood","Sword Boomerang"],"picked":"SKIP","floor":18},{"not_picked":["Spot Weakness+1","Clothesline"],"picked":"Metallicize","floor":20},{"not_picked":["Iron Wave","Flex","Heavy Blade"],"picked":"SKIP","floor":21},{"not_picked":["Corruption","Fire Breathing"],"picked":"Feel No Pain+1","floor":24}],"player_experience":107724,"relics_obtained":[{"floor":7,"key":"Omamori"},{"floor":9,"key":"Whetstone"},{"floor":13,"key":"Orichalcum"},{"floor":24,"key":"Juzu Bracelet"},{"floor":26,"key":"Question Card"}],"event_choices":[{"damage_healed":0,"gold_gain":0,"player_choice":"Ignored","damage_taken":0,"max_hp_gain":0,"max_hp_loss":0,"event_name":"Liars Game","floor":2,"gold_loss":0},{"cards_removed":["Strike_B"],"damage_healed":0,"gold_gain":0,"player_choice":"Card Removal","damage_taken":0,"max_hp_gain":0,"max_hp_loss":0,"event_name":"The Cleric","floor":3,"gold_loss":50},{"damage_healed":0,"gold_gain":0,"player_choice":"Success","damage_taken":7,"relics_obtained":["Magic Flower"],"max_hp_gain":0,"max_hp_loss":0,"event_name":"Scrap Ooze","floor":10,"gold_loss":0},{"damage_healed":0,"gold_gain":75,"player_choice":"Gather Gold","damage_taken":11,"max_hp_gain":0,"max_hp_loss":0,"event_name":"World of Goop","floor":14,"gold_loss":0},{"damage_healed":0,"gold_gain":75,"player_choice":"Touch","damage_taken":6,"max_hp_gain":0,"max_hp_loss":0,"event_name":"FaceTrader","floor":19,"gold_loss":0},{"damage_healed":0,"gold_gain":0,"player_choice":"Obtained Relic","damage_taken":0,"relics_obtained":["Bronze Scales"],"max_hp_gain":0,"max_hp_loss":0,"event_name":"Addict","floor":27,"gold_loss":85},{"damage_healed":0,"gold_gain":0,"player_choice":"Became a Ghost","damage_taken":0,"max_hp_gain":0,"max_hp_loss":26,"event_name":"Ghosts","floor":29,"gold_loss":0,"cards_obtained":["Ghostly","Ghostly","Ghostly","Ghostly","Ghostly"]},{"damage_healed":0,"gold_gain":275,"player_choice":"Desecrate","damage_taken":0,"max_hp_gain":0,"max_hp_loss":0,"event_name":"Golden Shrine","floor":30,"gold_loss":0,"cards_obtained":["Regret"]},{"damage_healed":0,"gold_gain":0,"player_choice":"Inject Mutagens","damage_taken":0,"relics_obtained":["MutagenicStrength"],"max_hp_gain":0,"max_hp_loss":0,"event_name":"Drug Dealer","floor":31,"gold_loss":0}],"is_beta":false,"boss_relics":[{"not_picked":["Coffee Dripper","Empty Cage"],"picked":"Mark of Pain"}],"items_purged_floors":[],"is_endless":false,"potions_floor_spawned":[1,7,12,16,21],"killed_by":"Automaton","ascension_level":0}