{"gold_per_floor":[112,112,37,62,12,46,46,84,107,131,169,194,194,237,237,363,363,376,397,410,435,458,458],"floor_reached":23,"playtime":1907,"items_purged":["Strike_B"],"score":335,"play_id":"40475c54-b67f-492f-a57a-6d5cb89e502c","local_time":"20190325140129","is_ascension_mode":true,"campfire_choices":[{"data":"Defragment","floor":7,"key":"SMITH"},{"floor":15,"key":"REST"}],"neow_cost":"NONE","seed_source_timestamp":362996737156213,"circlet_count":0,"master_deck":["Strike_B","Strike_B","Defend_B","Defend_B","Defend_B","Zap","Dualcast","Genetic Algorithm","Defragment+1","Melter","Coolheaded","Streamline","Electrodynamics","Sweeping Beam","Creative AI","Self Repair+1","Conserve Battery","Heatsinks"],"relics":["Cracked Core","NeowsBlessing","Golden Idol","Bag of Marbles","Singing Bowl","Lantern","Art of War","Matryoshka","Cursed Key"],"potions_floor_usage":[8,8,12,14,23],"damage_taken":[{"damage":0,"enemies":"Small Slimes","floor":1,"turns":1},{"damage":0,"enemies":"2 Louse","floor":4,"turns":1},{"damage":0,"enemies":"Gremlin Nob","floor":6,"turns":1},{"damage":20,"enemies":"3 Sentries","floor":8,"turns":8},{"damage":0,"enemies":"Jaw Worm","floor":10,"turns":3},{"damage":16,"enemies":"Lagavulin","floor":11,"turns":7},{"damage":0,"enemies":"Lots of Slimes","floor":12,"turns":2},{"damage":12,"enemies":"Gremlin Nob","floor":14,"turns":4},{"damage":5,"enemies":"Slime Boss","floor":16,"turns":5},{"damage":12,"enemies":"Shell Parasite","floor":18,"turns":5},{"damage":32,"enemies":"2 Thieves","floor":19,"turns":4},{"damage":0,"enemies":"Chosen and Byrds","floor":20,"turns":3},{"damage":0,"enemies":"Sentry and Sphere","floor":21,"turns":3},{"damage":14,"enemies":"Centurion and Healer","floor":22,"turns":4},{"damage":50,"enemies":"Book of Stabbing","floor":23,"turns":4}],"seed_played":"5519895963585831545","potions_obtained":[{"floor":1,"key":"SkillPotion"},{"floor":4,"key":"Regen Potion"},{"floor":8,"key":"GamblersBrew"},{"floor":10,"key":"Explosive Potion"},{"floor":16,"key":"SteroidPotion"},{"floor":19,"key":"FocusPotion"},{"floor":20,"key":"Ancient Potion"},{"floor":22,"key":"EssenceOfSteel"}],"is_trial":false,"path_per_floor":["M","?","$","M","?","E","R","E","T","M","E","M","?","E","R","B",null,"M","M","M","M","M","E"],"character_chosen":"DEFECT","items_purchased":[],"campfire_rested":1,"item_purchase_floors":[],"current_hp_per_floor":[68,50,50,50,50,50,50,45,45,47,31,31,31,21,44,39,69,59,27,37,47,45,0],"gold":458,"neow_bonus":"THREE_ENEMY_KILL","is_prod":false,"is_daily":false,"chose_seed":false,"campfire_upgraded":1,"win_rate":0,"timestamp":1553522489,"path_taken":["M","?","$","M","?","E","R","E","T","M","E","M","?","E","R","BOSS","M","M","M","M","M","E"],"build_version":"2019-01-23","purchased_purges":1,"victory":false,"max_hp_per_floor":[75,75,75,75,75,75,75,75,75,77,77,77,77,79,79,79,79,81,81,81,81,83,83],"card_choices":[{"not_picked":["Consume","Steam"],"picked":"Genetic Algorithm","floor":1},{"not_picked":["Lockon","Gash"],"picked":"Defragment","floor":4},{"not_picked":["Doom and Gloom","Hello World"],"picked":"Melter","floor":6},{"not_picked":["Rebound","Streamline"],"picked":"Coolheaded","floor":8},{"not_picked":["Redo","Blizzard","Hologram"],"picked":"Singing Bowl","floor":10},{"not_picked":["Hologram","Redo"],"picked":"Streamline","floor":11},{"not_picked":["Ball Lightning","Defragment"],"picked":"Electrodynamics","floor":12},{"not_picked":["FTL","Recycle","Rip and Tear"],"picked":"Singing Bowl","floor":14},{"not_picked":["Seek","Machine Learning"],"picked":"Creative AI","floor":16},{"not_picked":["Rebound","Leap+1","Turbo+1"],"picked":"Singing Bowl","floor":18},{"not_picked":["Ball Lightning","Defragment"],"picked":"Self Repair+1","floor":19},{"not_picked":["Redo+1","Undo"],"picked":"Conserve Battery","floor":20},{"not_picked":["Steam","Leap+1"],"picked":"Heatsinks","floor":21},{"not_picked":["Steam+1","Turbo","Biased Cognition"],"picked":"Singing Bowl","floor":22}],"player_experience":759202,"relics_obtained":[{"floor":6,"key":"Bag of Marbles"},{"floor":8,"key":"Singing Bowl"},{"floor":9,"key":"Lantern"},{"floor":11,"key":"Art of War"},{"floor":14,"key":"Matryoshka"}],"event_choices":[{"damage_healed":0,"gold_gain":0,"player_choice":"Take Damage","damage_taken":18,"relics_obtained":["Golden Idol"],"max_hp_gain":0,"max_hp_loss":0,"event_name":"Golden Idol","floor":2,"gold_loss":0},{"cards_removed":["Defend_B"],"damage_healed":0,"gold_gain":0,"player_choice":"Card Removal","damage_taken":0,"max_hp_gain":0,"max_hp_loss":0,"event_name":"The Cleric","floor":5,"gold_loss":50},{"damage_healed":0,"gold_gain":0,"cards_transformed":["Strike_B"],"player_choice":"Change","damage_taken":0,"max_hp_gain":0,"max_hp_loss":0,"event_name":"Living Wall","floor":13,"gold_loss":0,"cards_obtained":["Sweeping Beam"]}],"is_beta":false,"boss_relics":[{"not_picked":["Orrery","Eternal Feather"],"picked":"Cursed Key"}],"items_purged_floors":[3],"is_endless":false,"potions_floor_spawned":[1,4,8,10,16,19,20,22],"killed_by":"Book of Stabbing","ascension_level":7}