{"gold_per_floor":[109,120,133,133,150,176,23,23,23,23,38,38,55,74,74,153,153,166,266,282,282,282],"floor_reached":22,"playtime":1295,"items_purged":["Strike_B"],"score":376,"play_id":"45afaf82-09fb-41ad-a088-425e2bade18f","local_time":"20190409122240","is_ascension_mode":true,"campfire_choices":[{"floor":8.0,"key":"REST"},{"data":"Recycle","floor":10.0,"key":"SMITH"},{"data":"Creative AI","floor":12.0,"key":"SMITH"},{"data":"Storm","floor":15.0,"key":"SMITH"}],"neow_cost":"NONE","seed_source_timestamp":318186089296522,"circlet_count":0,"master_deck":["AscendersBane","Strike_B","Strike_B","Strike_B","Defend_B","Defend_B","Defend_B","Defend_B","Zap+1","Dualcast","Sunder+1","Recycle+1","Leap","Undo","Gash","Defragment","Creative AI+1","Storm+1","Gash","Electrodynamics","Chill","Genetic Algorithm","Defragment+1"],"special_seed":0,"relics":["Cracked Core","Lantern","Pen Nib","White Beast Statue","Emotion Chip","Sundial"],"potions_floor_usage":[22,22],"damage_taken":[{"damage":1.0,"enemies":"Cultist","floor":1.0,"turns":3.0},{"damage":0.0,"enemies":"2 Louse","floor":2.0,"turns":2.0},{"damage":7.0,"enemies":"Jaw Worm","floor":3.0,"turns":3.0},{"damage":25.0,"enemies":"Exordium Thugs","floor":5.0,"turns":4.0},{"damage":14.0,"enemies":"Gremlin Nob","floor":6.0,"turns":4.0},{"damage":3.0,"enemies":"Blue Slaver","floor":11.0,"turns":2.0},{"damage":4.0,"enemies":"3 Louse","floor":13.0,"turns":3.0},{"damage":0.0,"enemies":"Exordium Wildlife","floor":14.0,"turns":1.0},{"damage":15.0,"enemies":"Hexaghost","floor":16.0,"turns":8.0},{"damage":0.0,"enemies":"Spheric Guardian","floor":18.0,"turns":3.0},{"damage":35.0,"enemies":"Colosseum Slavers","floor":19.0,"turns":3.0},{"damage":8.0,"enemies":"Colosseum Nobs","floor":19.0,"turns":3.0},{"damage":7.0,"enemies":"Chosen","floor":20.0,"turns":6.0},{"damage":23,"enemies":"Snecko","floor":22,"turns":3}],"seed_played":"-1732054640351314667","potions_obtained":[{"floor":1.0,"key":"Strength Potion"},{"floor":5.0,"key":"Ancient Potion"},{"floor":11.0,"key":"Strength Potion"},{"floor":13.0,"key":"Weak Potion"},{"floor":18.0,"key":"FocusPotion"},{"floor":19.0,"key":"GamblersBrew"},{"floor":20.0,"key":"Dexterity Potion"}],"is_trial":false,"path_per_floor":["M","M","M","?","M","E","$","R","T","R","M","R","M","M","R","B",null,"M","?","M","?","M"],"character_chosen":"DEFECT","items_purchased":["Defragment"],"campfire_rested":1,"item_purchase_floors":[7],"current_hp_per_floor":[63,63,56,56,31,17,17,38,38,38,35,35,31,31,31,16,57,57,14,7,7,0],"gold":282,"neow_bonus":"UPGRADE_CARD","is_prod":false,"is_daily":false,"chose_seed":false,"campfire_upgraded":3,"win_rate":0,"timestamp":1554834160,"path_taken":["M","M","M","?","M","E","?","R","T","R","M","R","M","M","R","BOSS","M","?","M","?","M"],"build_version":"2019-04-04","purchased_purges":1,"victory":false,"max_hp_per_floor":[71,71,71,71,71,71,71,71,71,71,71,71,71,71,71,71,71,71,71,71,71,71],"card_choices":[{"not_picked":["Steam","Redo"],"picked":"Sunder","floor":1.0},{"not_picked":["Storm","Hologram"],"picked":"Recycle","floor":2.0},{"not_picked":["Steam","Sweeping Beam"],"picked":"Leap","floor":3.0},{"not_picked":["Auto Shields","Coolheaded"],"picked":"Undo","floor":5.0},{"not_picked":["Rebound","Reinforced Body"],"picked":"Gash","floor":6.0},{"not_picked":["Streamline","Leap"],"picked":"Creative AI","floor":11.0},{"not_picked":["Hologram","Double Energy"],"picked":"Storm","floor":13.0},{"not_picked":["Leap","Sweeping Beam"],"picked":"Gash","floor":14.0},{"not_picked":["Amplify","Core Surge"],"picked":"Electrodynamics","floor":16.0},{"not_picked":["Scrape","Doom and Gloom"],"picked":"Chill","floor":18.0},{"not_picked":["Beam Cell","Steam Power+1"],"picked":"Genetic Algorithm","floor":19.0},{"not_picked":["Leap","Sweeping Beam"],"picked":"Defragment+1","floor":20.0}],"player_experience":2805412,"relics_obtained":[{"floor":6.0,"key":"Lantern"},{"floor":9.0,"key":"Pen Nib"},{"floor":19.0,"key":"Emotion Chip"},{"floor":19.0,"key":"Sundial"}],"event_choices":[{"damage_healed":0.0,"max_hp_gain":0.0,"max_hp_loss":0.0,"gold_gain":0.0,"event_name":"Accursed Blacksmith","player_choice":"Forge","floor":4.0,"gold_loss":0.0,"damage_taken":0.0,"cards_upgraded":["Sunder"]},{"damage_healed":0.0,"max_hp_gain":0.0,"max_hp_loss":0.0,"gold_gain":0.0,"event_name":"Colosseum","player_choice":"Fight","floor":19.0,"gold_loss":0.0,"damage_taken":0.0},{"damage_healed":0.0,"max_hp_gain":0.0,"max_hp_loss":0.0,"gold_gain":0.0,"event_name":"Colosseum","player_choice":"Fought Nobs","floor":19.0,"gold_loss":0.0,"damage_taken":0.0},{"damage_healed":0.0,"max_hp_gain":0.0,"max_hp_loss":0.0,"gold_gain":0.0,"event_name":"Cursed Tome","player_choice":"Ignored","floor":21.0,"gold_loss":0.0,"damage_taken":0.0}],"is_beta":true,"boss_relics":[{"not_picked":["Orrery","Tiny House"],"picked":"White Beast Statue"}],"items_purged_floors":[7],"is_endless":false,"potions_floor_spawned":[1,5,11,13,14,18,19,19,20],"killed_by":"Snecko","ascension_level":20}