{"gold_per_floor":[110,110,110,51,72,72,86,86,166,166,266,291,310,354,354,448,448,462,157,157,175,198,198,113,113,113,149,49,70,97,128,128,227,227,251,251,48,62,77,77,121,121,147,147,166,166,16,16,16,16],"floor_reached":50,"playtime":1979,"items_purged":["Strike_G","Defend_G","Defend_G","After Image"],"score":981,"play_id":"8717c297-7123-4fc5-9a0d-a141880f42aa","local_time":"20190102160901","is_ascension_mode":true,"campfire_choices":[{"data":"Footwork","floor":6,"key":"SMITH"},{"data":"Sucker Punch","floor":8,"key":"SMITH"},{"data":"Neutralize","floor":15,"key":"SMITH"},{"data":"Reflex","floor":23,"key":"SMITH"},{"floor":25,"key":"REST"},{"floor":32,"key":"REST"},{"data":"Acrobatics","floor":40,"key":"SMITH"},{"floor":42,"key":"REST"},{"floor":44,"key":"REST"},{"floor":46,"key":"REST"},{"floor":49,"key":"REST"}],"neow_cost":"NONE","seed_source_timestamp":1081153103945340,"circlet_count":0,"master_deck":["AscendersBane","Defend_G","Defend_G","Strike_G+1","Survivor","Neutralize+1","Footwork+1","Sucker Punch+1","Dagger Throw+1","Cloak And Dagger","Dagger Spray+1","Poisoned Stab+1","Glass Knife+1","Backstab+1","Die Die Die+1","Quick Slash+1","Footwork","Bouncing Flask","Poisoned Stab+1","Reflex+1","Quick Slash+1","Bane+1","Acrobatics+1","Grand Finale+1","Prepared+1","Burst+1","Die Die Die+1","Dodge and Roll+1","Cloak And Dagger","Quick Slash+1","Underhanded Strike+1","Underhanded Strike+1","Heel Hook+1","Acrobatics","Madness","Madness"],"special_seed":0,"relics":["Runic Pyramid","Golden Idol","Anchor","Molten Egg 2","Bag of Preparation","HoveringKite","Dodecahedron","Letter Opener","Whetstone","Bag of Marbles","Potion Belt","Astrolabe","Meat on the Bone","Pen Nib"],"potions_floor_usage":[12,13,13,27,29,31,41,50,50],"damage_taken":[{"damage":4.0,"enemies":"Small Slimes","floor":1.0,"turns":5.0},{"damage":0,"enemies":"2 Louse","floor":5,"turns":4},{"damage":0,"enemies":"Cultist","floor":7,"turns":4},{"damage":3,"enemies":"3 Louse","floor":12,"turns":4},{"damage":0,"enemies":"Exordium Thugs","floor":13,"turns":5},{"damage":0,"enemies":"3 Sentries","floor":14,"turns":6},{"damage":5,"enemies":"Hexaghost","floor":16,"turns":11},{"damage":2,"enemies":"Spheric Guardian","floor":18,"turns":3},{"damage":0,"enemies":"3 Byrds","floor":21,"turns":3},{"damage":16,"enemies":"Cultist and Chosen","floor":22,"turns":7},{"damage":5,"enemies":"Slavers","floor":27,"turns":4},{"damage":0,"enemies":"Snecko","floor":29,"turns":2},{"damage":37,"enemies":"Book of Stabbing","floor":31,"turns":5},{"damage":23,"enemies":"Collector","floor":33,"turns":10},{"damage":0,"enemies":"Orb Walker","floor":35,"turns":2},{"damage":2,"enemies":"3 Darklings","floor":38,"turns":3},{"damage":3,"enemies":"4 Shapes","floor":39,"turns":5},{"damage":36,"enemies":"Reptomancer","floor":41,"turns":5},{"damage":8,"enemies":"Sphere and 2 Shapes","floor":45,"turns":4},{"damage":67,"enemies":"Time Eater","floor":50,"turns":5}],"seed_played":"-8731110241130262918","potions_obtained":[{"floor":1.0,"key":"SkillPotion"},{"floor":7,"key":"Dexterity Potion"},{"floor":12,"key":"SteroidPotion"},{"floor":14,"key":"SkillPotion"},{"floor":16,"key":"Energy Potion"},{"floor":27,"key":"AttackPotion"},{"floor":33,"key":"GhostInAJar"},{"floor":39,"key":"GhostInAJar"},{"floor":45,"key":"SkillPotion"}],"is_trial":false,"path_per_floor":["M","?","?","$","M","R","M","R","T","?","?","M","M","E","R","B",null,"M","$","?","M","M","R","?","R","T","E","$","M","T","E","R","B",null,"M","?","$","M","M","R","E","R","T","R","M","R","$","?","R","B"],"character_chosen":"THE_SILENT","items_purchased":["Sucker Punch","Die Die Die+1","Quick Slash+1","Footwork","Cloak And Dagger","Quick Slash+1"],"campfire_rested":6,"item_purchase_floors":[4,19,19,19,37,37],"current_hp_per_floor":[55,55,37,37,37,37,37,37,37,19,19,16,16,16,16,11,48,46,46,46,46,30,30,30,48,48,43,43,43,43,6,24,1,45,45,45,45,43,40,40,4,22,22,40,32,50,50,39,57,0],"gold":16,"neow_bonus":"BOSS_RELIC","is_prod":false,"is_daily":false,"chose_seed":false,"campfire_upgraded":5,"win_rate":0,"timestamp":1546474141,"path_taken":["M","?","?","$","M","R","M","R","T","?","?","M","?","E","R","BOSS","M","$","?","M","?","R","?","R","T","E","$","M","?","E","R","BOSS","M","?","$","M","M","R","E","R","T","R","?","R","?","?","R","BOSS"],"build_version":"2018-12-20","purchased_purges":4,"victory":false,"max_hp_per_floor":[66,60,60,60,60,60,60,60,60,60,60,60,60,60,60,60,60,60,60,60,60,60,60,60,60,60,60,60,60,60,60,60,60,60,60,60,60,60,60,60,60,60,60,60,60,60,60,60,60,60],"card_choices":[{"not_picked":["Outmaneuver","Finisher"],"picked":"Footwork","floor":1.0},{"not_picked":["Expertise","Outmaneuver"],"picked":"Dagger Throw","floor":5},{"not_picked":["Blade Dance","Underhanded Strike"],"picked":"Cloak And Dagger","floor":7},{"not_picked":["Endless Agony+1","Dagger Throw+1"],"picked":"Dagger Spray+1","floor":12},{"not_picked":["Bane+1","Flying Knee+1"],"picked":"After Image","floor":13},{"not_picked":["Dagger Throw+1","Cloak And Dagger"],"picked":"Poisoned Stab+1","floor":14},{"not_picked":["Tools of the Trade","Doppelganger"],"picked":"Glass Knife+1","floor":16},{"not_picked":["Caltrops","Dodge and Roll"],"picked":"Backstab+1","floor":18},{"not_picked":["Eviscerate+1","Slice+1"],"picked":"Poisoned Stab+1","floor":21},{"not_picked":["Tactician","Dagger Spray+1"],"picked":"Reflex","floor":22},{"not_picked":["Deadly Poison","Tools of the Trade"],"picked":"Quick Slash+1","floor":27},{"not_picked":["Flying Knee+1","Outmaneuver"],"picked":"Bane+1","floor":29},{"not_picked":["Expertise","Distraction"],"picked":"Acrobatics","floor":31},{"not_picked":["Venomology","Bullet Time"],"picked":"Grand Finale+1","floor":33},{"not_picked":["Deadly Poison","Leg Sweep"],"picked":"Dodge and Roll+1","floor":35},{"not_picked":["Bane+1","Cloak And Dagger"],"picked":"Underhanded Strike+1","floor":38},{"not_picked":["Sucker Punch+1","Prepared"],"picked":"Underhanded Strike+1","floor":39},{"not_picked":["Slice+1","Poisoned Stab+1"],"picked":"Heel Hook+1","floor":41},{"not_picked":["Catalyst","Finisher+1"],"picked":"Acrobatics","floor":45}],"player_experience":1047387,"relics_obtained":[{"floor":9,"key":"Molten Egg 2"},{"floor":14,"key":"Bag of Preparation"},{"floor":26,"key":"Letter Opener"},{"floor":27,"key":"Whetstone"},{"floor":30,"key":"Bag of Marbles"},{"floor":31,"key":"Potion Belt"},{"floor":41,"key":"Meat on the Bone"},{"floor":43,"key":"Pen Nib"}],"event_choices":[{"damage_healed":0,"gold_gain":0,"player_choice":"Lose Max HP","damage_taken":0,"relics_obtained":["Golden Idol"],"max_hp_gain":0,"max_hp_loss":6,"event_name":"Golden Idol","floor":2,"gold_loss":0},{"damage_healed":0,"gold_gain":0,"player_choice":"Success","damage_taken":18,"relics_obtained":["Anchor"],"max_hp_gain":0,"max_hp_loss":0,"event_name":"Scrap Ooze","floor":3,"gold_loss":0},{"damage_healed":0,"gold_gain":0,"player_choice":"Entered Light","damage_taken":18,"max_hp_gain":0,"max_hp_loss":0,"event_name":"Shining Light","floor":10,"gold_loss":0,"cards_upgraded":["Strike_G","Strike_G"]},{"damage_healed":0,"gold_gain":100,"player_choice":"Gold","damage_taken":0,"max_hp_gain":0,"max_hp_loss":0,"event_name":"Wheel of Change","floor":11,"gold_loss":0},{"damage_healed":0,"gold_gain":0,"cards_transformed":["Strike_G"],"player_choice":"Transformed","damage_taken":0,"max_hp_gain":0,"max_hp_loss":0,"event_name":"Transmorgrifier","floor":20,"gold_loss":0,"cards_obtained":["Bouncing Flask"]},{"damage_healed":0,"gold_gain":0,"player_choice":"Obtained Relic","damage_taken":0,"relics_obtained":["Dodecahedron"],"max_hp_gain":0,"max_hp_loss":0,"event_name":"Addict","floor":24,"gold_loss":85},{"damage_healed":0,"gold_gain":0,"player_choice":"0 cards matched","damage_taken":0,"max_hp_gain":0,"max_hp_loss":0,"event_name":"Match and Keep!","floor":36,"gold_loss":0,"cards_obtained":[]},{"damage_healed":0,"gold_gain":0,"player_choice":"Embrace Madness","damage_taken":11,"max_hp_gain":0,"max_hp_loss":0,"event_name":"Winding Halls","floor":48,"gold_loss":0,"cards_obtained":["Madness","Madness"]}],"is_beta":false,"boss_relics":[{"not_picked":["Philosopher\u0027s Stone","Black Star"],"picked":"HoveringKite"},{"not_picked":["Runic Dome","Sozu"],"picked":"Astrolabe"}],"items_purged_floors":[19,28,37,47],"is_endless":false,"potions_floor_spawned":[1,7,12,14,16,22,27,33,39,45],"killed_by":"Time Eater","ascension_level":16}