{"gold_per_floor":[110,124,144,157,177,177,209,209,236,261,261,261,291,303,303,403,403,416,416,404,404,33,33,50,70,70,70,2,21,33,33],"floor_reached":31,"playtime":2348,"items_purged":[],"score":398,"play_id":"b45643ab-48d0-440c-b314-b5fc301c05c1","local_time":"20190313205503","is_ascension_mode":true,"campfire_choices":[{"data":"Bash","floor":6,"key":"SMITH"},{"data":"Juggernaut","floor":8,"key":"SMITH"},{"data":"Cleave","floor":11,"key":"SMITH"},{"floor":15,"key":"REST"},{"floor":23,"key":"REST"},{"floor":27,"key":"REST"}],"neow_cost":"NONE","seed_source_timestamp":797562953915736,"circlet_count":0,"master_deck":["AscendersBane","Defend_R+1","Defend_R+1","Defend_R","Defend_R","Bash+1","Rage","Shrug It Off","Metallicize","Clothesline","Cleave+1","Juggernaut+1","Feel No Pain","Barricade","Second Wind+1","Burning Pact+1","Rampage","Dropkick","Second Wind","Feel No Pain","Flame Barrier","Body Slam"],"relics":["Burning Blood","Unceasing Top","Pen Nib","Omamori","Astrolabe","Ice Cream","Art of War"],"potions_floor_usage":[7,16,18,30],"damage_taken":[{"damage":7,"enemies":"2 Louse","floor":1,"turns":4},{"damage":4,"enemies":"Small Slimes","floor":2,"turns":4},{"damage":4,"enemies":"Jaw Worm","floor":3,"turns":3},{"damage":8,"enemies":"Blue Slaver","floor":4,"turns":5},{"damage":1,"enemies":"Exordium Wildlife","floor":5,"turns":6},{"damage":19,"enemies":"3 Sentries","floor":7,"turns":7},{"damage":21,"enemies":"Gremlin Nob","floor":10,"turns":5},{"damage":6,"enemies":"Exordium Thugs","floor":14,"turns":4},{"damage":33,"enemies":"Slime Boss","floor":16,"turns":10},{"damage":32,"enemies":"3 Byrds","floor":18,"turns":5},{"damage":20,"enemies":"2 Thieves","floor":20,"turns":4},{"damage":48,"enemies":"Snake Plant","floor":24,"turns":6},{"damage":32,"enemies":"Snecko","floor":25,"turns":6},{"damage":13,"enemies":"Cultist and Chosen","floor":29,"turns":6},{"damage":20,"enemies":"Centurion and Healer","floor":30,"turns":7},{"damage":14,"enemies":"Shelled Parasite and Fungi","floor":31,"turns":3}],"seed_played":"6258475590162242626","potions_obtained":[{"floor":3,"key":"Explosive Potion"},{"floor":4,"key":"GamblersBrew"},{"floor":5,"key":"Strength Potion"},{"floor":16,"key":"EssenceOfSteel"},{"floor":29,"key":"FearPotion"},{"floor":30,"key":"Swift Potion"}],"is_trial":false,"path_per_floor":["M","M","M","M","M","R","E","R","T","E","R","?","?","M","R","B",null,"M","?","M","?","$","R","M","M","T","R","$","M","M","M"],"character_chosen":"IRONCLAD","items_purchased":["Ice Cream","Feel No Pain","Flame Barrier"],"campfire_rested":3,"item_purchase_floors":[22,22,28],"current_hp_per_floor":[71,73,75,73,78,78,65,65,65,50,50,34,34,34,58,31,68,42,42,28,54,54,78,36,10,10,34,34,27,13,0],"gold":33,"neow_bonus":"TRANSFORM_CARD","is_prod":false,"is_daily":false,"chose_seed":false,"campfire_upgraded":3,"win_rate":0,"timestamp":1552524903,"path_taken":["M","M","M","M","M","R","E","R","T","E","R","?","?","M","R","BOSS","M","?","M","?","$","R","M","M","T","R","?","M","M","?"],"build_version":"2019-01-23","purchased_purges":0,"victory":false,"max_hp_per_floor":[80,80,80,80,80,80,80,80,80,80,80,80,80,80,80,80,80,80,80,80,80,80,80,80,80,80,80,80,80,80,80],"card_choices":[{"not_picked":["Carnage","Heavy Blade"],"picked":"Shrug It Off","floor":1},{"not_picked":["Body Slam","Armaments"],"picked":"Metallicize","floor":2},{"not_picked":["Headbutt","Warcry"],"picked":"Clothesline","floor":3},{"not_picked":["Reckless Charge","Thunderclap","Entrench"],"picked":"SKIP","floor":4},{"not_picked":["Disarm","Pommel Strike"],"picked":"Cleave","floor":5},{"not_picked":["Rupture","Intimidate"],"picked":"Juggernaut","floor":7},{"not_picked":["True Grit","Battle Trance","Infernal Blade"],"picked":"SKIP","floor":10},{"not_picked":["Evolve","Rampage"],"picked":"Feel No Pain","floor":14},{"not_picked":["Exhume","Double Tap"],"picked":"Barricade","floor":16},{"not_picked":["Clothesline","Havoc"],"picked":"Rampage","floor":18},{"not_picked":["Bloodletting+1","Dropkick","Headbutt"],"picked":"SKIP","floor":20},{"not_picked":["Rage","Clothesline","Warcry"],"picked":"SKIP","floor":24},{"not_picked":["Clash","Pummel+1","Perfected Strike"],"picked":"SKIP","floor":25},{"not_picked":["Havoc","Flex+1"],"picked":"Body Slam","floor":29},{"not_picked":["Flex","True Grit","Thunderclap"],"picked":"SKIP","floor":30}],"player_experience":281210,"relics_obtained":[{"floor":7,"key":"Unceasing Top"},{"floor":9,"key":"Pen Nib"},{"floor":10,"key":"Omamori"},{"floor":26,"key":"Art of War"}],"event_choices":[{"damage_healed":0,"gold_gain":0,"player_choice":"Entered Light","damage_taken":16,"max_hp_gain":0,"max_hp_loss":0,"event_name":"Shining Light","floor":12,"gold_loss":0,"cards_upgraded":["Defend_R","Defend_R"]},{"damage_healed":0,"gold_gain":30,"player_choice":"Searched \u00272\u0027 times","damage_taken":0,"max_hp_gain":0,"max_hp_loss":0,"event_name":"Dead Adventurer","floor":13,"gold_loss":0},{"damage_healed":0,"gold_gain":0,"cards_transformed":["Strike_R","Heavy Blade"],"player_choice":"Became Test Subject","damage_taken":0,"max_hp_gain":0,"max_hp_loss":0,"event_name":"Drug Dealer","floor":19,"gold_loss":0,"cards_obtained":["Dropkick","Second Wind"]},{"damage_healed":26,"gold_gain":0,"player_choice":"Heal","damage_taken":0,"max_hp_gain":0,"max_hp_loss":0,"event_name":"The Library","floor":21,"gold_loss":0}],"is_beta":false,"boss_relics":[{"not_picked":["Orrery","White Beast Statue"],"picked":"Astrolabe"}],"items_purged_floors":[],"is_endless":false,"potions_floor_spawned":[3,4,5,16,29,30],"killed_by":"Shelled Parasite and Fungi","ascension_level":12}