{"gold_per_floor":[114,114,125,0,0,10,21,21,21,41,41,61,89,89],"floor_reached":14,"playtime":267,"items_purged":["Doubt"],"score":92,"play_id":"dab869a1-d1e4-4e94-b9c8-0c408bb903c8","local_time":"20181014015110","is_ascension_mode":false,"campfire_choices":[{"floor":8,"key":"REST"},{"data":"Defragment","floor":11,"key":"SMITH"}],"neow_cost":"CURSE","seed_source_timestamp":287908194519061,"circlet_count":0,"master_deck":["Strike_B+1","Strike_B","Strike_B","Strike_B","Defend_B","Defend_B","Defend_B","Defend_B","Zap+1","Dualcast","Rainbow","Rip and Tear","Streamline","Loop","Thunder Strike","Defragment+1","Auto Shields","Cold Snap"],"relics":["Cracked Core","The Courier","Bottled Tornado","Ice Cream"],"potions_floor_usage":[6,12,13,14],"damage_taken":[{"damage":4,"enemies":"Jaw Worm","floor":1,"turns":4},{"damage":5,"enemies":"2 Louse","floor":3,"turns":2},{"damage":5,"enemies":"Small Slimes","floor":6,"turns":2},{"damage":8,"enemies":"Looter","floor":7,"turns":2},{"damage":20,"enemies":"Blue Slaver","floor":10,"turns":3},{"damage":1,"enemies":"2 Fungi Beasts","floor":12,"turns":2},{"damage":12,"enemies":"Lagavulin","floor":13,"turns":5},{"damage":4,"enemies":"3 Louse","floor":14,"turns":1}],"seed_played":"2183846218953447636","potions_obtained":[{"floor":1,"key":"LiquidBronze"},{"floor":6,"key":"SpeedPotion"},{"floor":7,"key":"SpeedPotion"},{"floor":10,"key":"Poison Potion"}],"is_trial":false,"path_per_floor":["M","?","M","$","?","M","M","R","T","M","R","M","E"],"character_chosen":"DEFECT","items_purchased":["Explosive Potion"],"campfire_rested":1,"item_purchase_floors":[4],"current_hp_per_floor":[71,56,51,51,26,21,13,35,35,15,15,14,2,0],"gold":89,"neow_bonus":"THREE_RARE_CARDS","is_prod":false,"is_daily":false,"chose_seed":false,"campfire_upgraded":1,"win_rate":0.0,"timestamp":1539507070,"path_taken":["M","?","?","$","?","M","M","R","T","M","R","M","E","M"],"build_version":"2018-10-11","purchased_purges":1,"victory":false,"max_hp_per_floor":[75,75,75,75,75,75,75,75,75,75,75,75,75,75],"card_choices":[{"not_picked":["Multi-Cast","Amplify"],"picked":"Rainbow","floor":0},{"not_picked":["Beam Cell","Sweeping Beam"],"picked":"Rip and Tear","floor":1},{"not_picked":["Conserve Battery","Ball Lightning"],"picked":"Streamline","floor":3},{"not_picked":["Auto Shields","Stack"],"picked":"Loop","floor":6},{"not_picked":["Go for the Eyes","Blizzard"],"picked":"Thunder Strike","floor":7},{"not_picked":["Beam Cell","Undo"],"picked":"Defragment","floor":10},{"not_picked":["Gash","Cold Snap"],"picked":"Auto Shields","floor":12},{"not_picked":["Barrage","Beam Cell"],"picked":"Cold Snap","floor":13}],"player_experience":485204,"relics_obtained":[{"floor":9,"key":"Bottled Tornado"},{"floor":13,"key":"Ice Cream"}],"event_choices":[{"event_name":"Shining Light","player_choice":"Entered Light","floor":2,"damage_taken":0},{"event_name":"Scrap Ooze","player_choice":"success","floor":5,"damage_taken":25}],"is_beta":false,"boss_relics":[],"items_purged_floors":[4],"is_endless":false,"potions_floor_spawned":[1,6,7,10],"killed_by":"3 Louse","ascension_level":0}