{"gold_per_floor":[114,124,135,146,96,130,130,140,140,153,168,187,187,198,198,299,299,314,333,23,383,383],"floor_reached":22,"playtime":791,"items_purged":["Strike_B"],"score":192,"play_id":"618ce7ce-2604-45b6-a93e-fd5e1119d80c","local_time":"20190227172240","is_ascension_mode":false,"campfire_choices":[{"floor":13,"key":"REST"},{"data":"Heatsinks","floor":15,"key":"SMITH"}],"neow_cost":"NONE","seed_source_timestamp":360404133521800,"circlet_count":0,"master_deck":["Strike_B","Strike_B","Defend_B","Defend_B","Defend_B","Defend_B","Zap","Dualcast+1","Conserve Battery","Redo","Defragment","Echo Form","Doom and Gloom","Defragment","Defragment","Heatsinks+1","Coolheaded","Compile Driver","Electrodynamics","Genetic Algorithm","Self Repair"],"relics":["Cracked Core","Blue Candle","Cursed Key","OrangePellets"],"potions_floor_usage":[6,6,16,16,22],"damage_taken":[{"damage":1,"enemies":"Jaw Worm","floor":1,"turns":3},{"damage":0,"enemies":"2 Louse","floor":2,"turns":3},{"damage":6,"enemies":"Cultist","floor":3,"turns":3},{"damage":1,"enemies":"2 Fungi Beasts","floor":4,"turns":3},{"damage":8,"enemies":"Gremlin Nob","floor":6,"turns":3},{"damage":26,"enemies":"Gremlin Gang","floor":8,"turns":3},{"damage":13,"enemies":"Exordium Thugs","floor":10,"turns":3},{"damage":0,"enemies":"Looter","floor":11,"turns":4},{"damage":10,"enemies":"2 Fungi Beasts","floor":12,"turns":3},{"damage":16,"enemies":"Lots of Slimes","floor":14,"turns":4},{"damage":4,"enemies":"Hexaghost","floor":16,"turns":11},{"damage":4,"enemies":"Shell Parasite","floor":18,"turns":6},{"damage":31,"enemies":"2 Thieves","floor":19,"turns":3},{"damage":11,"enemies":"Snake Plant","floor":22,"turns":1}],"seed_played":"-7847862135728339792","potions_obtained":[{"floor":3,"key":"Regen Potion"},{"floor":4,"key":"Fire Potion"},{"floor":8,"key":"Weak Potion"},{"floor":10,"key":"Fire Potion"},{"floor":12,"key":"Block Potion"},{"floor":16,"key":"FearPotion"}],"is_trial":false,"path_per_floor":["M","M","M","M","?","E","?","M","T","M","M","M","R","M","R","B",null,"M","M","$","?","M"],"character_chosen":"DEFECT","items_purchased":["Self Repair","OrangePellets"],"campfire_rested":1,"item_purchase_floors":[20,20],"current_hp_per_floor":[74,74,68,67,67,59,75,49,49,36,36,26,48,32,32,28,75,71,40,40,5,0],"gold":383,"neow_bonus":"UPGRADE_CARD","is_prod":false,"is_daily":false,"chose_seed":false,"campfire_upgraded":1,"win_rate":0,"timestamp":1551316960,"path_taken":["M","M","M","M","?","E","?","M","T","M","?","M","R","M","R","BOSS","M","M","$","?","?"],"build_version":"2019-01-23","purchased_purges":1,"victory":false,"max_hp_per_floor":[75,75,75,75,75,75,75,75,75,75,75,75,75,75,75,75,75,75,75,75,75,75],"card_choices":[{"not_picked":["Sweeping Beam","Streamline"],"picked":"Conserve Battery","floor":1},{"not_picked":["Sunder","Gash"],"picked":"Redo","floor":2},{"not_picked":["Cold Snap","Stack"],"picked":"Defragment","floor":3},{"not_picked":["Sunder","Auto Shields"],"picked":"Echo Form","floor":4},{"not_picked":["Turbo","Sunder"],"picked":"Doom and Gloom","floor":6},{"not_picked":["Redo","Beam Cell"],"picked":"Defragment","floor":8},{"not_picked":["Go for the Eyes","Streamline"],"picked":"Defragment","floor":10},{"not_picked":["Stack","Hologram"],"picked":"Heatsinks","floor":11},{"not_picked":["Tempest","Compile Driver"],"picked":"Coolheaded","floor":12},{"not_picked":["Redo","Consume"],"picked":"Compile Driver","floor":14},{"not_picked":["Rainbow","Fission"],"picked":"Electrodynamics","floor":16},{"not_picked":["Consume","Streamline+1","Recycle"],"picked":"SKIP","floor":18},{"not_picked":["Barrage","Lockon"],"picked":"Genetic Algorithm","floor":19}],"player_experience":83456,"relics_obtained":[{"floor":6,"key":"Blue Candle"}],"event_choices":[{"cards_removed":["Strike_B"],"damage_healed":0,"gold_gain":0,"player_choice":"Card Removal","damage_taken":0,"max_hp_gain":0,"max_hp_loss":0,"event_name":"The Cleric","floor":5,"gold_loss":50},{"damage_healed":16,"gold_gain":0,"player_choice":"Full Heal","damage_taken":0,"max_hp_gain":0,"max_hp_loss":0,"event_name":"Wheel of Change","floor":7,"gold_loss":0},{"damage_healed":0,"gold_gain":360,"player_choice":"GOLD GOLD GOLD GOLD ","damage_taken":35,"max_hp_gain":0,"max_hp_loss":0,"event_name":"Knowing Skull","floor":21,"potions_obtained":[],"gold_loss":0,"cards_obtained":[]}],"is_beta":false,"boss_relics":[{"not_picked":["Coffee Dripper","Snecko Eye"],"picked":"Cursed Key"}],"items_purged_floors":[20],"is_endless":false,"potions_floor_spawned":[3,4,8,10,12,16],"killed_by":"Snake Plant","ascension_level":0}