{"gold_per_floor":[113,188,188,198,20,20,51,2,77,87,37,52,67,85,85,159,159,176,187,287,306,306,339,339,339,339,339,356,371,286,286],"floor_reached":31,"playtime":2339,"items_purged":[],"score":465,"play_id":"ec2845d9-3f1f-418a-a223-0ab7e55413b6","local_time":"20190405130308","is_ascension_mode":true,"campfire_choices":[{"data":"Zap","floor":6.0,"key":"SMITH"},{"data":"Buffer","floor":15.0,"key":"SMITH"},{"floor":25,"key":"REST"}],"neow_cost":"NONE","seed_source_timestamp":0,"circlet_count":0,"master_deck":["AscendersBane","Defend_B","Defend_B","Defend_B","Defend_B","Zap+1","Dualcast","Lockon","Auto Shields","Gash","Ball Lightning","Conserve Battery","Glacier","Buffer+1","Stack","Electrodynamics","Turbo+1","Consume","FTL","Creative AI","Double Energy+1","RitualDagger","Capacitor+1"],"special_seed":0,"relics":["Cracked Core","NeowsBlessing","Anchor","Bag of Preparation","Sundial","Empty Cage","StoneCalendar","Question Card","Orichalcum","Singing Bowl","Smiling Mask"],"potions_floor_usage":[31,31],"damage_taken":[{"damage":0.0,"enemies":"Small Slimes","floor":1.0,"turns":1.0},{"damage":0.0,"enemies":"Jaw Worm","floor":4.0,"turns":1.0},{"damage":0.0,"enemies":"3 Sentries","floor":7.0,"turns":1.0},{"damage":6.0,"enemies":"Cultist","floor":10.0,"turns":3.0},{"damage":0.0,"enemies":"Red Slaver","floor":12.0,"turns":3.0},{"damage":0.0,"enemies":"2 Fungi Beasts","floor":13.0,"turns":3.0},{"damage":0.0,"enemies":"Looter","floor":14.0,"turns":4.0},{"damage":3.0,"enemies":"The Guardian","floor":16.0,"turns":14.0},{"damage":2.0,"enemies":"Chosen","floor":18.0,"turns":5.0},{"damage":0.0,"enemies":"3 Byrds","floor":19.0,"turns":2.0},{"damage":0.0,"enemies":"Colosseum Slavers","floor":20.0,"turns":3.0},{"damage":5.0,"enemies":"Colosseum Nobs","floor":20.0,"turns":3.0},{"damage":0.0,"enemies":"Snecko","floor":21.0,"turns":7.0},{"damage":34.0,"enemies":"Book of Stabbing","floor":23.0,"turns":7.0},{"damage":14,"enemies":"Shelled Parasite and Fungi","floor":28,"turns":7},{"damage":8,"enemies":"Centurion and Healer","floor":29,"turns":5},{"damage":23,"enemies":"Slavers","floor":31,"turns":3}],"seed_played":"-2471628777306624045","potions_obtained":[{"floor":4.0,"key":"Energy Potion"},{"floor":13.0,"key":"FocusPotion"},{"floor":20.0,"key":"Explosive Potion"},{"floor":21.0,"key":"LiquidBronze"},{"floor":28,"key":"Poison Potion"}],"is_trial":false,"path_per_floor":["M","?","?","M","$","R","E","$","T","M","?","M","M","M","R","B",null,"M","M","?","M","?","E","?","R","T","?","M","M","?","E"],"character_chosen":"DEFECT","items_purchased":["Anchor","Gash","Fire Potion"],"campfire_rested":1,"item_purchase_floors":[5,5,8],"current_hp_per_floor":[68,57,57,57,57,57,57,57,57,51,51,51,51,51,51,48,68,66,66,61,61,61,27,21,43,43,43,31,23,23,0],"gold":286,"neow_bonus":"THREE_ENEMY_KILL","is_prod":false,"is_daily":false,"chose_seed":false,"campfire_upgraded":2,"win_rate":0,"timestamp":1554465788,"path_taken":["M","?","?","?","$","R","E","?","T","M","?","M","M","M","R","BOSS","M","M","?","M","?","E","?","R","T","?","M","M","?","E"],"build_version":"2019-01-23","purchased_purges":0,"victory":false,"max_hp_per_floor":[75,75,75,75,75,75,75,75,75,75,75,75,75,75,75,75,75,75,75,75,75,75,75,75,75,75,75,77,77,77,77],"card_choices":[{"not_picked":["Beam Cell","Leap"],"picked":"Lockon","floor":1.0},{"not_picked":["Go for the Eyes","Turbo"],"picked":"Auto Shields","floor":4.0},{"not_picked":["Redo","Undo"],"picked":"Ball Lightning","floor":7.0},{"not_picked":["Compile Driver","Force Field"],"picked":"Conserve Battery","floor":10.0},{"not_picked":["Turbo","Capacitor"],"picked":"Glacier","floor":12.0},{"not_picked":["Storm","Gash"],"picked":"Buffer","floor":13.0},{"not_picked":["Auto Shields","Sweeping Beam"],"picked":"Stack","floor":14.0},{"not_picked":["Echo Form","Rainbow"],"picked":"Electrodynamics","floor":16.0},{"not_picked":["Leap","Beam Cell"],"picked":"Turbo+1","floor":18.0},{"not_picked":["Recycle","Sweeping Beam"],"picked":"Consume","floor":19.0},{"not_picked":["Sweeping Beam","Heatsinks"],"picked":"FTL","floor":20.0},{"not_picked":["Streamline","Sweeping Beam","Leap"],"picked":"Creative AI","floor":21.0},{"not_picked":["Skim","Stack","Steam"],"picked":"Double Energy+1","floor":23.0},{"not_picked":["Conserve Battery+1","Double Energy","Sunder","Steam"],"picked":"Singing Bowl","floor":28},{"not_picked":["Glacier","Heatsinks+1","Doom and Gloom"],"picked":"Capacitor+1","floor":29}],"player_experience":913176,"relics_obtained":[{"floor":7.0,"key":"Bag of Preparation"},{"floor":9.0,"key":"Sundial"},{"floor":20.0,"key":"StoneCalendar"},{"floor":20.0,"key":"Question Card"},{"floor":23.0,"key":"Orichalcum"},{"floor":26,"key":"Singing Bowl"}],"event_choices":[{"damage_healed":0.0,"max_hp_gain":0.0,"max_hp_loss":0.0,"gold_gain":75.0,"event_name":"World of Goop","player_choice":"Gather Gold","floor":2.0,"gold_loss":0.0,"damage_taken":11.0},{"cards_removed":["Strike_B"],"damage_healed":0.0,"max_hp_gain":0.0,"max_hp_loss":0.0,"gold_gain":0.0,"event_name":"Purifier","player_choice":"Purged","floor":3.0,"gold_loss":0.0,"damage_taken":0.0},{"cards_removed":["Strike_B"],"damage_healed":0.0,"max_hp_gain":0.0,"max_hp_loss":0.0,"gold_gain":0.0,"event_name":"The Cleric","player_choice":"Card Removal","floor":11.0,"gold_loss":50.0,"damage_taken":0.0},{"damage_healed":0.0,"max_hp_gain":0.0,"max_hp_loss":0.0,"gold_gain":0.0,"event_name":"Colosseum","player_choice":"Fight","floor":20.0,"gold_loss":0.0,"damage_taken":0.0},{"damage_healed":0.0,"max_hp_gain":0.0,"max_hp_loss":0.0,"gold_gain":0.0,"event_name":"Colosseum","player_choice":"Fought Nobs","floor":20.0,"gold_loss":0.0,"damage_taken":0.0},{"damage_healed":0.0,"max_hp_gain":0.0,"max_hp_loss":0.0,"gold_gain":0.0,"event_name":"Vampires","player_choice":"Ignored","floor":22.0,"gold_loss":0.0,"damage_taken":0.0},{"damage_healed":0,"gold_gain":0,"player_choice":"Joined the Cult","damage_taken":6,"max_hp_gain":0,"max_hp_loss":0,"event_name":"Nest","floor":24,"gold_loss":0,"cards_obtained":["RitualDagger"]},{"damage_healed":0,"gold_gain":0,"player_choice":"Ignored","damage_taken":0,"max_hp_gain":0,"max_hp_loss":0,"event_name":"Ghosts","floor":27,"gold_loss":0},{"damage_healed":0,"gold_gain":0,"player_choice":"Obtained Relic","damage_taken":0,"relics_obtained":["Smiling Mask"],"max_hp_gain":0,"max_hp_loss":0,"event_name":"Addict","floor":30,"gold_loss":85}],"is_beta":false,"boss_relics":[{"not_picked":["White Beast Statue","Lizard Tail"],"picked":"Empty Cage"}],"items_purged_floors":[],"is_endless":false,"potions_floor_spawned":[4,13,16,18,20,21,28],"killed_by":"Slavers","ascension_level":13}