{"gold_per_floor":[116,116,11,11,11,11,40,55,55,87,98,110,110,144,144,221,221,231,0,13,27,38,67,67,67,67,92,92,108,108,134,134,210,210,228,240,240,71,83,83],"floor_reached":40,"playtime":4094,"items_purged":["Strike_B"],"score":873,"play_id":"cb280021-81ef-41da-9459-9194736f7852","local_time":"20190408150809","is_ascension_mode":true,"campfire_choices":[{"data":"Zap","floor":6.0,"key":"SMITH"},{"data":"Biased Cognition","floor":13.0,"key":"SMITH"},{"data":"Loop","floor":15.0,"key":"SMITH"},{"data":"Creative AI","floor":24.0,"key":"SMITH"},{"floor":30.0,"key":"REST"},{"floor":32.0,"key":"REST"}],"neow_cost":"CURSE","seed_source_timestamp":0,"circlet_count":0,"master_deck":["AscendersBane","Defend_B","Defend_B+1","Zap+1","Dualcast+1","Rip and Tear","Conserve Battery","Ball Lightning","Auto Shields","Turbo","Loop+1","Biased Cognition+1","Self Repair","Leap","Creative AI+1","Storm","Barrage","Recycle+1","Steam Power","Glacier","Seek","Lockon+1","Static Discharge+1","All For One+1","Hologram","Go for the Eyes","Secret Technique","Apotheosis"],"special_seed":0,"relics":["FrozenCore","Blue Candle","Pear","Ornamental Fan","Ancient Tea Set","Pen Nib","Lantern","War Paint","Bottled Flame","FossilizedHelix","Juzu Bracelet","Astrolabe"],"potions_floor_usage":[33,40],"damage_taken":[{"damage":7.0,"enemies":"Small Slimes","floor":1.0,"turns":4.0},{"damage":13.0,"enemies":"Gremlin Nob","floor":7.0,"turns":3.0},{"damage":0.0,"enemies":"2 Louse","floor":8.0,"turns":2.0},{"damage":12.0,"enemies":"Lagavulin","floor":10.0,"turns":7.0},{"damage":0.0,"enemies":"Cultist","floor":11.0,"turns":3.0},{"damage":4.0,"enemies":"Looter","floor":12.0,"turns":3.0},{"damage":23.0,"enemies":"3 Sentries","floor":14.0,"turns":5.0},{"damage":0.0,"enemies":"Slime Boss","floor":16.0,"turns":6.0},{"damage":6.0,"enemies":"Chosen","floor":18.0,"turns":5.0},{"damage":7.0,"enemies":"Shell Parasite","floor":20.0,"turns":6.0},{"damage":0.0,"enemies":"Cultist and Chosen","floor":21.0,"turns":4.0},{"damage":10.0,"enemies":"Snake Plant","floor":22.0,"turns":4.0},{"damage":40.0,"enemies":"Slavers","floor":23.0,"turns":9.0},{"damage":11.0,"enemies":"Gremlin Leader","floor":27.0,"turns":5.0},{"damage":9.0,"enemies":"Centurion and Healer","floor":29.0,"turns":6.0},{"damage":14.0,"enemies":"Book of Stabbing","floor":31.0,"turns":5.0},{"damage":50,"enemies":"Collector","floor":33,"turns":8},{"damage":11,"enemies":"3 Darklings","floor":35,"turns":6},{"damage":0,"enemies":"Orb Walker","floor":36,"turns":4},{"damage":28,"enemies":"Transient","floor":39,"turns":5},{"damage":45,"enemies":"Reptomancer","floor":40,"turns":2}],"seed_played":"4225832420941500723","potions_obtained":[{"floor":8.0,"key":"Weak Potion"},{"floor":10.0,"key":"SpeedPotion"},{"floor":16.0,"key":"Ancient Potion"},{"floor":20.0,"key":"Block Potion"},{"floor":21.0,"key":"Explosive Potion"},{"floor":29.0,"key":"Strength Potion"},{"floor":33,"key":"SpeedPotion"},{"floor":39,"key":"Block Potion"}],"is_trial":false,"path_per_floor":["M","?","$","?","$","R","E","M","T","E","M","M","R","E","R","B",null,"M","$","M","M","M","E","R","?","T","E","?","M","R","E","R","B",null,"M","M","?","$","M","E"],"character_chosen":"DEFECT","items_purchased":["Ball Lightning","Explosive Potion","Lantern","Apotheosis"],"campfire_rested":2,"item_purchase_floors":[3,3,19,38],"current_hp_per_floor":[61,54,54,54,54,54,51,51,51,39,39,35,35,19,19,26,70,71,71,71,78,75,42,42,42,42,38,22,20,47,40,67,17,72,68,75,65,65,37,0],"gold":83,"neow_bonus":"TRANSFORM_TWO_CARDS","is_prod":false,"is_daily":false,"chose_seed":false,"campfire_upgraded":4,"win_rate":0,"timestamp":1554732489,"path_taken":["M","?","$","?","$","R","E","M","T","E","M","?","R","E","R","BOSS","M","$","M","M","M","E","R","?","T","E","?","M","R","E","R","BOSS","M","M","?","$","M","E"],"build_version":"2019-01-23","purchased_purges":1,"victory":false,"max_hp_per_floor":[75,75,75,75,75,75,85,85,85,85,85,85,85,85,85,85,85,85,85,85,85,85,85,85,85,85,85,90,90,90,90,90,90,90,90,90,90,90,90,90],"card_choices":[{"not_picked":["Steam","Barrage"],"picked":"Conserve Battery","floor":1.0},{"not_picked":["FTL","Reprogram"],"picked":"Auto Shields","floor":7.0},{"not_picked":["Ball Lightning","Streamline"],"picked":"Turbo","floor":8.0},{"not_picked":["Leap","Doom and Gloom"],"picked":"Loop","floor":10.0},{"not_picked":["Steam","Redo"],"picked":"Biased Cognition","floor":11.0},{"not_picked":["Turbo","Go for the Eyes"],"picked":"Self Repair","floor":12.0},{"not_picked":["Fusion","Steam"],"picked":"Leap","floor":14.0},{"not_picked":["Thunder Strike","Fission"],"picked":"Creative AI","floor":16.0},{"not_picked":["Steam Power","Sweeping Beam+1"],"picked":"Storm","floor":18.0},{"not_picked":["Storm+1","Hologram+1"],"picked":"Barrage","floor":20.0},{"not_picked":["Blizzard","Streamline","Redo"],"picked":"SKIP","floor":21.0},{"not_picked":["Doom and Gloom","Force Field","Beam Cell+1"],"picked":"SKIP","floor":22.0},{"not_picked":["Melter","Leap"],"picked":"Recycle+1","floor":23.0},{"not_picked":["Cold Snap","Aggregate"],"picked":"Steam Power","floor":27.0},{"not_picked":["Melter","Steam","Conserve Battery"],"picked":"SKIP","floor":29.0},{"not_picked":["Turbo","Amplify"],"picked":"Glacier","floor":31.0},{"not_picked":["Creative AI","Thunder Strike"],"picked":"Seek","floor":33},{"not_picked":["Cold Snap","Ball Lightning"],"picked":"Hologram","floor":35},{"not_picked":["Sunder","Reprogram"],"picked":"Go for the Eyes","floor":36},{"not_picked":["Panache","Deep Breath"],"picked":"Secret Technique","floor":37},{"not_picked":["Coolheaded","Leap","Hologram+1"],"picked":"SKIP","floor":39}],"player_experience":940705,"relics_obtained":[{"floor":7.0,"key":"Pear"},{"floor":9.0,"key":"Ornamental Fan"},{"floor":10.0,"key":"Ancient Tea Set"},{"floor":14.0,"key":"Pen Nib"},{"floor":23.0,"key":"War Paint"},{"floor":26.0,"key":"Bottled Flame"},{"floor":27.0,"key":"FossilizedHelix"},{"floor":31.0,"key":"Juzu Bracelet"}],"event_choices":[{"cards_removed":["Pain"],"damage_healed":0.0,"max_hp_gain":0.0,"max_hp_loss":0.0,"gold_gain":0.0,"event_name":"Golden Wing","player_choice":"Card Removal","floor":2.0,"gold_loss":0.0,"damage_taken":7.0},{"cards_removed":["Darkness"],"damage_healed":0.0,"max_hp_gain":0.0,"max_hp_loss":0.0,"gold_gain":0.0,"event_name":"WeMeetAgain","player_choice":"Gave Card","floor":4.0,"gold_loss":0.0,"damage_taken":0.0,"relics_obtained":["Blue Candle"]},{"damage_healed":0.0,"max_hp_gain":0.0,"max_hp_loss":0.0,"gold_gain":0.0,"event_name":"Beggar","player_choice":"Ignored","floor":25.0,"gold_loss":0.0,"damage_taken":0.0},{"damage_healed":0.0,"max_hp_gain":5.0,"max_hp_loss":0.0,"gold_gain":0.0,"event_name":"Forgotten Altar","player_choice":"Shed Blood","floor":28.0,"gold_loss":0.0,"damage_taken":21.0},{"damage_healed":0,"gold_gain":0,"player_choice":"Memory 3","damage_taken":10,"max_hp_gain":0,"max_hp_loss":0,"event_name":"SensoryStone","floor":37,"gold_loss":0}],"is_beta":false,"boss_relics":[{"not_picked":["Nuclear Battery","Philosopher\u0027s Stone"],"picked":"FrozenCore"},{"not_picked":["Eternal Feather","White Beast Statue"],"picked":"Astrolabe"}],"items_purged_floors":[19],"is_endless":false,"potions_floor_spawned":[8,10,16,20,21,29,33,35,39],"killed_by":"Reptomancer","ascension_level":13}