{"gold_per_floor":[119,32,107,127,127,163,163,204,255,255,255],"floor_reached":11,"playtime":98,"items_purged":[],"score":187,"play_id":"dfa442a5-ef33-4c9e-935d-8da61d438666","local_time":"20190105223304","is_ascension_mode":true,"campfire_choices":[{"data":"Predator","floor":7,"key":"SMITH"},{"data":"Distraction","floor":10,"key":"SMITH"}],"neow_cost":"NONE","seed_source_timestamp":1365287606591201,"circlet_count":0,"master_deck":["AscendersBane","Defend_G","Defend_G","Defend_G","Defend_G","Defend_G","Strike_G","Strike_G","Strike_G","Strike_G","Strike_G","Survivor","Neutralize","Slice","Predator+1","Dash","Injury","Flying Knee","Distraction+1"],"relics":["Ring of the Snake","NeowsBlessing","Golden Idol","Pen Nib","Ancient Tea Set","Happy Flower"],"potions_floor_usage":[],"damage_taken":[{"damage":0,"enemies":"Small Slimes","floor":1,"turns":1},{"damage":0,"enemies":"2 Louse","floor":4,"turns":1},{"damage":0,"enemies":"3 Sentries","floor":6,"turns":1},{"damage":14,"enemies":"Gremlin Nob","floor":8,"turns":4}],"seed_played":"6168950882187390563","potions_obtained":[{"floor":4,"key":"EssenceOfSteel"},{"floor":8,"key":"Block Potion"}],"is_trial":false,"path_per_floor":["M","$","?","M","?","E","R","E","T","R","?"],"character_chosen":"THE_SILENT","items_purchased":["Predator"],"campfire_rested":0,"item_purchase_floors":[2],"current_hp_per_floor":[59,59,48,48,48,48,48,34,34,34,0],"gold":255,"neow_bonus":"THREE_ENEMY_KILL","is_prod":false,"is_daily":false,"chose_seed":false,"campfire_upgraded":2,"win_rate":0,"timestamp":1546756384,"path_taken":["M","$","?","M","?","E","R","E","T","R","?"],"build_version":"2019-01-03v4","purchased_purges":0,"victory":false,"max_hp_per_floor":[66,66,66,66,66,66,66,66,66,66,66],"card_choices":[{"not_picked":["PiercingWail","Infinite Blades"],"picked":"Slice","floor":1},{"not_picked":["Outmaneuver","Flying Knee"],"picked":"Dash","floor":4},{"not_picked":["Dodge and Roll","Infinite Blades"],"picked":"Flying Knee","floor":6},{"not_picked":["Wraith Form v2","Underhanded Strike"],"picked":"Distraction","floor":8}],"player_experience":1057646,"relics_obtained":[{"floor":6,"key":"Pen Nib"},{"floor":8,"key":"Ancient Tea Set"},{"floor":9,"key":"Happy Flower"}],"event_choices":[{"damage_healed":0,"gold_gain":75,"player_choice":"Gather Gold","damage_taken":11,"max_hp_gain":0,"max_hp_loss":0,"event_name":"World of Goop","floor":3,"gold_loss":0},{"damage_healed":0,"gold_gain":0,"player_choice":"Take Wound","damage_taken":0,"relics_obtained":["Golden Idol"],"max_hp_gain":0,"max_hp_loss":0,"event_name":"Golden Idol","floor":5,"gold_loss":0,"cards_obtained":["Injury"]}],"is_beta":false,"boss_relics":[],"items_purged_floors":[],"is_endless":false,"potions_floor_spawned":[4,8],"ascension_level":16}