{"gold_per_floor":[359,359,434,32,57,93,93,137,137,152,152,172,187,205,205,333,333,352,65,65,79,92,92],"floor_reached":23,"playtime":1335,"items_purged":[],"score":244,"play_id":"83d6e2bd-c2df-454b-8da0-c489b3cdf59a","local_time":"20190409152018","is_ascension_mode":true,"campfire_choices":[{"data":"Bash","floor":7,"key":"SMITH"},{"floor":15,"key":"REST"}],"neow_cost":"CURSE","seed_source_timestamp":461417550839038,"circlet_count":0,"master_deck":["Strike_R","Strike_R","Strike_R","Strike_R","Strike_R","Defend_R","Defend_R","Defend_R","Defend_R","Bash+1","Doubt","Anger","Metallicize","Rampage","Metallicize","Cleave","Clothesline+1","Whirlwind","Limit Break","Disarm","Writhe","Entrench+1"],"relics":["Burning Blood","Golden Idol","Ginger","Sundial","Paper Frog","Blue Candle","Runic Cube","Ice Cream","Toxic Egg 2"],"potions_floor_usage":[6,6,16,16,21,21],"damage_taken":[{"damage":6,"enemies":"Cultist","floor":1,"turns":4},{"damage":0,"enemies":"Small Slimes","floor":5,"turns":3},{"damage":29,"enemies":"3 Sentries","floor":6,"turns":7},{"damage":25,"enemies":"Gremlin Nob","floor":8,"turns":5},{"damage":0,"enemies":"2 Louse","floor":10,"turns":3},{"damage":23,"enemies":"Exordium Thugs","floor":12,"turns":5},{"damage":11,"enemies":"3 Louse","floor":13,"turns":2},{"damage":0,"enemies":"Looter","floor":14,"turns":4},{"damage":34,"enemies":"The Guardian","floor":16,"turns":14},{"damage":4,"enemies":"3 Byrds","floor":18,"turns":5},{"damage":21,"enemies":"Spheric Guardian","floor":21,"turns":6},{"damage":58,"enemies":"3 Cultists","floor":22,"turns":6},{"damage":13,"enemies":"Colosseum Slavers","floor":23,"turns":1}],"seed_played":"-8301257002149869017","potions_obtained":[{"floor":5,"key":"Regen Potion"},{"floor":13,"key":"Strength Potion"},{"floor":14,"key":"Strength Potion"},{"floor":16,"key":"GamblersBrew"},{"floor":18,"key":"EssenceOfSteel"},{"floor":22,"key":"SneckoOil"}],"is_trial":false,"path_per_floor":["M","?","?","$","M","E","R","E","T","M","?","M","M","M","R","B",null,"M","$","?","M","M","?"],"character_chosen":"IRONCLAD","items_purchased":["Ginger","Metallicize","Strength Potion","Ice Cream"],"campfire_rested":1,"item_purchase_floors":[4,4,4,19],"current_hp_per_floor":[80,60,49,49,55,47,47,28,28,34,34,17,12,18,42,14,80,80,80,80,65,13,0],"gold":92,"neow_bonus":"TWO_FIFTY_GOLD","is_prod":false,"is_daily":false,"chose_seed":false,"campfire_upgraded":1,"win_rate":0,"timestamp":1554819618,"path_taken":["M","?","?","$","M","E","R","E","T","M","?","M","M","?","R","BOSS","M","$","?","M","M","?"],"build_version":"2019-01-23","purchased_purges":0,"victory":false,"max_hp_per_floor":[80,80,80,80,80,80,80,80,80,80,80,80,80,80,80,80,80,80,80,80,80,80,80],"card_choices":[{"not_picked":["Power Through","Clash"],"picked":"Anger","floor":1},{"not_picked":["Power Through","Seeing Red"],"picked":"Rampage","floor":5},{"not_picked":["Carnage","Double Tap"],"picked":"Metallicize","floor":6},{"not_picked":["Clash","Rampage"],"picked":"Cleave","floor":8},{"not_picked":["Clash","Anger"],"picked":"Clothesline","floor":10},{"not_picked":["Clash","Anger"],"picked":"Whirlwind","floor":12},{"not_picked":["Iron Wave","Clothesline","Whirlwind"],"picked":"SKIP","floor":13},{"not_picked":["Iron Wave","Seeing Red","Clash"],"picked":"SKIP","floor":14},{"not_picked":["Immolate","Bludgeon"],"picked":"Limit Break","floor":16},{"not_picked":["Havoc","Cleave"],"picked":"Disarm","floor":18},{"not_picked":["Dual Wield+1","Perfected Strike","Pummel+1"],"picked":"SKIP","floor":21},{"not_picked":["Thunderclap","Heavy Blade"],"picked":"Entrench+1","floor":22}],"player_experience":975360,"relics_obtained":[{"floor":6,"key":"Sundial"},{"floor":8,"key":"Paper Frog"},{"floor":9,"key":"Blue Candle"}],"event_choices":[{"damage_healed":0,"gold_gain":0,"player_choice":"Take Damage","damage_taken":20,"relics_obtained":["Golden Idol"],"max_hp_gain":0,"max_hp_loss":0,"event_name":"Golden Idol","floor":2,"gold_loss":0},{"damage_healed":0,"gold_gain":75,"player_choice":"Gather Gold","damage_taken":11,"max_hp_gain":0,"max_hp_loss":0,"event_name":"World of Goop","floor":3,"gold_loss":0},{"damage_healed":0,"gold_gain":0,"player_choice":"Upgraded","damage_taken":0,"max_hp_gain":0,"max_hp_loss":0,"event_name":"Upgrade Shrine","floor":11,"gold_loss":0,"cards_upgraded":["Clothesline"]},{"damage_healed":0,"gold_gain":0,"player_choice":"Opened","damage_taken":0,"relics_obtained":["Toxic Egg 2"],"max_hp_gain":0,"max_hp_loss":0,"event_name":"The Mausoleum","floor":20,"gold_loss":0,"cards_obtained":["Writhe"]},{"damage_healed":0,"gold_gain":0,"player_choice":"Fight","damage_taken":0,"max_hp_gain":0,"max_hp_loss":0,"event_name":"Colosseum","floor":23,"gold_loss":0}],"is_beta":false,"boss_relics":[{"not_picked":["Empty Cage","Black Blood"],"picked":"Runic Cube"}],"items_purged_floors":[],"is_endless":false,"potions_floor_spawned":[5,13,14,16,18,22],"killed_by":"Colosseum Slavers","ascension_level":4}