{"gold_per_floor":[119,18,35,1,20,20,53,53,53,63,63,81,116,132,132,262,325,348,25,43,43,43,43,83,83,163,163,188,188,206,247,247,376,376,392,408,408,30,0,39,39,14,64,78,78,91,7,7,7,7],"floor_reached":50,"playtime":1257,"items_purged":[],"score":853,"play_id":"41d75cb7-5def-4837-8e40-2b9e18d2e375","local_time":"20181017190429","is_ascension_mode":true,"campfire_choices":[{"data":"Electrodynamics","floor":6,"key":"SMITH"},{"data":"Storm","floor":15,"key":"SMITH"},{"data":"Storm","floor":23,"key":"SMITH"},{"data":"RitualDagger","floor":27,"key":"SMITH"},{"data":"Hello World","floor":32,"key":"SMITH"},{"data":"Machine Learning","floor":41,"key":"SMITH"},{"floor":45,"key":"REST"},{"data":"Tempest","floor":49,"key":"SMITH"}],"neow_cost":"NONE","seed_source_timestamp":608115963765652,"circlet_count":0,"master_deck":["Strike_B","Strike_B","Strike_B+1","Defend_B","Defend_B","Defend_B","Defend_B","Zap","Dualcast","Electrodynamics+1","Beam Cell","Redo","Melter","Static Discharge","Chaos","Force Field","Ball Lightning","Defragment","Storm+1","Tempest+1","Conserve Battery","Machine Learning","Hello World+1","Rip and Tear","Storm+1","Electrodynamics+1","Hologram+1","RitualDagger+1","Conserve Battery+1","Barrage+1","Skim","FTL","Machine Learning+1","Static Discharge","Redo","Hello World+1","Self Repair+1","Conserve Battery","Rebound+1","Thunder Strike+1","Rip and Tear+1","Compile Driver+1"],"relics":["Cracked Core","FossilizedHelix","Ornamental Fan","Golden Idol","Pantograph","Tiny House","DollysMirror","Pen Nib","Meat on the Bone","Sundial","Empty Cage","Pear","Frozen Egg 2","Red Mask","Molten Egg 2","Lantern","Bottled Lightning"],"potions_floor_usage":[10,18,24,28,30,31,35,35,35,36,40,50,50],"damage_taken":[{"damage":1,"enemies":"Cultist","floor":1,"turns":4},{"damage":0,"enemies":"2 Louse","floor":3,"turns":1},{"damage":2,"enemies":"Jaw Worm","floor":5,"turns":3},{"damage":20,"enemies":"3 Sentries","floor":7,"turns":3},{"damage":0,"enemies":"Exordium Wildlife","floor":10,"turns":2},{"damage":15,"enemies":"2 Fungi Beasts","floor":12,"turns":3},{"damage":22,"enemies":"Gremlin Nob","floor":13,"turns":4},{"damage":0,"enemies":"Looter","floor":14,"turns":3},{"damage":0,"enemies":"Slime Boss","floor":16,"turns":4},{"damage":0,"enemies":"2 Thieves","floor":18,"turns":2},{"damage":0,"enemies":"Spheric Guardian","floor":20,"turns":3},{"damage":21,"enemies":"Slavers","floor":24,"turns":2},{"damage":16,"enemies":"Snake Plant","floor":28,"turns":2},{"damage":6,"enemies":"Cultist and Chosen","floor":30,"turns":3},{"damage":13,"enemies":"Gremlin Leader","floor":31,"turns":5},{"damage":0,"enemies":"Collector","floor":33,"turns":7},{"damage":0,"enemies":"Orb Walker","floor":35,"turns":2},{"damage":50,"enemies":"3 Darklings","floor":36,"turns":4},{"damage":17,"enemies":"2 Orb Walkers","floor":40,"turns":3},{"damage":34,"enemies":"Reptomancer","floor":44,"turns":4},{"damage":0,"enemies":"Maw","floor":46,"turns":6},{"damage":92,"enemies":"Awakened One","floor":50,"turns":4}],"seed_played":"-3245261663091811734","potions_obtained":[{"floor":1,"key":"Poison Potion"},{"floor":5,"key":"SteroidPotion"},{"floor":12,"key":"FearPotion"},{"floor":13,"key":"Energy Potion"},{"floor":14,"key":"GamblersBrew"},{"floor":16,"key":"FocusPotion"},{"floor":17,"key":"PowerPotion"},{"floor":20,"key":"Fire Potion"},{"floor":24,"key":"AttackPotion"},{"floor":29,"key":"SkillPotion"},{"floor":29,"key":"SkillPotion"},{"floor":33,"key":"EntropicBrew"},{"floor":40,"key":"Energy Potion"},{"floor":44,"key":"Block Potion"}],"is_trial":false,"path_per_floor":["M","$","M","$","M","R","E","?","T","M","?","M","E","M","R","B",null,"M","$","M","?","?","R","E","?","T","R","M","?","M","E","R","B",null,"M","M","?","$","?","E","R","$","T","M","R","M","$","T","R"],"character_chosen":"DEFECT","items_purchased":["Redo","Melter","Chaos","Storm","DollysMirror","PowerPotion","Frozen Egg 2","Hello World+1","PowerPotion","Conserve Battery","Rip and Tear+1","Compile Driver+1"],"campfire_rested":1,"item_purchase_floors":[2,2,4,19,19,19,38,38,38,42,47,47],"current_hp_per_floor":[67,67,67,67,65,65,45,63,63,63,63,48,26,26,26,51,70,70,70,70,64,64,64,43,43,43,43,39,39,45,44,44,69,71,71,33,43,43,43,38,38,38,38,16,40,62,62,62,62,0],"gold":7,"neow_bonus":"ONE_RANDOM_RARE_CARD","is_prod":false,"is_daily":false,"chose_seed":false,"campfire_upgraded":7,"win_rate":0,"timestamp":1539828269,"path_taken":["M","$","?","$","M","R","E","?","T","M","?","M","E","M","R","BOSS","M","$","?","?","?","R","E","?","T","R","M","?","?","E","R","BOSS","M","M","?","$","?","E","R","?","T","M","R","?","?","?","R","BOSS"],"build_version":"2018-10-11","purchased_purges":0,"victory":false,"max_hp_per_floor":[75,75,75,75,75,75,75,75,75,75,69,69,69,69,69,69,74,74,74,74,74,74,74,74,74,74,74,74,74,74,74,74,74,71,71,71,81,81,81,81,81,81,81,81,81,81,81,81,81,81],"card_choices":[{"not_picked":["Reprogram","Tempest"],"picked":"Beam Cell","floor":1},{"not_picked":["Recycle","Scrape"],"picked":"Static Discharge","floor":3},{"not_picked":["Reinforced Body","Sweeping Beam"],"picked":"Force Field","floor":5},{"not_picked":["Compile Driver","Aggregate"],"picked":"Ball Lightning","floor":7},{"not_picked":["Steam","Hologram"],"picked":"Defragment","floor":10},{"not_picked":["Rebound","Conserve Battery"],"picked":"Storm","floor":12},{"not_picked":["Reprogram","Stack"],"picked":"Tempest","floor":13},{"not_picked":["Redo","Coolheaded"],"picked":"Conserve Battery","floor":14},{"not_picked":["Multi-Cast","Rainbow"],"picked":"Machine Learning","floor":16},{"not_picked":["Melter","Gash"],"picked":"Hello World","floor":17},{"not_picked":["Chaos","Turbo"],"picked":"Rip and Tear","floor":18},{"not_picked":["Leap+1","Redo"],"picked":"Hologram+1","floor":20},{"not_picked":["Darkness","All For One"],"picked":"Conserve Battery+1","floor":24},{"not_picked":["Heatsinks","Cold Snap"],"picked":"Barrage+1","floor":28},{"not_picked":["Beam Cell","Compile Driver"],"picked":"Skim","floor":30},{"not_picked":["Skim","Stack"],"picked":"FTL","floor":31},{"not_picked":["All For One","Hyperbeam"],"picked":"Machine Learning","floor":33},{"not_picked":["Rebound+1","Ball Lightning"],"picked":"Static Discharge","floor":35},{"not_picked":["Stack","Blizzard"],"picked":"Redo","floor":36},{"not_picked":["Rebound+1","Leap+1"],"picked":"Self Repair+1","floor":40},{"not_picked":["Beam Cell+1","Gash+1"],"picked":"Rebound+1","floor":44},{"not_picked":["Coolheaded","Conserve Battery+1"],"picked":"Thunder Strike+1","floor":46}],"player_experience":541332,"relics_obtained":[{"floor":7,"key":"FossilizedHelix"},{"floor":9,"key":"Ornamental Fan"},{"floor":13,"key":"Pantograph"},{"floor":24,"key":"Pen Nib"},{"floor":26,"key":"Meat on the Bone"},{"floor":31,"key":"Sundial"},{"floor":40,"key":"Molten Egg 2"},{"floor":43,"key":"Lantern"},{"floor":48,"key":"Bottled Lightning"}],"event_choices":[{"event_name":"Mushrooms","player_choice":"Healed and dodged fight","floor":8,"damage_taken":0},{"event_name":"Golden Idol","player_choice":"Lose Max HP","floor":11,"damage_taken":0},{"event_name":"Nest","player_choice":"Joined the Cult","floor":21,"damage_taken":0},{"event_name":"Ghosts","player_choice":"Ignored","floor":22,"damage_taken":0},{"event_name":"Vampires","player_choice":"Ignored","floor":25,"damage_taken":0},{"event_name":"The Lab","player_choice":"Got Potions","floor":29,"damage_taken":0},{"event_name":"WeMeetAgain","player_choice":"Potion","floor":37,"damage_taken":0},{"event_name":"Tomb of Lord Red Mask","player_choice":"Paid","floor":39,"damage_taken":0}],"is_beta":false,"boss_relics":[{"not_picked":["Astrolabe","Runic Dome"],"picked":"Tiny House"},{"not_picked":["Fusion Hammer","Velvet Choker"],"picked":"Empty Cage"}],"items_purged_floors":[],"is_endless":false,"potions_floor_spawned":[1,5,12,13,14,16,20,24,33,40,44],"killed_by":"Awakened One","ascension_level":6}