{"gold_per_floor":[119,132,132,132,57,95,95,116,116,128],"floor_reached":10,"playtime":416,"items_purged":[],"score":125,"play_id":"d89ef761-e1c8-4131-8140-34b4413440dc","local_time":"20190413153755","is_ascension_mode":true,"campfire_choices":[],"neow_cost":"NONE","seed_source_timestamp":110241905043328,"circlet_count":0,"master_deck":["AscendersBane","Strike_B","Strike_B","Strike_B","Defend_B","Defend_B","Defend_B","Defend_B","Zap","Dualcast","Gash","Beam Cell","Leap","Gash"],"relics":["Cracked Core","Shuriken","Golden Idol","Cables","MawBank"],"potions_floor_usage":[10],"damage_taken":[{"damage":1,"enemies":"Cultist","floor":1,"turns":3},{"damage":7,"enemies":"Jaw Worm","floor":2,"turns":3},{"damage":36,"enemies":"Gremlin Nob","floor":6,"turns":4},{"damage":3,"enemies":"Small Slimes","floor":8,"turns":4},{"damage":15,"enemies":"3 Sentries","floor":10,"turns":2}],"seed_played":"1700915680040446134","potions_obtained":[{"floor":2,"key":"SteroidPotion"}],"is_trial":false,"path_per_floor":["M","M","?","?","?","E","?","M","T","E"],"character_chosen":"DEFECT","items_purchased":[],"campfire_rested":0,"item_purchase_floors":[],"current_hp_per_floor":[70,63,58,58,58,22,15,12,12,0],"gold":128,"neow_bonus":"TEN_PERCENT_HP_BONUS","is_prod":false,"is_daily":false,"chose_seed":false,"campfire_upgraded":0,"win_rate":0,"timestamp":1555166275,"path_taken":["M","M","?","?","?","E","?","M","T","E"],"build_version":"2019-01-23","purchased_purges":0,"victory":false,"max_hp_per_floor":[78,78,78,78,78,78,78,78,78,78],"card_choices":[{"not_picked":["Barrage","Compile Driver"],"picked":"Gash","floor":1},{"not_picked":["Reinforced Body","Turbo"],"picked":"Beam Cell","floor":2},{"not_picked":["Conserve Battery","Hyperbeam"],"picked":"Leap","floor":6},{"not_picked":["Streamline","Darkness"],"picked":"Gash","floor":8}],"player_experience":1063552,"relics_obtained":[{"floor":6,"key":"Cables"},{"floor":9,"key":"MawBank"}],"event_choices":[{"damage_healed":0,"gold_gain":0,"player_choice":"Success","damage_taken":5,"relics_obtained":["Shuriken"],"max_hp_gain":0,"max_hp_loss":0,"event_name":"Scrap Ooze","floor":3,"gold_loss":0},{"damage_healed":0,"gold_gain":0,"player_choice":"Take Wound","damage_taken":0,"relics_obtained":["Golden Idol"],"max_hp_gain":0,"max_hp_loss":0,"event_name":"Golden Idol","floor":4,"gold_loss":0,"cards_obtained":["Injury"]},{"cards_removed":["Injury"],"damage_healed":0,"gold_gain":0,"player_choice":"Card Removal","damage_taken":0,"max_hp_gain":0,"max_hp_loss":0,"event_name":"The Cleric","floor":5,"gold_loss":75},{"cards_removed":["Strike_B"],"damage_healed":0,"gold_gain":0,"player_choice":"Card Removal","damage_taken":7,"max_hp_gain":0,"max_hp_loss":0,"event_name":"Golden Wing","floor":7,"gold_loss":0}],"is_beta":false,"boss_relics":[],"items_purged_floors":[],"is_endless":false,"potions_floor_spawned":[2],"killed_by":"3 Sentries","ascension_level":18}