{"gold_per_floor":[111,130,149,24,37,37,49,66,66,66,86,98,98,168,168,265,265,275,8,28,28,28,53,69,69,96,122,140,164,164,182,182,283,333,353,367,367,467,820,820],"floor_reached":40,"playtime":5201,"items_purged":["Strike_R","Strike_R"],"score":445,"play_id":"16b9555e-b1ea-4158-9df9-9d2b6b9b5846","local_time":"20190402140407","is_ascension_mode":false,"campfire_choices":[{"data":"Bash","floor":6,"key":"SMITH"},{"floor":13,"key":"REST"},{"data":"Pommel Strike","floor":15,"key":"SMITH"},{"floor":25,"key":"REST"},{"data":"Corruption","floor":30,"key":"SMITH"},{"data":"Fire Breathing","floor":32,"key":"SMITH"}],"neow_cost":"","seed_source_timestamp":1046525729179930,"circlet_count":0,"master_deck":["Strike_R","Strike_R","Strike_R+1","Defend_R+1","Defend_R+1","Defend_R","Defend_R","Bash+1","Corruption+1","Dropkick","True Grit","True Grit","Impervious","Sever Soul","Pommel Strike+1","Dropkick+1","Iron Wave+1","Bludgeon+1","Cleave+1","Pommel Strike+1","Pommel Strike+1","Shrug It Off","Fire Breathing+1","Burning Pact","Shrug It Off+1","Fire Breathing+1","Carnage+1","Impervious","Headbutt+1","Feel No Pain+1","Warcry","Flex"],"relics":["Burning Blood","Blood Vial","Molten Egg 2","Darkstone Periapt","Velvet Choker","War Paint","Oddly Smooth Stone","Bronze Scales","Bottled Flame","Dream Catcher","Tiny House","Gambling Chip","Old Coin"],"potions_floor_usage":[18,23,33,35,40,40],"damage_taken":[{"damage":10,"enemies":"Cultist","floor":1,"turns":4},{"damage":9,"enemies":"2 Louse","floor":2,"turns":4},{"damage":6,"enemies":"Jaw Worm","floor":3,"turns":4},{"damage":9,"enemies":"Gremlin Gang","floor":5,"turns":7},{"damage":23,"enemies":"Exordium Thugs","floor":7,"turns":6},{"damage":11,"enemies":"Exordium Wildlife","floor":8,"turns":4},{"damage":1,"enemies":"2 Fungi Beasts","floor":11,"turns":4},{"damage":15,"enemies":"Looter","floor":12,"turns":4},{"damage":43,"enemies":"The Guardian","floor":16,"turns":9},{"damage":0,"enemies":"Shell Parasite","floor":18,"turns":5},{"damage":0,"enemies":"Chosen","floor":20,"turns":3},{"damage":34,"enemies":"Gremlin Leader","floor":23,"turns":6},{"damage":0,"enemies":"Snake Plant","floor":24,"turns":4},{"damage":7,"enemies":"Book of Stabbing","floor":27,"turns":4},{"damage":11,"enemies":"Centurion and Healer","floor":28,"turns":4},{"damage":0,"enemies":"3 Cultists","floor":31,"turns":4},{"damage":60,"enemies":"Champ","floor":33,"turns":9},{"damage":17,"enemies":"3 Shapes","floor":35,"turns":5},{"damage":4,"enemies":"3 Darklings","floor":36,"turns":4},{"damage":22,"enemies":"Mind Bloom Boss Battle","floor":38,"turns":6},{"damage":16,"enemies":"2 Orb Walkers","floor":39,"turns":7},{"damage":75,"enemies":"Nemesis","floor":40,"turns":6}],"seed_played":"-8187917547411096969","potions_obtained":[{"floor":1,"key":"Dexterity Potion"},{"floor":2,"key":"Block Potion"},{"floor":8,"key":"Strength Potion"},{"floor":16,"key":"SkillPotion"},{"floor":18,"key":"Regen Potion"},{"floor":24,"key":"Strength Potion"},{"floor":34,"key":"Ancient Potion"},{"floor":38,"key":"Poison Potion"}],"is_trial":false,"path_per_floor":["M","M","M","$","M","R","M","M","T","?","M","M","R","T","R","B",null,"M","$","M","?","$","E","M","R","T","E","M","T","R","M","R","B",null,"M","M","?","?","?","E"],"character_chosen":"IRONCLAD","items_purchased":["True Grit","War Paint","Pommel Strike+1"],"campfire_rested":2,"item_purchase_floors":[4,19,19],"current_hp_per_floor":[76,73,73,73,70,70,53,48,48,48,55,48,72,72,72,37,80,80,80,80,80,80,52,60,80,80,79,75,75,75,80,80,26,85,74,78,78,64,56,0],"gold":820,"neow_bonus":"","is_prod":false,"is_daily":false,"chose_seed":false,"campfire_upgraded":4,"win_rate":0.0,"timestamp":1554210247,"path_taken":["M","M","?","$","M","R","M","?","T","?","M","M","R","?","R","BOSS","M","$","?","?","$","E","M","R","T","E","M","?","R","M","R","BOSS","M","M","?","?","?","E"],"build_version":"2019-01-23","purchased_purges":2,"victory":false,"max_hp_per_floor":[80,80,80,80,80,80,80,80,80,80,80,80,80,80,80,80,80,80,80,80,80,80,80,80,80,80,80,80,80,80,80,80,80,85,85,85,85,85,85,85],"card_choices":[{"not_picked":["Clash","Headbutt"],"picked":"Corruption","floor":1},{"not_picked":["Pommel Strike","Warcry"],"picked":"Dropkick","floor":2},{"not_picked":["Power Through","Body Slam"],"picked":"True Grit","floor":3},{"not_picked":["Iron Wave","Warcry"],"picked":"Impervious","floor":5},{"not_picked":["True Grit","Twin Strike"],"picked":"Sever Soul","floor":7},{"not_picked":["Thunderclap","Cleave"],"picked":"Pommel Strike","floor":8},{"not_picked":["Twin Strike+1","Iron Wave+1"],"picked":"Dropkick+1","floor":11},{"not_picked":["Battle Trance","Armaments"],"picked":"Iron Wave+1","floor":12},{"not_picked":["Offering","Impervious"],"picked":"Bludgeon+1","floor":16},{"not_picked":["Warcry","Pommel Strike+1"],"picked":"Cleave+1","floor":18},{"not_picked":["Cleave+1","Twin Strike+1"],"picked":"Pommel Strike+1","floor":20},{"not_picked":["Corruption","Headbutt+1"],"picked":"Fire Breathing+1","floor":23},{"not_picked":["Sword Boomerang+1","Disarm+1"],"picked":"Burning Pact","floor":24},{"not_picked":["Pommel Strike+1","Rage"],"picked":"Shrug It Off+1","floor":27},{"not_picked":["Entrench","Perfected Strike+1"],"picked":"Fire Breathing","floor":28},{"not_picked":["Sever Soul+1","Anger+1"],"picked":"Carnage+1","floor":31},{"not_picked":["Brutality","Berserk"],"picked":"Impervious","floor":33},{"not_picked":["Hemokinesis+1","Twin Strike+1"],"picked":"Headbutt+1","floor":34},{"not_picked":["Perfected Strike+1","Cleave+1","Armaments"],"picked":"SKIP","floor":35},{"not_picked":["Flex+1","Thunderclap+1"],"picked":"Feel No Pain+1","floor":36},{"not_picked":["Rage","Sever Soul+1"],"picked":"Warcry","floor":38},{"not_picked":["Clothesline+1","Searing Blow+1"],"picked":"Flex","floor":39}],"player_experience":0,"relics_obtained":[{"floor":9,"key":"Blood Vial"},{"floor":14,"key":"Darkstone Periapt"},{"floor":23,"key":"Oddly Smooth Stone"},{"floor":26,"key":"Bronze Scales"},{"floor":27,"key":"Bottled Flame"},{"floor":29,"key":"Dream Catcher"},{"floor":38,"key":"Gambling Chip"},{"floor":39,"key":"Old Coin"}],"event_choices":[{"damage_healed":0,"gold_gain":0,"player_choice":"Searched \u00271\u0027 times","damage_taken":0,"relics_obtained":["Molten Egg 2"],"max_hp_gain":0,"max_hp_loss":0,"event_name":"Dead Adventurer","floor":10,"gold_loss":0},{"damage_healed":0,"gold_gain":0,"player_choice":"Read","damage_taken":0,"max_hp_gain":0,"max_hp_loss":0,"event_name":"The Library","floor":21,"gold_loss":0,"cards_obtained":["Shrug It Off"]},{"damage_healed":0,"gold_gain":0,"player_choice":"Ignored","damage_taken":0,"max_hp_gain":0,"max_hp_loss":0,"event_name":"Tomb of Lord Red Mask","floor":37,"gold_loss":0},{"damage_healed":0,"gold_gain":0,"player_choice":"Fight","damage_taken":0,"max_hp_gain":0,"max_hp_loss":0,"event_name":"MindBloom","floor":38,"gold_loss":0},{"damage_healed":0,"gold_gain":0,"player_choice":"Fight","damage_taken":0,"max_hp_gain":0,"max_hp_loss":0,"event_name":"Mysterious Sphere","floor":39,"gold_loss":0}],"is_beta":false,"boss_relics":[{"not_picked":["White Beast Statue","Runic Cube"],"picked":"Velvet Choker"},{"not_picked":["Mark of Pain","Black Blood"],"picked":"Tiny House"}],"items_purged_floors":[4,19],"is_endless":false,"potions_floor_spawned":[1,2,8,12,16,18,24,28,38,39],"killed_by":"Nemesis","ascension_level":0}