{"gold_per_floor":[15,35,46,46,62,96,96,396,443,443,460,460,490,509,509,610,610,623,623,11,31,31,66,81,81,81,93,121,162,194,306,318,428,440,468,480,506,534,556,568,73,100,125,138,138,138,17,34,34,34,34,34,34,66,66],"floor_reached":56,"playtime":11417,"items_purged":["Regret","Strike_B"],"score":1302,"play_id":"7d597eb9-8638-483c-83b2-2f958e699a2e","local_time":"20190414221638","is_ascension_mode":true,"campfire_choices":[{"floor":7.0,"key":"REST"},{"data":"Beam Cell","floor":12.0,"key":"SMITH"},{"floor":15.0,"key":"RECALL"},{"floor":27.0,"key":"REST"},{"floor":32.0,"key":"REST"},{"data":"Strike_B","floor":40.0,"key":"PURGE"},{"data":"Defend_B","floor":46,"key":"PURGE"},{"floor":49,"key":"REST"},{"data":"Defend_B","floor":52,"key":"PURGE"}],"neow_cost":"NO_GOLD","seed_source_timestamp":0,"circlet_count":0,"master_deck":["Strike_B","Defend_B","Defend_B","Zap","Dualcast","Sweeping Beam","Conserve Battery","Steam","Beam Cell+1","Go for the Eyes","BootSequence+1","Multi-Cast+1","Consume+1","Consume+1","Redo+1","Doom and Gloom","Coolheaded+1","Hologram+1","Coolheaded+1","Cold Snap","Fission+1","Redo+1","Reinforced Body+1","Echo Form","Conserve Battery+1","Hologram+1","Steam Power+1","Turbo+1","Parasite","Consume+1","Steam Power+1","Conserve Battery+1","Seek+1","Double Energy+1","Glacier+1","White Noise+1","Capacitor","Jack Of All Trades+1","Redo+1","Melter","Coolheaded+1"],"special_seed":0,"relics":["Cracked Core","Torii","Old Coin","Incense Burner","Toxic Egg 2","Inserter","Bottled Lightning","Peace Pipe","Vajra","Prayer Wheel","MawBank","Gremlin Horn","Sozu","Chemical X","Dream Catcher","Pen Nib","Mercury Hourglass"],"potions_floor_usage":[55],"damage_taken":[{"damage":2.0,"enemies":"Small Slimes","floor":1.0,"turns":4.0},{"damage":1.0,"enemies":"Jaw Worm","floor":2.0,"turns":3.0},{"damage":1.0,"enemies":"2 Louse","floor":3.0,"turns":2.0},{"damage":2.0,"enemies":"Exordium Wildlife","floor":5.0,"turns":3.0},{"damage":29.0,"enemies":"Lagavulin","floor":6.0,"turns":9.0},{"damage":3.0,"enemies":"2 Fungi Beasts","floor":11.0,"turns":3.0},{"damage":21.0,"enemies":"3 Sentries","floor":13.0,"turns":9.0},{"damage":7.0,"enemies":"Red Slaver","floor":14.0,"turns":4.0},{"damage":54.0,"enemies":"Slime Boss","floor":16.0,"turns":12.0},{"damage":1.0,"enemies":"Chosen","floor":18.0,"turns":4.0},{"damage":37.0,"enemies":"Spheric Guardian","floor":21.0,"turns":6.0},{"damage":16.0,"enemies":"Slavers","floor":23.0,"turns":6.0},{"damage":10.0,"enemies":"Cultist and Chosen","floor":24.0,"turns":4.0},{"damage":20.0,"enemies":"Centurion and Healer","floor":28.0,"turns":8.0},{"damage":33.0,"enemies":"Gremlin Leader","floor":29.0,"turns":8.0},{"damage":0.0,"enemies":"Chosen and Byrds","floor":30.0,"turns":9.0},{"damage":1.0,"enemies":"Champ","floor":33.0,"turns":12.0},{"damage":1.0,"enemies":"Orb Walker","floor":35.0,"turns":4.0},{"damage":6.0,"enemies":"3 Shapes","floor":37.0,"turns":10.0},{"damage":1.0,"enemies":"Writhing Mass","floor":38.0,"turns":6.0},{"damage":1.0,"enemies":"Maw","floor":39.0,"turns":10.0},{"damage":0,"enemies":"Reptomancer","floor":42,"turns":9},{"damage":11,"enemies":"Spire Growth","floor":44,"turns":9},{"damage":17,"enemies":"3 Darklings","floor":48,"turns":3},{"damage":15,"enemies":"Donu and Deca","floor":50,"turns":11},{"damage":10,"enemies":"Shield and Spear","floor":54,"turns":11},{"damage":44,"enemies":"The Heart","floor":55,"turns":12}],"seed_played":"-9089317757478205895","potions_obtained":[{"floor":1.0,"key":"Weak Potion"},{"floor":11.0,"key":"GamblersBrew"},{"floor":13.0,"key":"FearPotion"},{"floor":14.0,"key":"FearPotion"},{"floor":16.0,"key":"AttackPotion"},{"floor":21.0,"key":"AttackPotion"},{"floor":28.0,"key":"Strength Potion"},{"floor":30.0,"key":"SkillPotion"}],"is_trial":false,"path_per_floor":["M","M","M","?","M","E","R","T","T","?","M","R","E","M","R","B",null,"M","?","$","M","?","E","M","$","T","R","M","E","M","?","R","B",null,"M","?","M","M","M","R","$","E","T","M","?","R","$","M","R","B",null,"R","$","E","B",null],"character_chosen":"DEFECT","items_purchased":["Bottled Lightning","Peace Pipe","Chemical X","Seek+1","Double Energy+1","Capacitor","Jack Of All Trades+1"],"campfire_rested":4,"item_purchase_floors":[20,20,41,41,41,47,47],"current_hp_per_floor":[87,86,85,78,76,47,73,73,73,73,77,77,63,63,63,16,89,89,89,89,59,59,50,47,47,47,73,60,34,41,41,67,73,89,88,88,89,89,89,89,89,89,89,85,85,85,85,68,89,74,89,89,89,79,35],"gold":66,"neow_bonus":"TWENTY_PERCENT_HP_BONUS","is_prod":false,"is_daily":false,"chose_seed":false,"campfire_upgraded":1,"win_rate":0,"timestamp":1555276598,"path_taken":["M","M","M","?","M","E","R","?","T","?","?","R","E","M","R","BOSS","M","?","$","?","?","E","M","$","T","R","?","E","M","?","R","BOSS","M","?","M","M","?","R","$","E","T","M","?","R","?","M","R","BOSS","R","$","E","BOSS"],"build_version":"2019-01-23","purchased_purges":2,"victory":true,"max_hp_per_floor":[89,89,89,89,89,89,89,89,89,89,89,89,89,89,89,89,89,89,89,89,89,89,89,89,89,89,89,89,89,89,89,89,89,89,89,89,89,89,89,89,89,89,89,89,89,89,89,89,89,89,89,89,89,89,89],"card_choices":[{"not_picked":["Darkness","Steam"],"picked":"Sweeping Beam","floor":1.0},{"not_picked":["Hologram","Compile Driver"],"picked":"Conserve Battery","floor":2.0},{"not_picked":["Turbo","Storm"],"picked":"Steam","floor":3.0},{"not_picked":["Storm","Undo"],"picked":"Beam Cell","floor":5.0},{"not_picked":["Amplify","Double Energy"],"picked":"Self Repair","floor":6.0},{"not_picked":["Static Discharge","Ball Lightning"],"picked":"Heatsinks","floor":11.0},{"not_picked":["Amplify","Steam"],"picked":"Go for the Eyes","floor":13.0},{"not_picked":["Beam Cell","Defragment"],"picked":"BootSequence+1","floor":14.0},{"not_picked":["Meteor Strike","Biased Cognition"],"picked":"Multi-Cast+1","floor":16.0},{"not_picked":["Reinforced Body+1","BootSequence+1"],"picked":"Consume+1","floor":18.0},{"not_picked":["Consume+1","Go for the Eyes"],"picked":"Redo+1","floor":21.0},{"not_picked":["Machine Learning","Streamline+1"],"picked":"Doom and Gloom","floor":23.0},{"not_picked":["Stack+1","Reprogram+1"],"picked":"Coolheaded+1","floor":24.0},{"not_picked":["Steam+1","Skim+1"],"picked":"Hologram+1","floor":24.0},{"not_picked":["Blizzard","Fusion+1"],"picked":"Coolheaded+1","floor":28.0},{"not_picked":["Blizzard","Leap+1"],"picked":"Cold Snap","floor":28.0},{"not_picked":["Glacier+1","Leap+1"],"picked":"Fission+1","floor":29.0},{"not_picked":["Rebound","Streamline+1"],"picked":"Redo+1","floor":30.0},{"not_picked":["Stack+1","Skim+1"],"picked":"Reinforced Body+1","floor":30.0},{"not_picked":["Electrodynamics","Meteor Strike"],"picked":"Echo Form","floor":33.0},{"not_picked":["Leap+1","Auto Shields+1"],"picked":"Conserve Battery+1","floor":35.0},{"not_picked":["Heatsinks+1","Rebound"],"picked":"Hologram+1","floor":35.0},{"not_picked":["Gash+1","Fusion+1"],"picked":"Steam Power+1","floor":37.0},{"not_picked":["Tempest+1","Hologram+1"],"picked":"Turbo+1","floor":37.0},{"not_picked":["BootSequence+1","Turbo+1"],"picked":"Consume+1","floor":38.0},{"not_picked":["Hello World+1","Static Discharge+1","Compile Driver"],"picked":"SKIP","floor":38.0},{"not_picked":["Compile Driver+1","Beam Cell"],"picked":"Steam Power+1","floor":39.0},{"not_picked":["Go for the Eyes","Sunder"],"picked":"Conserve Battery+1","floor":39.0},{"not_picked":["Echo Form","Sweeping Beam"],"picked":"Glacier+1","floor":42},{"not_picked":["Steam+1","Redo+1"],"picked":"White Noise+1","floor":44},{"not_picked":["Force Field+1","Leap+1","Rebound"],"picked":"SKIP","floor":44},{"not_picked":["Steam+1","Stack+1"],"picked":"Redo+1","floor":48},{"not_picked":["Barrage+1","Ball Lightning+1","Scrape+1"],"picked":"SKIP","floor":48},{"not_picked":["Thunder Strike","Ball Lightning+1"],"picked":"Melter","floor":49},{"not_picked":["Stack+1","Rebound"],"picked":"Coolheaded+1","floor":54}],"player_experience":99600,"relics_obtained":[{"floor":6.0,"key":"Torii"},{"floor":8.0,"key":"Old Coin"},{"floor":13.0,"key":"Toxic Egg 2"},{"floor":23.0,"key":"Prayer Wheel"},{"floor":26.0,"key":"MawBank"},{"floor":29.0,"key":"Gremlin Horn"},{"floor":42,"key":"Dream Catcher"},{"floor":43,"key":"Pen Nib"},{"floor":54,"key":"Mercury Hourglass"}],"event_choices":[{"cards_removed":["Strike_B"],"damage_healed":0.0,"max_hp_gain":0.0,"max_hp_loss":0.0,"gold_gain":0.0,"event_name":"Golden Wing","player_choice":"Card Removal","floor":4.0,"gold_loss":0.0,"damage_taken":7.0},{"damage_healed":0.0,"max_hp_gain":0.0,"max_hp_loss":0.0,"gold_gain":0.0,"event_name":"Big Fish","player_choice":"Box","floor":10.0,"gold_loss":0.0,"damage_taken":0.0,"relics_obtained":["Incense Burner"],"cards_obtained":["Regret"]},{"damage_healed":0.0,"max_hp_gain":0.0,"max_hp_loss":0.0,"gold_gain":0.0,"event_name":"Duplicator","player_choice":"Copied","floor":19.0,"gold_loss":0.0,"damage_taken":0.0,"cards_obtained":["Consume"]},{"cards_removed":["Heatsinks"],"damage_healed":0.0,"max_hp_gain":0.0,"max_hp_loss":0.0,"gold_gain":0.0,"event_name":"WeMeetAgain","player_choice":"Gave Card","floor":22.0,"gold_loss":0.0,"damage_taken":0.0,"relics_obtained":["Vajra"]},{"damage_healed":0.0,"max_hp_gain":0.0,"max_hp_loss":0.0,"gold_gain":100.0,"event_name":"Golden Shrine","player_choice":"Pray","floor":31.0,"gold_loss":0.0,"damage_taken":0.0},{"damage_healed":0.0,"max_hp_gain":0.0,"max_hp_loss":0.0,"gold_gain":0.0,"event_name":"SecretPortal","player_choice":"Ignored","floor":36.0,"gold_loss":0.0,"damage_taken":0.0},{"cards_removed":["Self Repair"],"damage_healed":0,"gold_gain":0,"player_choice":"Removed Power","damage_taken":0,"max_hp_gain":0,"max_hp_loss":0,"event_name":"Falling","floor":45,"gold_loss":0}],"is_beta":false,"boss_relics":[{"not_picked":["White Beast Statue","FrozenCore"],"picked":"Inserter"},{"not_picked":["Coffee Dripper","Pandora\u0027s Box"],"picked":"Sozu"}],"items_purged_floors":[20,41],"is_endless":false,"potions_floor_spawned":[1,11,13,14,16,21,28,30,37,38,39],"ascension_level":1}