{"gold_per_floor":[115,127,141,29,29,29,40,70,70,70,70,102,102,10,10,87,87,105,123,123,143,156,186,186,186,186,213,213,248,248,267,267,341,341,357,368,368,384,384,384,404,416,466,466,498,573,573,585,585,585,585,585,585,11,41,41],"floor_reached":56,"playtime":6128,"items_purged":["Strike_B","Strike_B"],"score":1990,"play_id":"40c0fd4d-c223-4ec2-b616-d1af61f2ecf2","local_time":"20190403150017","is_ascension_mode":true,"campfire_choices":[{"data":"Defragment","floor":6.0,"key":"SMITH"},{"data":"Zap","floor":11.0,"key":"SMITH"},{"data":"Consume","floor":13.0,"key":"SMITH"},{"data":"Capacitor","floor":15.0,"key":"SMITH"},{"data":"Seek","floor":24.0,"key":"SMITH"},{"data":"Capacitor","floor":28.0,"key":"SMITH"},{"data":"Barrage","floor":30.0,"key":"SMITH"},{"data":"Echo Form","floor":32.0,"key":"SMITH"},{"floor":40.0,"key":"RECALL"},{"data":"1","floor":44.0,"key":"LIFT"},{"data":"2","floor":47.0,"key":"LIFT"},{"data":"3","floor":49.0,"key":"LIFT"},{"floor":53.0,"key":"REST"}],"neow_cost":"NONE","seed_source_timestamp":933783958121036,"circlet_count":0,"master_deck":["AscendersBane","Strike_B","Defend_B","Defend_B","Defend_B","Defend_B","Zap+1","Dualcast","Glacier","Cold Snap","Conserve Battery","Defragment+1","Glacier","Capacitor+1","Consume+1","Self Repair","Cold Snap","Echo Form+1","Capacitor+1","Recycle","Hologram","Coolheaded","Seek+1","Coolheaded","Barrage+1","Skim","Biased Cognition","Hologram","Madness","Madness","Doom and Gloom","Barrage+1","Stack","Fusion"],"special_seed":0,"relics":["Cracked Core","Bag of Preparation","Dream Catcher","DataDisk","Question Card","Mercury Hourglass","Nuclear Battery","Girya","Dodecahedron","Blue Candle","Omamori","Sozu","Regal Pillow","Shuriken","OrangePellets","Ornamental Fan","Oddly Smooth Stone"],"potions_floor_usage":[55],"damage_taken":[{"damage":1.0,"enemies":"Cultist","floor":1.0,"turns":4.0},{"damage":2.0,"enemies":"Jaw Worm","floor":2.0,"turns":5.0},{"damage":0.0,"enemies":"2 Louse","floor":3.0,"turns":4.0},{"damage":16.0,"enemies":"Exordium Thugs","floor":7.0,"turns":8.0},{"damage":29.0,"enemies":"Gremlin Nob","floor":8.0,"turns":7.0},{"damage":0.0,"enemies":"Lagavulin","floor":12.0,"turns":7.0},{"damage":0.0,"enemies":"Hexaghost","floor":16.0,"turns":15.0},{"damage":6.0,"enemies":"Chosen","floor":18.0,"turns":10.0},{"damage":0.0,"enemies":"3 Byrds","floor":19.0,"turns":6.0},{"damage":10.0,"enemies":"Cultist and Chosen","floor":21.0,"turns":8.0},{"damage":0.0,"enemies":"Centurion and Healer","floor":22.0,"turns":11.0},{"damage":8.0,"enemies":"Slavers","floor":23.0,"turns":10.0},{"damage":3.0,"enemies":"Book of Stabbing","floor":27.0,"turns":9.0},{"damage":15.0,"enemies":"Gremlin Leader","floor":29.0,"turns":11.0},{"damage":0.0,"enemies":"3 Cultists","floor":31.0,"turns":6.0},{"damage":19.0,"enemies":"Automaton","floor":33.0,"turns":14.0},{"damage":3.0,"enemies":"3 Darklings","floor":35.0,"turns":7.0},{"damage":0.0,"enemies":"3 Shapes","floor":36.0,"turns":5.0},{"damage":0.0,"enemies":"Jaw Worm Horde","floor":38.0,"turns":12.0},{"damage":21.0,"enemies":"3 Darklings","floor":41.0,"turns":9.0},{"damage":14.0,"enemies":"Writhing Mass","floor":42.0,"turns":12.0},{"damage":2.0,"enemies":"Giant Head","floor":45.0,"turns":15.0},{"damage":0.0,"enemies":"4 Shapes","floor":48.0,"turns":10.0},{"damage":39.0,"enemies":"Awakened One","floor":50.0,"turns":20.0},{"damage":25.0,"enemies":"Time Eater","floor":51.0,"turns":13.0},{"damage":30,"enemies":"Shield and Spear","floor":55,"turns":16},{"damage":61,"enemies":"The Heart","floor":56,"turns":3}],"seed_played":"-2866718969860706012","potions_obtained":[{"floor":2.0,"key":"Weak Potion"},{"floor":3.0,"key":"Strength Potion"},{"floor":7.0,"key":"Regen Potion"},{"floor":8.0,"key":"Energy Potion"},{"floor":19.0,"key":"Ancient Potion"},{"floor":22.0,"key":"AttackPotion"},{"floor":27.0,"key":"Block Potion"},{"floor":33.0,"key":"GamblersBrew"}],"is_trial":false,"path_per_floor":["M","M","M","$","?","R","M","E","T","T","R","E","R","$","R","B",null,"M","M","?","M","M","E","R","?","T","E","R","E","R","M","R","B",null,"M","M","?","M","?","R","M","M","T","R","E","T","R","M","R","B","B",null,"R","$","E","B"],"character_chosen":"DEFECT","items_purchased":["Defragment","Self Repair","Cold Snap","OrangePellets","Ornamental Fan"],"campfire_rested":1,"item_purchase_floors":[4,14,14,54,54],"current_hp_per_floor":[63,61,61,61,61,61,45,31,31,31,31,31,31,31,31,38,63,71,71,67,64,71,63,63,63,63,71,71,70,70,71,71,66,70,71,71,58,71,71,71,57,57,57,57,69,69,69,71,71,46,35,62,71,71,55,0],"gold":41,"neow_bonus":"RANDOM_COMMON_RELIC","is_prod":false,"is_daily":false,"chose_seed":false,"campfire_upgraded":8,"win_rate":0,"timestamp":1554325217,"path_taken":["M","M","M","?","?","R","?","E","T","?","R","E","R","$","R","BOSS","M","?","?","M","?","E","R","?","T","E","R","E","R","M","R","BOSS","M","M","?","M","?","R","M","M","T","R","E","?","R","M","R","BOSS","BOSS","R","$","E","BOSS"],"build_version":"2019-03-15","purchased_purges":2,"victory":false,"max_hp_per_floor":[71,71,71,71,71,71,71,71,71,71,71,71,71,71,71,71,71,71,71,71,71,71,71,71,71,71,71,71,71,71,71,71,71,71,71,71,71,71,71,71,71,71,71,71,71,71,71,71,71,71,71,71,71,71,71,71],"card_choices":[{"not_picked":["Streamline","Heatsinks"],"picked":"Glacier","floor":1.0},{"not_picked":["Heatsinks","Force Field"],"picked":"Cold Snap","floor":2.0},{"not_picked":["Tempest","Steam Power"],"picked":"Conserve Battery","floor":3.0},{"not_picked":["Steam","Conserve Battery"],"picked":"Glacier","floor":7.0},{"not_picked":["Double Energy","Streamline"],"picked":"Capacitor","floor":8.0},{"not_picked":["Leap","Gash","Aggregate"],"picked":"Consume","floor":12.0},{"not_picked":["Core Surge","Thunder Strike","Seek"],"picked":"Echo Form","floor":16.0},{"not_picked":["Coolheaded","Consume","Leap"],"picked":"Capacitor","floor":18.0},{"not_picked":["Rebound","Fusion","Cold Snap"],"picked":"Recycle","floor":19.0},{"not_picked":["Cold Snap","Streamline","Ball Lightning"],"picked":"Hologram","floor":21.0},{"not_picked":["Redo","Turbo","Gash+1"],"picked":"Coolheaded","floor":22.0},{"not_picked":["Conserve Battery","Gash","Scrape+1"],"picked":"Seek","floor":23.0},{"not_picked":["FTL","Gash","Ball Lightning"],"picked":"Coolheaded","floor":27.0},{"not_picked":["Conserve Battery","Skim+1","Static Discharge+1"],"picked":"Barrage","floor":29.0},{"not_picked":["Gash","Sweeping Beam","Leap"],"picked":"Skim","floor":31.0},{"not_picked":["All For One","Multi-Cast","Machine Learning"],"picked":"Biased Cognition","floor":33.0},{"not_picked":["Leap","Cold Snap","Turbo+1"],"picked":"Hologram","floor":35.0},{"not_picked":["Amplify","Hello World","Stack","Sweeping Beam+1"],"picked":"SKIP","floor":36.0},{"not_picked":["Ball Lightning","Hologram","Barrage","Auto Shields"],"picked":"SKIP","floor":38.0},{"not_picked":["Steam","Hologram","Storm","Gash"],"picked":"SKIP","floor":41.0},{"not_picked":["Conserve Battery","Steam","Streamline","Beam Cell"],"picked":"SKIP","floor":42.0},{"not_picked":["Stack","Ball Lightning","Storm"],"picked":"Doom and Gloom","floor":45.0},{"not_picked":["Beam Cell","Rip and Tear","Steam"],"picked":"Barrage+1","floor":48.0},{"not_picked":["Cold Snap","Conserve Battery","Streamline"],"picked":"Stack","floor":53.0},{"not_picked":["Thunder Strike","Cold Snap","Consume"],"picked":"Fusion","floor":55}],"player_experience":2729521,"relics_obtained":[{"floor":8.0,"key":"Dream Catcher"},{"floor":9.0,"key":"DataDisk"},{"floor":10.0,"key":"Question Card"},{"floor":12.0,"key":"Mercury Hourglass"},{"floor":23.0,"key":"Girya"},{"floor":26.0,"key":"Dodecahedron"},{"floor":27.0,"key":"Blue Candle"},{"floor":29.0,"key":"Omamori"},{"floor":45.0,"key":"Regal Pillow"},{"floor":46.0,"key":"Shuriken"},{"floor":55,"key":"Oddly Smooth Stone"}],"event_choices":[{"damage_healed":0.0,"max_hp_gain":0.0,"max_hp_loss":0.0,"gold_gain":0.0,"event_name":"Liars Game","player_choice":"Ignored","floor":5.0,"gold_loss":0.0,"damage_taken":0.0},{"damage_healed":0.0,"max_hp_gain":0.0,"max_hp_loss":0.0,"gold_gain":0.0,"event_name":"The Woman in Blue","player_choice":"Bought 0 Potions","floor":20.0,"gold_loss":0.0,"damage_taken":0.0},{"damage_healed":0.0,"max_hp_gain":0.0,"max_hp_loss":0.0,"gold_gain":0.0,"event_name":"N\u0027loth","player_choice":"Ignored","floor":25.0,"gold_loss":0.0,"damage_taken":0.0},{"damage_healed":0.0,"max_hp_gain":0.0,"max_hp_loss":0.0,"gold_gain":0.0,"event_name":"Winding Halls","player_choice":"Embrace Madness","floor":37.0,"gold_loss":0.0,"damage_taken":13.0,"cards_obtained":["Madness","Madness"]},{"cards_removed":["Strike_B"],"damage_healed":0.0,"max_hp_gain":0.0,"max_hp_loss":0.0,"gold_gain":0.0,"event_name":"Falling","player_choice":"Removed Attack","floor":39.0,"gold_loss":0.0,"damage_taken":0.0}],"is_beta":true,"boss_relics":[{"not_picked":["Lizard Tail","Black Star"],"picked":"Nuclear Battery"},{"not_picked":["Philosopher\u0027s Stone","Snecko Eye"],"picked":"Sozu"}],"items_purged_floors":[4,54],"is_endless":false,"potions_floor_spawned":[2,3,7,8,19,22,27,33,35,36,42,45,55],"killed_by":"The Heart","ascension_level":20}