{"gold_per_floor":[119,130,143,28,38,63,76,76,121,149,149,149],"floor_reached":12,"playtime":377,"items_purged":[],"score":153,"play_id":"7cbd6bfb-544a-49df-980f-6522a2514e01","local_time":"20181021043954","is_ascension_mode":true,"campfire_choices":[{"data":"Rampage","floor":8,"key":"SMITH"},{"floor":11,"key":"REST"}],"neow_cost":"NONE","seed_source_timestamp":902720427235071,"circlet_count":0,"master_deck":["Strike_R","Strike_R","Strike_R","Strike_R","Strike_R","Defend_R","Defend_R","Defend_R","Defend_R","Bash","AscendersBane","Limit Break","Pommel Strike","Anger","Battle Trance","Hemokinesis","Pommel Strike","Shrug It Off","Perfected Strike","Rampage+1","Immolate"],"relics":["Burning Blood","Oddly Smooth Stone","Happy Flower","Bottled Lightning"],"potions_floor_usage":[2,5,6],"damage_taken":[{"damage":6,"enemies":"Cultist","floor":1,"turns":4},{"damage":9,"enemies":"Jaw Worm","floor":2,"turns":4},{"damage":8,"enemies":"2 Louse","floor":3,"turns":3},{"damage":13,"enemies":"Exordium Thugs","floor":5,"turns":3},{"damage":23,"enemies":"3 Sentries","floor":6,"turns":8},{"damage":0,"enemies":"2 Fungi Beasts","floor":7,"turns":3},{"damage":43,"enemies":"Lagavulin","floor":10,"turns":5},{"damage":32,"enemies":"Gremlin Nob","floor":12,"turns":3}],"seed_played":"-8382618148468858698","potions_obtained":[{"floor":1,"key":"GamblersBrew"},{"floor":3,"key":"AttackPotion"},{"floor":5,"key":"SkillPotion"},{"floor":10,"key":"LiquidBronze"}],"is_trial":false,"path_per_floor":["M","M","M","$","M","E","M","R","T","E","R"],"character_chosen":"IRONCLAD","items_purchased":["Hemokinesis","Pommel Strike"],"campfire_rested":1,"item_purchase_floors":[4,4],"current_hp_per_floor":[68,65,63,63,56,39,45,45,45,8,30,0],"gold":149,"neow_bonus":"ONE_RANDOM_RARE_CARD","is_prod":false,"is_daily":false,"chose_seed":false,"campfire_upgraded":1,"win_rate":0,"timestamp":1540121994,"path_taken":["M","M","?","$","M","E","M","R","T","E","R","E"],"build_version":"2018-10-18","purchased_purges":0,"victory":false,"max_hp_per_floor":[75,75,75,75,75,75,75,75,75,75,75,75],"card_choices":[{"not_picked":["Wild Strike","Headbutt"],"picked":"Pommel Strike","floor":1},{"not_picked":["Intimidate","Corruption"],"picked":"Anger","floor":2},{"not_picked":["Clothesline","Sever Soul"],"picked":"Battle Trance","floor":3},{"not_picked":["Pummel","Havoc"],"picked":"Shrug It Off","floor":5},{"not_picked":["Second Wind","Combust"],"picked":"Perfected Strike","floor":6},{"not_picked":["Sever Soul","Entrench"],"picked":"Rampage","floor":7},{"not_picked":["Shrug It Off","Havoc"],"picked":"Immolate","floor":10}],"player_experience":595133,"relics_obtained":[{"floor":6,"key":"Oddly Smooth Stone"},{"floor":9,"key":"Happy Flower"},{"floor":10,"key":"Bottled Lightning"}],"event_choices":[],"is_beta":false,"boss_relics":[],"items_purged_floors":[],"is_endless":false,"potions_floor_spawned":[1,3,5,10],"killed_by":"Gremlin Nob","ascension_level":14}