{"gold_per_floor":[117,143,49,62,137,169,169,201,226,226,226,238,270,2,2,77,77,0,0,0,19,19],"floor_reached":22,"playtime":784,"items_purged":["Strike_B"],"score":396,"play_id":"6e142e90-8843-4f3c-8ab3-bd4c010e9ffc","local_time":"20190409231241","is_ascension_mode":true,"campfire_choices":[{"floor":7,"key":"REST"},{"floor":10,"key":"REST"},{"floor":15,"key":"REST"}],"neow_cost":"NONE","seed_source_timestamp":1053653554106487,"circlet_count":0,"master_deck":["AscendersBane","Strike_B","Defend_B","Defend_B","Defend_B+1","Defend_B","Zap","Dualcast","Steam+1","Go for the Eyes","Coolheaded","Blizzard","Cold Snap","Hologram","Sunder","Barrage","Capacitor","Coolheaded","Undo","Buffer","Hologram","Fusion+1"],"relics":["Cracked Core","Lantern","War Paint","Omamori","Anchor","Juzu Bracelet","Empty Cage","Necronomicon"],"potions_floor_usage":[16,18,21],"damage_taken":[{"damage":1,"enemies":"Cultist","floor":1,"turns":3},{"damage":2,"enemies":"Jaw Worm","floor":4,"turns":4},{"damage":32,"enemies":"3 Sentries","floor":6,"turns":10},{"damage":35,"enemies":"Lagavulin","floor":8,"turns":11},{"damage":0,"enemies":"2 Louse","floor":12,"turns":1},{"damage":7,"enemies":"3 Sentries","floor":13,"turns":9},{"damage":34,"enemies":"The Guardian","floor":16,"turns":18},{"damage":12,"enemies":"2 Thieves","floor":18,"turns":4},{"damage":1,"enemies":"3 Byrds","floor":21,"turns":7},{"damage":23,"enemies":"Snake Plant","floor":22,"turns":4}],"seed_played":"-2313526401126304162","potions_obtained":[{"floor":12,"key":"Fire Potion"},{"floor":16,"key":"EssenceOfSteel"}],"is_trial":false,"path_per_floor":["M","T","$","M","?","E","R","E","T","R","?","M","E","$","R","B",null,"M","?","?","M","M"],"character_chosen":"DEFECT","items_purchased":["Coolheaded","Blizzard","Coolheaded","Undo","Explosive Potion"],"campfire_rested":3,"item_purchase_floors":[3,3,14,14,14],"current_hp_per_floor":[63,63,63,61,50,18,39,4,4,25,25,25,18,18,39,5,55,43,22,22,21,0],"gold":19,"neow_bonus":"THREE_CARDS","is_prod":false,"is_daily":false,"chose_seed":false,"campfire_upgraded":0,"win_rate":0,"timestamp":1554876761,"path_taken":["M","?","$","M","?","E","R","E","T","R","?","M","E","$","R","BOSS","M","?","?","M","M"],"build_version":"2019-01-23","purchased_purges":1,"victory":false,"max_hp_per_floor":[71,71,71,71,71,71,71,71,71,71,71,71,71,71,71,71,71,71,71,71,71,71],"card_choices":[{"not_picked":["Stack","Hologram"],"picked":"Steam","floor":0},{"not_picked":["Skim","Steam"],"picked":"Go for the Eyes","floor":1},{"not_picked":["Double Energy","Skim"],"picked":"Cold Snap","floor":4},{"not_picked":["Skim","Turbo"],"picked":"Hologram","floor":6},{"not_picked":["Heatsinks","Beam Cell"],"picked":"Sunder","floor":8},{"not_picked":["Hologram","Rebound"],"picked":"Barrage","floor":12},{"not_picked":["Buffer","Turbo"],"picked":"Capacitor","floor":13},{"not_picked":["Seek","Multi-Cast"],"picked":"Buffer","floor":16},{"not_picked":["Turbo","Auto Shields"],"picked":"Hologram","floor":18},{"not_picked":["Gash+1","Redo"],"picked":"Fusion+1","floor":21}],"player_experience":1154704,"relics_obtained":[{"floor":2,"key":"Lantern"},{"floor":6,"key":"War Paint"},{"floor":8,"key":"Omamori"},{"floor":9,"key":"Anchor"},{"floor":13,"key":"Juzu Bracelet"},{"floor":19,"key":"Necronomicon"}],"event_choices":[{"damage_healed":0,"gold_gain":75,"player_choice":"Gather Gold","damage_taken":11,"max_hp_gain":0,"max_hp_loss":0,"event_name":"World of Goop","floor":5,"gold_loss":0},{"damage_healed":0,"gold_gain":0,"player_choice":"Ignored","damage_taken":0,"max_hp_gain":0,"max_hp_loss":0,"event_name":"Liars Game","floor":11,"gold_loss":0},{"damage_healed":0,"gold_gain":0,"player_choice":"Obtained Book","damage_taken":21,"max_hp_gain":0,"max_hp_loss":0,"event_name":"Cursed Tome","floor":19,"gold_loss":0},{"damage_healed":0,"gold_gain":0,"player_choice":"Smashed Altar","damage_taken":0,"max_hp_gain":0,"max_hp_loss":0,"event_name":"Forgotten Altar","floor":20,"gold_loss":0,"cards_obtained":["Decay"]}],"is_beta":false,"boss_relics":[{"not_picked":["Orrery","Black Star"],"picked":"Empty Cage"}],"items_purged_floors":[14],"is_endless":false,"potions_floor_spawned":[12,16],"killed_by":"Snake Plant","ascension_level":20}