{"gold_per_floor":[110,127,140,140,65,65,65,65,89,1,11,11,29,64,64,139,139,149,149,74,74,88,88,119,119,143,177,189,189],"floor_reached":29,"playtime":1385,"items_purged":["Scrape"],"score":622,"play_id":"0bf3033d-2812-4ebf-8ed2-2585c6f45555","local_time":"20190408143955","is_ascension_mode":true,"campfire_choices":[{"data":"Defragment","floor":6.0,"key":"SMITH"},{"data":"Zap","floor":8.0,"key":"SMITH"},{"data":"Sunder","floor":12.0,"key":"SMITH"},{"data":"Lockon","floor":15.0,"key":"SMITH"},{"floor":23.0,"key":"REST"},{"floor":25.0,"key":"REST"}],"neow_cost":"TEN_PERCENT_HP_LOSS","seed_source_timestamp":239938474929797,"circlet_count":0,"master_deck":["AscendersBane","Defend_B","Defend_B","Defend_B","Zap+1","Dualcast","Lockon+1","Reinforced Body","Defragment+1","Sunder+1","Genetic Algorithm","Conserve Battery","White Noise","Meteor Strike","Pain","Turbo","Defragment","Coolheaded+1","Go for the Eyes+1"],"special_seed":0,"relics":["Cracked Core","Ancient Tea Set","Boot","Fusion Hammer","WarpedTongs","Anchor","Pen Nib","Lantern"],"potions_floor_usage":[29],"damage_taken":[{"damage":2.0,"enemies":"Jaw Worm","floor":1.0,"turns":4.0},{"damage":4.0,"enemies":"Small Slimes","floor":2.0,"turns":4.0},{"damage":0.0,"enemies":"2 Louse","floor":3.0,"turns":3.0},{"damage":8.0,"enemies":"Blue Slaver","floor":11.0,"turns":2.0},{"damage":1.0,"enemies":"3 Louse","floor":13.0,"turns":3.0},{"damage":10.0,"enemies":"Lagavulin","floor":14.0,"turns":5.0},{"damage":0.0,"enemies":"The Guardian","floor":16.0,"turns":10.0},{"damage":1.0,"enemies":"Chosen","floor":18.0,"turns":4.0},{"damage":15.0,"enemies":"Spheric Guardian","floor":22.0,"turns":4.0},{"damage":12.0,"enemies":"Slavers","floor":24.0,"turns":2.0},{"damage":33,"enemies":"Book of Stabbing","floor":27,"turns":4},{"damage":17,"enemies":"Snecko","floor":28,"turns":4},{"damage":20,"enemies":"3 Cultists","floor":29,"turns":4}],"seed_played":"-5960112476620748125","potions_obtained":[{"floor":3.0,"key":"AttackPotion"},{"floor":11.0,"key":"PowerPotion"},{"floor":22.0,"key":"PowerPotion"},{"floor":28,"key":"SteroidPotion"}],"is_trial":false,"path_per_floor":["M","M","M","?","?","R","?","R","T","$","M","R","M","E","R","B",null,"M","?","$","?","M","R","E","R","T","E","M","M"],"character_chosen":"DEFECT","items_purchased":["Sunder"],"campfire_rested":2,"item_purchase_floors":[10],"current_hp_per_floor":[62,58,58,63,63,63,56,56,56,56,48,48,47,37,37,37,61,60,60,60,60,45,65,53,69,69,36,19,0],"gold":189,"neow_bonus":"REMOVE_TWO","is_prod":false,"is_daily":false,"chose_seed":false,"campfire_upgraded":4,"win_rate":0,"timestamp":1554755995,"path_taken":["M","M","M","?","?","R","?","R","T","?","M","R","M","E","R","BOSS","M","?","$","?","?","R","E","R","T","E","?","M"],"build_version":"2019-04-04","purchased_purges":1,"victory":false,"max_hp_per_floor":[64,64,64,69,69,69,69,69,69,69,69,69,69,69,69,69,69,69,69,69,69,69,69,69,69,69,69,69,69],"card_choices":[{"not_picked":["Stack","Go for the Eyes"],"picked":"Lockon","floor":1.0},{"not_picked":["Lockon","Fusion"],"picked":"Reinforced Body","floor":2.0},{"not_picked":["Reprogram","Compile Driver"],"picked":"Defragment","floor":3.0},{"not_picked":["Steam Power","Ball Lightning"],"picked":"Genetic Algorithm","floor":11.0},{"not_picked":["Sweeping Beam","Rip and Tear"],"picked":"Conserve Battery","floor":13.0},{"not_picked":["Stack","Streamline"],"picked":"FTL","floor":14.0},{"not_picked":["Lockon","Sweeping Beam"],"picked":"White Noise","floor":18.0},{"not_picked":["Beam Cell","Reprogram"],"picked":"Turbo","floor":22.0},{"not_picked":["Sunder","Reprogram"],"picked":"Defragment","floor":24.0},{"not_picked":["Doom and Gloom","FTL"],"picked":"Coolheaded+1","floor":27},{"not_picked":["Redo","Doom and Gloom+1"],"picked":"Go for the Eyes+1","floor":28}],"player_experience":2804027,"relics_obtained":[{"floor":9.0,"key":"Ancient Tea Set"},{"floor":14.0,"key":"Boot"},{"floor":24.0,"key":"Anchor"},{"floor":26.0,"key":"Pen Nib"},{"floor":27,"key":"Lantern"}],"event_choices":[{"damage_healed":0.0,"max_hp_gain":5.0,"max_hp_loss":0.0,"gold_gain":0.0,"event_name":"Big Fish","player_choice":"Donut","floor":4.0,"gold_loss":0.0,"damage_taken":0.0},{"cards_removed":["Strike_B"],"damage_healed":0.0,"max_hp_gain":0.0,"max_hp_loss":0.0,"gold_gain":0.0,"event_name":"The Cleric","player_choice":"Card Removal","floor":5.0,"gold_loss":75.0,"damage_taken":0.0},{"cards_removed":["Strike_B"],"damage_healed":0.0,"max_hp_gain":0.0,"max_hp_loss":0.0,"gold_gain":0.0,"event_name":"Golden Wing","player_choice":"Card Removal","floor":7.0,"gold_loss":0.0,"damage_taken":7.0},{"damage_healed":0.0,"max_hp_gain":0.0,"max_hp_loss":0.0,"gold_gain":0.0,"cards_transformed":["Defend_B","FTL"],"event_name":"Drug Dealer","player_choice":"Became Test Subject","floor":19.0,"gold_loss":0.0,"damage_taken":0.0,"cards_obtained":["Scrape","Meteor Strike"]},{"damage_healed":0.0,"max_hp_gain":0.0,"max_hp_loss":0.0,"gold_gain":0.0,"event_name":"Accursed Blacksmith","player_choice":"Rummage","floor":21.0,"gold_loss":0.0,"damage_taken":0.0,"relics_obtained":["WarpedTongs"],"cards_obtained":["Pain"]}],"is_beta":true,"boss_relics":[{"not_picked":["Busted Crown","Runic Dome"],"picked":"Fusion Hammer"}],"items_purged_floors":[20],"is_endless":false,"potions_floor_spawned":[3,11,13,22,28],"killed_by":"3 Cultists","ascension_level":20}