{"gold_per_floor":[11,11,35,54,2,2,32,70,94,115,149,17,55,73,73,73],"floor_reached":16,"playtime":1170,"items_purged":["Injury"],"score":228,"play_id":"e6ba093a-b23f-4ea1-84e4-936241979931","local_time":"20190413091008","is_ascension_mode":true,"campfire_choices":[{"data":"Zap","floor":6,"key":"SMITH"},{"floor":15,"key":"REST"}],"neow_cost":"NO_GOLD","seed_source_timestamp":86219448339458,"circlet_count":0,"master_deck":["AscendersBane","Strike_B","Strike_B","Strike_B","Strike_B","Defend_B+1","Defend_B","Defend_B","Defend_B+1","Zap+1","Dualcast","Seek","Doom and Gloom","BootSequence","Compile Driver","Cold Snap","Conserve Battery","Electrodynamics","Conserve Battery"],"relics":["Cracked Core","Golden Idol","War Paint","Strawberry","Juzu Bracelet","Calipers","Letter Opener"],"potions_floor_usage":[11,13,16],"damage_taken":[{"damage":4,"enemies":"Jaw Worm","floor":1,"turns":3},{"damage":5,"enemies":"Small Slimes","floor":3,"turns":3},{"damage":0,"enemies":"2 Louse","floor":4,"turns":3},{"damage":14,"enemies":"3 Sentries","floor":8,"turns":6},{"damage":2,"enemies":"Large Slime","floor":10,"turns":5},{"damage":36,"enemies":"Gremlin Nob","floor":11,"turns":6},{"damage":3,"enemies":"Lagavulin","floor":13,"turns":6},{"damage":1,"enemies":"Looter","floor":14,"turns":2},{"damage":30,"enemies":"Hexaghost","floor":16,"turns":10}],"seed_played":"3549014549115411901","potions_obtained":[{"floor":3,"key":"SpeedPotion"},{"floor":10,"key":"EssenceOfSteel"},{"floor":14,"key":"SmokeBomb"}],"is_trial":false,"path_per_floor":["M","?","M","M","$","R","?","E","T","M","E","$","E","M","R","B"],"character_chosen":"DEFECT","items_purchased":["Cold Snap","Dexterity Potion"],"campfire_rested":1,"item_purchase_floors":[5,12],"current_hp_per_floor":[60,60,55,55,55,55,55,48,48,46,10,10,7,6,29,0],"gold":73,"neow_bonus":"THREE_RARE_CARDS","is_prod":false,"is_daily":false,"chose_seed":false,"campfire_upgraded":1,"win_rate":0,"timestamp":1555143008,"path_taken":["M","?","M","M","$","R","?","E","T","M","E","$","E","M","R","BOSS"],"build_version":"2019-01-23","purchased_purges":1,"victory":false,"max_hp_per_floor":[71,71,71,71,71,71,71,78,78,78,78,78,78,78,78,78],"card_choices":[{"not_picked":["Reboot","Fission"],"picked":"Seek","floor":0},{"not_picked":["Steam","Gash"],"picked":"Doom and Gloom","floor":1},{"not_picked":["Hello World","Fusion"],"picked":"BootSequence","floor":3},{"not_picked":["Redo","Force Field"],"picked":"Compile Driver","floor":4},{"not_picked":["Sweeping Beam","Lockon"],"picked":"Conserve Battery","floor":8},{"not_picked":["Reprogram","Compile Driver","Conserve Battery"],"picked":"SKIP","floor":10},{"not_picked":["Conserve Battery","Blizzard","Compile Driver"],"picked":"SKIP","floor":11},{"not_picked":["White Noise","Recycle"],"picked":"Electrodynamics","floor":13},{"not_picked":["Hologram","Blizzard"],"picked":"Conserve Battery","floor":14}],"player_experience":1054427,"relics_obtained":[{"floor":8,"key":"Strawberry"},{"floor":9,"key":"Juzu Bracelet"},{"floor":11,"key":"Calipers"},{"floor":13,"key":"Letter Opener"}],"event_choices":[{"damage_healed":0,"gold_gain":0,"player_choice":"Take Wound","damage_taken":0,"relics_obtained":["Golden Idol"],"max_hp_gain":0,"max_hp_loss":0,"event_name":"Golden Idol","floor":2,"gold_loss":0,"cards_obtained":["Injury"]},{"damage_healed":0,"gold_gain":30,"player_choice":"Searched \u00272\u0027 times","damage_taken":0,"relics_obtained":["War Paint"],"max_hp_gain":0,"max_hp_loss":0,"event_name":"Dead Adventurer","floor":7,"gold_loss":0}],"is_beta":false,"boss_relics":[],"items_purged_floors":[12],"is_endless":false,"potions_floor_spawned":[3,10,14],"killed_by":"Hexaghost","ascension_level":18}