{"path_per_floor":["M","$","?","M","M","R","E","M","T","$","R","?","E","M","R","B",null,"M","M","$","?","$","R","E","$","T","R","M"],"character_chosen":"THE_SILENT","items_purchased":["Flash of Steel","Riddle With Holes","Anchor","Strength Potion"],"gold_per_floor":[110,20,20,31,43,43,74,88,88,7,7,7,40,56,56,156,186,203,218,62,62,12,12,41,41,41,41,51],"floor_reached":29,"campfire_rested":3,"playtime":822,"current_hp_per_floor":[62,62,62,62,62,62,45,33,33,33,54,54,40,33,54,38,67,43,42,42,42,42,42,13,13,13,35,23],"items_purged":[],"gold":51,"score":339,"play_id":"7db32edb-72b7-4e03-add3-30521d924625","is_prod":false,"is_daily":false,"is_ascension_mode":true,"campfire_upgraded":2,"path_taken":["M","$","?","M","M","R","E","M","T","?","R","?","E","?","R","BOSS","M","M","$","?","$","R","E","?","T","R","M","M"],"build_version":"2018-02-22-PROD2","purchased_purges":0,"victory":false,"master_deck":["Defend_G","Defend_G","Defend_G","Defend_G","Defend_G","Strike_G","Strike_G","Strike_G","Strike_G","Survivor","Neutralize","After Image","Bouncing Flask","Flash of Steel","Noxious Fumes","Noxious Fumes+1","Noxious Fumes","Deflect","Riddle With Holes","Slice","Slice+1","Envenom+1","Prepared","Calculated Gamble+1","Dodge and Roll+1","Acrobatics","Dagger Spray+1"],"max_hp_per_floor":[70,70,70,70,70,70,70,70,70,70,70,70,70,70,70,70,75,75,75,75,75,75,75,75,75,75,75,75],"relics":["Ring of the Snake","Art of War","Ancient Tea Set","Sundial","Tiny House","Anchor","Pantograph","Lantern"],"card_choices":[{"not_picked":["Sucker Punch","Prepared"],"picked":"Bouncing Flask"},{"not_picked":["Footwork","Slice"],"picked":"Noxious Fumes"},{"not_picked":["Blur","Underhanded Strike"],"picked":"Noxious Fumes"},{"not_picked":["Flying Knee","Slice"],"picked":"Noxious Fumes"},{"not_picked":["PiercingWail","Underhanded Strike"],"picked":"Deflect"},{"not_picked":["Masterful Stab","Deadly Poison"],"picked":"Slice"},{"not_picked":["Bane","Storm of Steel"],"picked":"Slice"},{"not_picked":["Burst","Night Terror"],"picked":"Envenom"},{"not_picked":["Riddle With Holes","Choke"],"picked":"Prepared"},{"not_picked":["Acrobatics","Slice"],"picked":"Calculated Gamble"},{"not_picked":["Underhanded Strike","Blur"],"picked":"Dodge and Roll"},{"not_picked":["Phantasmal Killer","Prepared"],"picked":"Acrobatics"},{"not_picked":["Heel Hook","PiercingWail"],"picked":"Dagger Spray"}],"player_experience":272300,"potions_floor_usage":[13,16,18,19,24,24,28],"damage_taken":[{"damage":1,"enemies":"Jaw Worm","floor":1,"turns":5},{"damage":0,"enemies":"2 Louse","floor":4,"turns":4},{"damage":0,"enemies":"Small Slimes","floor":5,"turns":3},{"damage":17,"enemies":"3 Sentries","floor":7,"turns":5},{"damage":12,"enemies":"Exordium Thugs","floor":8,"turns":5},{"damage":14,"enemies":"Gremlin Nob","floor":13,"turns":5},{"damage":7,"enemies":"Looter","floor":14,"turns":4},{"damage":16,"enemies":"The Guardian","floor":16,"turns":8},{"damage":24,"enemies":"Spheric Guardian","floor":18,"turns":5},{"damage":1,"enemies":"Chosen","floor":19,"turns":5},{"damage":29,"enemies":"Gremlin Leader","floor":24,"turns":6},{"damage":12,"enemies":"Centurion and Healer","floor":28,"turns":6},{"damage":35,"enemies":"Chosen and Byrds","floor":29,"turns":5}],"event_choices":[{"event_name":"The Cleric","player_choice":"Leave","floor":3,"damage_taken":0},{"event_name":"Wheel of Change","player_choice":"Card Removal","floor":12,"damage_taken":0},{"event_name":"Addict","player_choice":"Ignored","floor":21,"damage_taken":0}],"boss_relics":[{"not_picked":["White Beast Statue","Runic Dome"],"picked":"Tiny House"}],"potions_floor_spawned":[1,8,14,16,24],"seed_played":"-2992992670475109382","killed_by":"Chosen and Byrds","ascension_level":7,"is_trial":false}