{"gold_per_floor":[114,133,151,169,183,212,212,224,224,249,249,249,349,34,34,134,134,152,77,167,67,67,67,98,98,98,114,114,148,23,74,74,74],"floor_reached":33,"playtime":2113,"items_purged":["Regret","Shame","Parasite"],"score":491,"play_id":"4aa979f8-894e-4c90-8854-ceebc5a4dd27","local_time":"20190310060307","is_ascension_mode":true,"campfire_choices":[{"floor":7.0,"key":"REST"},{"floor":12.0,"key":"REST"},{"data":"Corruption","floor":15,"key":"SMITH"},{"floor":23,"key":"REST"},{"floor":25,"key":"REST"},{"data":"Rupture","floor":32,"key":"SMITH"}],"neow_cost":"NONE","seed_source_timestamp":0,"circlet_count":0,"master_deck":["AscendersBane","Strike_R","Strike_R","Strike_R","Defend_R","Defend_R","Defend_R","Defend_R+1","Bash","Brutality","Clothesline","Cleave","Feel No Pain","Corruption+1","Disarm","Intimidate+1","Feel No Pain","Rupture+1","Exhume","Parasite","Combust","Reckless Charge","Ghostly","Ghostly","Ghostly","Ghostly","Ghostly"],"special_seed":0,"relics":["Burning Blood","Bronze Scales","Juzu Bracelet","Lantern","Dead Branch","Calling Bell","Vajra","Singing Bowl","StoneCalendar","Potion Belt","War Paint","Darkstone Periapt","Centennial Puzzle"],"potions_floor_usage":[16,18,24,33],"damage_taken":[{"damage":18.0,"enemies":"Small Slimes","floor":1.0,"turns":4.0},{"damage":12.0,"enemies":"Jaw Worm","floor":2.0,"turns":4.0},{"damage":13.0,"enemies":"Cultist","floor":3.0,"turns":4.0},{"damage":0.0,"enemies":"Red Slaver","floor":4.0,"turns":1.0},{"damage":24.0,"enemies":"Exordium Wildlife","floor":5.0,"turns":6.0},{"damage":21.0,"enemies":"3 Sentries","floor":6.0,"turns":7.0},{"damage":29.0,"enemies":"Exordium Thugs","floor":8.0,"turns":6.0},{"damage":5.0,"enemies":"Lagavulin","floor":10.0,"turns":9.0},{"damage":52,"enemies":"The Guardian","floor":16,"turns":9},{"damage":9,"enemies":"3 Byrds","floor":18,"turns":3},{"damage":40,"enemies":"Gremlin Leader","floor":24,"turns":7},{"damage":16,"enemies":"Shell Parasite","floor":27,"turns":6},{"damage":16,"enemies":"Book of Stabbing","floor":29,"turns":7},{"damage":40,"enemies":"Automaton","floor":33,"turns":9}],"seed_played":"-5689001434824996026","potions_obtained":[{"floor":3.0,"key":"AttackPotion"},{"floor":4.0,"key":"Weak Potion"},{"floor":10.0,"key":"FearPotion"},{"floor":16,"key":"Weak Potion"},{"floor":18,"key":"SkillPotion"},{"floor":27,"key":"BloodPotion"}],"is_trial":false,"path_per_floor":["M","M","M","M","M","E","R","M","T","E","?","R","?","$","R","B",null,"M","$","?","$","?","R","E","R","T","M","?","E","$","T","R","B"],"character_chosen":"IRONCLAD","items_purchased":["Dead Branch"],"campfire_rested":4,"item_purchase_floors":[14],"current_hp_per_floor":[60,54,47,53,35,20,44,21,21,22,42,66,66,66,66,20,65,64,64,48,48,48,72,40,65,65,57,43,35,35,35,35,0],"gold":74,"neow_bonus":"ONE_RANDOM_RARE_CARD","is_prod":false,"is_daily":false,"chose_seed":false,"campfire_upgraded":2,"win_rate":0,"timestamp":1552212187,"path_taken":["M","M","M","M","M","E","R","M","T","E","?","R","?","$","R","BOSS","M","$","?","$","?","R","E","R","T","M","?","E","$","?","R","BOSS"],"build_version":"2019-01-23","purchased_purges":3,"victory":false,"max_hp_per_floor":[80,80,80,80,80,80,80,80,80,80,80,80,80,80,80,80,80,82,82,82,82,82,82,84,84,84,86,43,45,42,42,42,42],"card_choices":[{"not_picked":["Iron Wave","Infernal Blade"],"picked":"Clothesline","floor":1.0},{"not_picked":["Body Slam","Warcry"],"picked":"Cleave","floor":2.0},{"not_picked":["Fire Breathing","Heavy Blade"],"picked":"Feel No Pain","floor":3.0},{"not_picked":["Double Tap","Dropkick"],"picked":"Corruption","floor":4.0},{"not_picked":["Headbutt","Clash"],"picked":"Disarm","floor":5.0},{"not_picked":["True Grit","Flex"],"picked":"Intimidate","floor":6.0},{"not_picked":["Anger","Havoc"],"picked":"Feel No Pain","floor":8.0},{"not_picked":["Berserk","Disarm"],"picked":"Rupture","floor":10.0},{"not_picked":["Reaper","Limit Break"],"picked":"Exhume","floor":16},{"not_picked":["Twin Strike","Uppercut","Heavy Blade"],"picked":"Singing Bowl","floor":18},{"not_picked":["Burning Pact","Clothesline","Hemokinesis"],"picked":"Singing Bowl","floor":24},{"not_picked":["Power Through","Blood for Blood","Inflame"],"picked":"Singing Bowl","floor":27},{"not_picked":["Thunderclap","Cleave","Dual Wield"],"picked":"Singing Bowl","floor":29}],"player_experience":276839,"relics_obtained":[{"floor":6.0,"key":"Bronze Scales"},{"floor":9.0,"key":"Juzu Bracelet"},{"floor":10.0,"key":"Lantern"},{"floor":17,"key":"Vajra"},{"floor":17,"key":"Singing Bowl"},{"floor":17,"key":"StoneCalendar"},{"floor":24,"key":"Potion Belt"},{"floor":26,"key":"War Paint"},{"floor":29,"key":"Darkstone Periapt"},{"floor":31,"key":"Centennial Puzzle"}],"event_choices":[{"damage_healed":20.0,"max_hp_gain":0.0,"max_hp_loss":0.0,"gold_gain":0.0,"event_name":"Mushrooms","player_choice":"Healed and dodged fight","floor":11.0,"gold_loss":0.0,"damage_taken":0.0,"cards_obtained":["Parasite"]},{"damage_healed":0.0,"max_hp_gain":0.0,"max_hp_loss":0.0,"gold_gain":100.0,"event_name":"Golden Shrine","player_choice":"Pray","floor":13.0,"gold_loss":0.0,"damage_taken":0.0},{"damage_healed":0,"gold_gain":90,"player_choice":"GOLD ","damage_taken":16,"max_hp_gain":0,"max_hp_loss":0,"event_name":"Knowing Skull","floor":20,"potions_obtained":[],"gold_loss":0,"cards_obtained":[]},{"damage_healed":0,"gold_gain":0,"cards_transformed":["Strike_R","Strike_R"],"player_choice":"Became Test Subject","damage_taken":0,"max_hp_gain":0,"max_hp_loss":0,"event_name":"Drug Dealer","floor":22,"gold_loss":0,"cards_obtained":["Combust","Reckless Charge"]},{"damage_healed":0,"gold_gain":0,"player_choice":"Became a Ghost","damage_taken":0,"max_hp_gain":0,"max_hp_loss":43,"event_name":"Ghosts","floor":28,"gold_loss":0,"cards_obtained":["Ghostly","Ghostly","Ghostly","Ghostly","Ghostly"]}],"is_beta":false,"boss_relics":[{"not_picked":["Runic Dome","Runic Pyramid"],"picked":"Calling Bell"}],"items_purged_floors":[19,21,30],"is_endless":false,"potions_floor_spawned":[3,4,10,16,18,27],"killed_by":"Automaton","ascension_level":12}