{"gold_per_floor":[119,119,119,66,66,92,92,127,181,181,181,121,136,61,61,132,132,150,2,19,29,46,46],"floor_reached":23,"playtime":1518,"items_purged":["Strike_G","Strike_G"],"score":482,"play_id":"685834e4-0d07-4531-929f-27551e375805","local_time":"20190412105354","is_ascension_mode":true,"campfire_choices":[{"floor":7.0,"key":"REST"},{"data":"Noxious Fumes","floor":11.0,"key":"SMITH"},{"data":"Dagger Throw","floor":15.0,"key":"SMITH"}],"neow_cost":"NONE","seed_source_timestamp":0,"circlet_count":0,"master_deck":["AscendersBane","Defend_G+1","Defend_G","Defend_G","Defend_G","Strike_G","Strike_G+1","Survivor","Neutralize","Backstab","Noxious Fumes+1","Dagger Throw+1","A Thousand Cuts","Well Laid Plans","Footwork","Flying Knee","PiercingWail"],"special_seed":0,"relics":["Ring of the Snake","NeowsBlessing","Bag of Marbles","The Courier","Pen Nib","Strawberry","Velvet Choker"],"potions_floor_usage":[20,21,22],"damage_taken":[{"damage":0.0,"enemies":"Jaw Worm","floor":1.0,"turns":1.0},{"damage":0.0,"enemies":"3 Sentries","floor":6.0,"turns":1.0},{"damage":0.0,"enemies":"Lagavulin","floor":8.0,"turns":1.0},{"damage":0.0,"enemies":"2 Louse","floor":13.0,"turns":2.0},{"damage":11,"enemies":"The Guardian","floor":16,"turns":10},{"damage":14,"enemies":"Spheric Guardian","floor":18,"turns":5},{"damage":19,"enemies":"Shell Parasite","floor":20,"turns":5},{"damage":13,"enemies":"Snake Plant","floor":21,"turns":6},{"damage":22,"enemies":"Chosen and Byrds","floor":22,"turns":7},{"damage":10,"enemies":"Slavers","floor":23,"turns":1}],"seed_played":"830071315130462952","potions_obtained":[{"floor":1.0,"key":"Ancient Potion"},{"floor":6.0,"key":"Energy Potion"},{"floor":16,"key":"GhostInAJar"},{"floor":18,"key":"AttackPotion"},{"floor":20,"key":"EssenceOfSteel"},{"floor":21,"key":"FairyPotion"}],"is_trial":false,"path_per_floor":["M","?","?","$","?","E","R","E","T","?","R","$","M","?","R","B",null,"M","$","M","M","M","E"],"character_chosen":"THE_SILENT","items_purchased":["Explosive Potion","Footwork"],"campfire_rested":1,"item_purchase_floors":[4,19],"current_hp_per_floor":[59,39,34,34,34,34,53,53,60,53,53,53,53,53,53,42,65,51,51,32,19,6,0],"gold":46,"neow_bonus":"THREE_ENEMY_KILL","is_prod":false,"is_daily":false,"chose_seed":false,"campfire_upgraded":2,"win_rate":0,"timestamp":1555062834,"path_taken":["M","?","?","$","?","E","R","E","T","?","R","$","M","?","R","BOSS","M","$","M","M","M","E"],"build_version":"2019-01-23","purchased_purges":2,"victory":false,"max_hp_per_floor":[66,66,66,66,66,66,66,66,73,73,73,73,73,73,73,73,73,73,73,73,73,73,73],"card_choices":[{"not_picked":["Concentrate","Choke"],"picked":"Backstab","floor":1.0},{"not_picked":["Prepared","Bane","Distraction"],"picked":"SKIP","floor":6.0},{"not_picked":["Concentrate","Blade Dance"],"picked":"Noxious Fumes","floor":8.0},{"not_picked":["Underhanded Strike","Quick Slash"],"picked":"Dagger Throw","floor":13.0},{"not_picked":["Venomology","Grand Finale"],"picked":"A Thousand Cuts","floor":16},{"not_picked":["Prepared","Poisoned Stab"],"picked":"Well Laid Plans","floor":18},{"not_picked":["Prepared","Deflect","Acrobatics"],"picked":"SKIP","floor":20},{"not_picked":["Distraction","Outmaneuver+1"],"picked":"Flying Knee","floor":21},{"not_picked":["Tactician","Storm of Steel"],"picked":"PiercingWail","floor":22}],"player_experience":1024807,"relics_obtained":[{"floor":6.0,"key":"The Courier"},{"floor":8.0,"key":"Pen Nib"},{"floor":9.0,"key":"Strawberry"}],"event_choices":[{"damage_healed":0.0,"max_hp_gain":0.0,"max_hp_loss":0.0,"gold_gain":0.0,"event_name":"Shining Light","player_choice":"Entered Light","floor":2.0,"gold_loss":0.0,"damage_taken":20.0,"cards_upgraded":["Defend_G","Strike_G"]},{"damage_healed":0.0,"max_hp_gain":0.0,"max_hp_loss":0.0,"gold_gain":0.0,"event_name":"Scrap Ooze","player_choice":"Success","floor":3.0,"gold_loss":0.0,"damage_taken":5.0,"relics_obtained":["Bag of Marbles"]},{"damage_healed":0.0,"max_hp_gain":0.0,"max_hp_loss":0.0,"gold_gain":0.0,"event_name":"Liars Game","player_choice":"Ignored","floor":5.0,"gold_loss":0.0,"damage_taken":0.0},{"cards_removed":["Strike_G"],"damage_healed":0.0,"max_hp_gain":0.0,"max_hp_loss":0.0,"gold_gain":0.0,"event_name":"Golden Wing","player_choice":"Card Removal","floor":10.0,"gold_loss":0.0,"damage_taken":7.0},{"cards_removed":["Defend_G"],"damage_healed":0.0,"max_hp_gain":0.0,"max_hp_loss":0.0,"gold_gain":0.0,"event_name":"The Cleric","player_choice":"Card Removal","floor":14.0,"gold_loss":75.0,"damage_taken":0.0}],"is_beta":false,"boss_relics":[{"not_picked":["Runic Dome","Empty Cage"],"picked":"Velvet Choker"}],"items_purged_floors":[12,19],"is_endless":false,"potions_floor_spawned":[1,6,16,18,20,21],"killed_by":"Slavers","ascension_level":19}