{"gold_per_floor":[119,119,44,54,68,68,100,110,163,163,188,57,86,86,86,164,164,179,192,192,12,22,22,42,68,137,0,0,0],"floor_reached":29,"playtime":1841,"items_purged":["Strike_B","Defend_B"],"score":483,"play_id":"f14a29f0-9d5e-4b37-ba16-9137f67e084e","local_time":"20190411150656","is_ascension_mode":true,"campfire_choices":[{"data":"Go for the Eyes","floor":6,"key":"SMITH"},{"floor":10,"key":"REST"},{"floor":15,"key":"REST"},{"floor":23,"key":"REST"}],"neow_cost":"TEN_PERCENT_HP_LOSS","seed_source_timestamp":107328990898217,"circlet_count":0,"master_deck":["AscendersBane","Defend_B","Defend_B","Defend_B","Zap","Dualcast","Loop+1","Cold Snap","Go for the Eyes+1","Rebound","Leap","Conserve Battery","Loop","Ball Lightning","Self Repair","Tempest","Doom and Gloom","Coolheaded+1","Clumsy"],"relics":["Cracked Core","WingedGreaves","Matryoshka","Dodecahedron","Happy Flower","Unceasing Top","Vajra","Singing Bowl","Cursed Key","Boot","Art of War","Toxic Egg 2"],"potions_floor_usage":[7,11,19,19,22,24,25],"damage_taken":[{"damage":1,"enemies":"Cultist","floor":1,"turns":3},{"damage":0,"enemies":"2 Louse","floor":4,"turns":4},{"damage":7,"enemies":"Jaw Worm","floor":5,"turns":3},{"damage":18,"enemies":"Gremlin Nob","floor":7,"turns":5},{"damage":8,"enemies":"Large Slime","floor":8,"turns":5},{"damage":13,"enemies":"Lagavulin","floor":11,"turns":6},{"damage":23,"enemies":"3 Sentries","floor":13,"turns":5},{"damage":2,"enemies":"The Guardian","floor":16,"turns":13},{"damage":29,"enemies":"3 Byrds","floor":18,"turns":6},{"damage":10,"enemies":"Chosen","floor":19,"turns":4},{"damage":11,"enemies":"Shelled Parasite and Fungi","floor":22,"turns":4},{"damage":11,"enemies":"Snecko","floor":24,"turns":4},{"damage":30,"enemies":"Gremlin Leader","floor":25,"turns":4},{"damage":6,"enemies":"Centurion and Healer","floor":29,"turns":1}],"seed_played":"9194637084876647785","potions_obtained":[{"floor":5,"key":"Block Potion"},{"floor":8,"key":"Fruit Juice"},{"floor":13,"key":"FearPotion"},{"floor":18,"key":"Swift Potion"},{"floor":22,"key":"GamblersBrew"},{"floor":24,"key":"PowerPotion"}],"is_trial":false,"path_per_floor":["M","?","?","M","M","R","E","M","T","R","E","$","E","?","R","B",null,"M","M","?","$","M","R","M","E","T","?","$","M"],"character_chosen":"DEFECT","items_purchased":["Conserve Battery","FocusPotion"],"campfire_rested":3,"item_purchase_floors":[12,21],"current_hp_per_floor":[63,63,63,63,56,56,38,30,30,49,41,41,18,13,33,33,62,33,25,25,25,14,35,33,3,3,3,3,0],"gold":0,"neow_bonus":"ONE_RARE_RELIC","is_prod":false,"is_daily":false,"chose_seed":false,"campfire_upgraded":1,"win_rate":0,"timestamp":1554991616,"path_taken":["M","?","?","M","M","R","E","?","T","R","E","$","E","?","R","BOSS","M","M","?","$","M","R","M","E","T","?","$","M"],"build_version":"2019-01-23","purchased_purges":2,"victory":false,"max_hp_per_floor":[64,64,64,64,64,64,64,64,64,64,69,69,69,69,69,71,71,71,73,73,73,73,73,75,75,75,75,75,75],"card_choices":[{"not_picked":["Hologram","Static Discharge"],"picked":"Loop","floor":1},{"not_picked":["Coolheaded","Compile Driver"],"picked":"Cold Snap","floor":4},{"not_picked":["Steam Power","Gash"],"picked":"Go for the Eyes","floor":5},{"not_picked":["Gash","Barrage","Chaos"],"picked":"SKIP","floor":7},{"not_picked":["Lockon","Blizzard"],"picked":"Rebound","floor":8},{"not_picked":["Storm","Barrage"],"picked":"Leap","floor":11},{"not_picked":["Streamline","Sweeping Beam"],"picked":"Loop","floor":13},{"not_picked":["Fission","Hyperbeam","Reboot"],"picked":"Singing Bowl","floor":16},{"not_picked":["Barrage","Skim"],"picked":"Ball Lightning","floor":18},{"not_picked":["Gash","Aggregate","Barrage"],"picked":"Singing Bowl","floor":19},{"not_picked":["Barrage","Beam Cell"],"picked":"Doom and Gloom","floor":22},{"not_picked":["Turbo","Reprogram","Leap"],"picked":"Singing Bowl","floor":24},{"not_picked":["Go for the Eyes","Storm"],"picked":"Coolheaded+1","floor":25}],"player_experience":1014603,"relics_obtained":[{"floor":7,"key":"Matryoshka"},{"floor":9,"key":"Dodecahedron"},{"floor":9,"key":"Happy Flower"},{"floor":11,"key":"Unceasing Top"},{"floor":13,"key":"Vajra"},{"floor":25,"key":"Boot"},{"floor":26,"key":"Art of War"},{"floor":26,"key":"Toxic Egg 2"}],"event_choices":[{"damage_healed":0,"gold_gain":0,"player_choice":"Grow","damage_taken":0,"max_hp_gain":0,"max_hp_loss":0,"event_name":"Living Wall","floor":2,"gold_loss":0,"cards_upgraded":["Loop"]},{"cards_removed":["Strike_B"],"damage_healed":0,"gold_gain":0,"player_choice":"Card Removal","damage_taken":0,"max_hp_gain":0,"max_hp_loss":0,"event_name":"The Cleric","floor":3,"gold_loss":75},{"damage_healed":0,"gold_gain":0,"player_choice":"Success","damage_taken":5,"relics_obtained":["Singing Bowl"],"max_hp_gain":0,"max_hp_loss":0,"event_name":"Scrap Ooze","floor":14,"gold_loss":0},{"damage_healed":0,"gold_gain":0,"cards_transformed":["Strike_B","Strike_B"],"player_choice":"Became Test Subject","damage_taken":0,"max_hp_gain":0,"max_hp_loss":0,"event_name":"Drug Dealer","floor":20,"gold_loss":0,"cards_obtained":["Self Repair","Tempest"]},{"damage_healed":0,"gold_gain":0,"player_choice":"Paid Fearfully","damage_taken":0,"max_hp_gain":0,"max_hp_loss":0,"event_name":"Masked Bandits","floor":27,"gold_loss":137}],"is_beta":false,"boss_relics":[{"not_picked":["Runic Dome","Lizard Tail"],"picked":"Cursed Key"}],"items_purged_floors":[12,21],"is_endless":false,"potions_floor_spawned":[5,8,13,18,22,24],"killed_by":"Centurion and Healer","ascension_level":17}