{"gold_per_floor":[114,128,128,128,139,139,164,15,15,15,44,63,63,76,76,180,180,196,196,221,240,2,2,32,42,42,42,57,57,57,73,73,170,170,182,198,24,44,44,62,80,80],"floor_reached":42,"playtime":2692,"items_purged":["Strike_R","Strike_R","Shame"],"score":688,"play_id":"44034c01-b054-454c-bdff-554a9a77c774","local_time":"20190309224259","is_ascension_mode":true,"campfire_choices":[{"data":"Clothesline","floor":6,"key":"SMITH"},{"data":"Rampage","floor":10,"key":"SMITH"},{"data":"Whirlwind","floor":13,"key":"SMITH"},{"data":"Shockwave","floor":15,"key":"SMITH"},{"floor":23,"key":"REST"},{"floor":27,"key":"REST"},{"data":"Demon Form","floor":30,"key":"SMITH"},{"floor":32,"key":"REST"}],"neow_cost":"NONE","seed_source_timestamp":461697602797033,"circlet_count":0,"master_deck":["AscendersBane","Defend_R","Defend_R","Defend_R","Defend_R","Bash+1","Clothesline+1","Shrug It Off","Ghostly Armor","Whirlwind+1","Shockwave+1","Rampage+1","Iron Wave","Demon Form+1","Havoc+1","Disarm","Heavy Blade","Iron Wave+1","Pummel","Necronomicurse","True Grit+1","Fiend Fire","Whirlwind+1","Feed+1","Sword Boomerang","Sentinel","Flame Barrier","Parasite"],"relics":["Burning Blood","Strawberry","The Courier","Kunai","Gambling Chip","Cursed Key","Orichalcum","Red Mask","Blood Vial","Champion Belt","Dream Catcher","Necronomicon","Astrolabe"],"potions_floor_usage":[7,11,14,20,33,33,40,42],"damage_taken":[{"damage":0,"enemies":"Small Slimes","floor":1,"turns":3},{"damage":2,"enemies":"2 Louse","floor":2,"turns":4},{"damage":10,"enemies":"Cultist","floor":5,"turns":4},{"damage":33,"enemies":"3 Sentries","floor":7,"turns":14},{"damage":13,"enemies":"Lagavulin","floor":11,"turns":8},{"damage":18,"enemies":"Large Slime","floor":12,"turns":5},{"damage":0,"enemies":"2 Fungi Beasts","floor":14,"turns":1},{"damage":36,"enemies":"Slime Boss","floor":16,"turns":13},{"damage":14,"enemies":"Chosen","floor":18,"turns":5},{"damage":45,"enemies":"Masked Bandits","floor":20,"turns":4},{"damage":1,"enemies":"Shell Parasite","floor":21,"turns":4},{"damage":16,"enemies":"Book of Stabbing","floor":24,"turns":5},{"damage":19,"enemies":"Centurion and Healer","floor":25,"turns":5},{"damage":11,"enemies":"Cultist and Chosen","floor":28,"turns":5},{"damage":20,"enemies":"Snake Plant","floor":31,"turns":5},{"damage":13,"enemies":"Champ","floor":33,"turns":8},{"damage":30,"enemies":"3 Darklings","floor":35,"turns":4},{"damage":1,"enemies":"Orb Walker","floor":36,"turns":4},{"damage":47,"enemies":"Sphere and 2 Shapes","floor":38,"turns":1},{"damage":0,"enemies":"3 Darklings","floor":40,"turns":1},{"damage":29,"enemies":"Spire Growth","floor":41,"turns":4},{"damage":17,"enemies":"Writhing Mass","floor":42,"turns":3}],"seed_played":"7804334374341084220","potions_obtained":[{"floor":1,"key":"SkillPotion"},{"floor":2,"key":"Regen Potion"},{"floor":12,"key":"Energy Potion"},{"floor":16,"key":"SteroidPotion"},{"floor":24,"key":"Fire Potion"},{"floor":25,"key":"PowerPotion"},{"floor":33,"key":"Strength Potion"},{"floor":38,"key":"Regen Potion"}],"is_trial":false,"path_per_floor":["M","M","?","?","M","R","E","$","T","R","E","M","R","M","R","B",null,"M","?","?","M","$","R","E","M","T","R","M","?","R","M","R","B",null,"M","M","$","M","?","M","M","M"],"character_chosen":"IRONCLAD","items_purchased":["Shockwave","Rampage","Blood Vial","Block Potion","Sword Boomerang","Sentinel"],"campfire_rested":3,"item_purchase_floors":[8,8,22,22,37,37],"current_hp_per_floor":[85,87,87,87,83,83,56,56,56,56,64,52,52,58,58,28,72,64,64,25,30,30,56,48,37,37,63,60,44,44,32,58,53,79,57,64,64,25,25,33,12,0],"gold":80,"neow_bonus":"RANDOM_COMMON_RELIC","is_prod":false,"is_daily":false,"chose_seed":false,"campfire_upgraded":5,"win_rate":0,"timestamp":1552189379,"path_taken":["M","M","?","?","M","R","E","$","T","R","E","M","R","M","R","BOSS","M","?","?","M","$","R","E","M","T","R","M","?","R","M","R","BOSS","M","M","$","M","?","M","M","M"],"build_version":"2019-01-23","purchased_purges":3,"victory":false,"max_hp_per_floor":[87,87,87,87,87,87,87,87,87,87,87,87,87,87,87,87,87,87,87,87,87,87,87,87,87,87,87,87,87,87,87,87,87,87,87,87,87,87,87,87,87,87],"card_choices":[{"not_picked":["Rage","Headbutt"],"picked":"Clothesline","floor":1},{"not_picked":["Sentinel","Body Slam"],"picked":"Shrug It Off","floor":2},{"not_picked":["Perfected Strike","Berserk"],"picked":"Ghostly Armor","floor":5},{"not_picked":["Shockwave","Perfected Strike"],"picked":"Whirlwind","floor":7},{"not_picked":["Perfected Strike","Blood for Blood"],"picked":"Iron Wave","floor":11},{"not_picked":["Seeing Red","Carnage","Anger"],"picked":"SKIP","floor":12},{"not_picked":["Havoc","Warcry","Shrug It Off"],"picked":"SKIP","floor":14},{"not_picked":["Bludgeon","Dark Embrace"],"picked":"Demon Form","floor":16},{"not_picked":["Warcry","Cleave"],"picked":"Havoc+1","floor":18},{"not_picked":["Shrug It Off","Second Wind+1"],"picked":"Disarm","floor":20},{"not_picked":["Pummel","Wild Strike"],"picked":"Heavy Blade","floor":21},{"not_picked":["Ghostly Armor","Headbutt"],"picked":"Iron Wave+1","floor":24},{"not_picked":["Dual Wield","True Grit","Shockwave"],"picked":"SKIP","floor":25},{"not_picked":["Power Through","Warcry"],"picked":"Pummel","floor":27},{"not_picked":["Flex","Iron Wave","Sentinel"],"picked":"SKIP","floor":28},{"not_picked":["Pommel Strike","Brutality"],"picked":"Pummel","floor":31},{"not_picked":["Dual Wield","Body Slam"],"picked":"True Grit+1","floor":32},{"not_picked":["Berserk","Offering"],"picked":"Fiend Fire","floor":33},{"not_picked":["Bloodletting","Anger","Clash"],"picked":"SKIP","floor":35},{"not_picked":["Blood for Blood+1","Clothesline","True Grit"],"picked":"SKIP","floor":36},{"not_picked":["Flex","Perfected Strike+1","Body Slam"],"picked":"SKIP","floor":38},{"not_picked":["Iron Wave","Clothesline","Corruption"],"picked":"SKIP","floor":40},{"not_picked":["Cleave","Combust"],"picked":"Flame Barrier","floor":41}],"player_experience":268320,"relics_obtained":[{"floor":7,"key":"The Courier"},{"floor":9,"key":"Kunai"},{"floor":11,"key":"Gambling Chip"},{"floor":20,"key":"Red Mask"},{"floor":24,"key":"Champion Belt"},{"floor":26,"key":"Dream Catcher"},{"floor":29,"key":"Necronomicon"}],"event_choices":[{"damage_healed":0,"gold_gain":0,"player_choice":"Grow","damage_taken":0,"max_hp_gain":0,"max_hp_loss":0,"event_name":"Living Wall","floor":3,"gold_loss":0,"cards_upgraded":["Bash"]},{"cards_removed":["Strike_R"],"damage_healed":0,"gold_gain":0,"player_choice":"Offered Basic","damage_taken":0,"max_hp_gain":0,"max_hp_loss":0,"event_name":"Bonfire Elementals","floor":4,"gold_loss":0},{"damage_healed":0,"gold_gain":0,"player_choice":"Opened","damage_taken":0,"relics_obtained":["Orichalcum"],"max_hp_gain":0,"max_hp_loss":0,"event_name":"The Mausoleum","floor":19,"gold_loss":0},{"damage_healed":0,"gold_gain":0,"player_choice":"Fought Bandits","damage_taken":0,"max_hp_gain":0,"max_hp_loss":0,"event_name":"Masked Bandits","floor":20,"gold_loss":0},{"damage_healed":0,"gold_gain":0,"player_choice":"Obtained Book","damage_taken":16,"max_hp_gain":0,"max_hp_loss":0,"event_name":"Cursed Tome","floor":29,"gold_loss":0},{"cards_removed":["Pummel"],"damage_healed":0,"gold_gain":0,"player_choice":"Removed Attack","damage_taken":0,"max_hp_gain":0,"max_hp_loss":0,"event_name":"Falling","floor":39,"gold_loss":0}],"is_beta":false,"boss_relics":[{"not_picked":["Pandora\u0027s Box","Philosopher\u0027s Stone"],"picked":"Cursed Key"},{"not_picked":["Coffee Dripper","Runic Cube"],"picked":"Astrolabe"}],"items_purged_floors":[8,22,37],"is_endless":false,"potions_floor_spawned":[1,2,12,16,24,25,33,38],"killed_by":"Writhing Mass","ascension_level":12}