{"gold_per_floor":[111,36,1,21,34,66,66,66,66,97,116,182,232,252,252,328,328,340,39,59,122,172,172,203,203,203,272,237,254,229,242,242,317,317,327,477,527,577,591,591,611,611],"floor_reached":42,"playtime":2073,"items_purged":["Strike_G"],"score":913,"play_id":"e3867995-b167-4dee-a678-9b51bc87f3cf","local_time":"20190206094053","is_ascension_mode":true,"campfire_choices":[{"data":"Catalyst","floor":7.0,"key":"SMITH"},{"floor":15.0,"key":"REST"},{"data":"Footwork","floor":23.0,"key":"SMITH"},{"data":"Noxious Fumes","floor":25.0,"key":"SMITH"},{"floor":32,"key":"REST"},{"floor":40,"key":"REST"}],"neow_cost":"NONE","seed_source_timestamp":0,"circlet_count":0,"master_deck":["AscendersBane","Defend_G","Defend_G","Defend_G","Defend_G","Strike_G+1","Strike_G","Strike_G","Survivor","Neutralize","Blade Dance","Noxious Fumes+1","Flying Knee","Backstab+1","Catalyst+1","Poisoned Stab","Cloak And Dagger","PiercingWail","Footwork+1","Burst","Acrobatics","Noxious Fumes+1","Dagger Spray","PiercingWail","Malaise","Calculated Gamble","Backflip","Leg Sweep"],"special_seed":0,"relics":["Ring of the Snake","NeowsBlessing","Bag of Marbles","SsserpentHead","Blue Candle","Whetstone","Runic Pyramid","OrangePellets","Anchor","Bottled Lightning","Matryoshka","The Specimen","Black Star","Tingsha"],"potions_floor_usage":[33,33,39],"damage_taken":[{"damage":0.0,"enemies":"Jaw Worm","floor":1.0,"turns":1.0},{"damage":0.0,"enemies":"2 Louse","floor":4.0,"turns":1.0},{"damage":0.0,"enemies":"Cultist","floor":5.0,"turns":1.0},{"damage":28.0,"enemies":"Gremlin Nob","floor":6.0,"turns":5.0},{"damage":17.0,"enemies":"3 Sentries","floor":10.0,"turns":8.0},{"damage":4.0,"enemies":"Large Slime","floor":11.0,"turns":4.0},{"damage":0.0,"enemies":"Lots of Slimes","floor":12.0,"turns":4.0},{"damage":0.0,"enemies":"Red Slaver","floor":14.0,"turns":3.0},{"damage":9.0,"enemies":"The Guardian","floor":16.0,"turns":8.0},{"damage":0.0,"enemies":"Spheric Guardian","floor":18.0,"turns":3.0},{"damage":11.0,"enemies":"Shell Parasite","floor":20.0,"turns":7.0},{"damage":2.0,"enemies":"Centurion and Healer","floor":21.0,"turns":7.0},{"damage":0.0,"enemies":"Slavers","floor":24.0,"turns":6.0},{"damage":11.0,"enemies":"Shelled Parasite and Fungi","floor":27.0,"turns":7.0},{"damage":6.0,"enemies":"Snake Plant","floor":29.0,"turns":5.0},{"damage":4,"enemies":"Cultist and Chosen","floor":31,"turns":6},{"damage":37,"enemies":"Automaton","floor":33,"turns":7},{"damage":0,"enemies":"3 Shapes","floor":35,"turns":4},{"damage":5,"enemies":"Mind Bloom Boss Battle","floor":36,"turns":10},{"damage":2,"enemies":"Orb Walker","floor":39,"turns":3},{"damage":0,"enemies":"4 Shapes","floor":41,"turns":9},{"damage":67,"enemies":"Giant Head","floor":42,"turns":9}],"seed_played":"5828815026806310416","potions_obtained":[{"floor":1.0,"key":"FearPotion"},{"floor":10.0,"key":"Fire Potion"},{"floor":11.0,"key":"AttackPotion"},{"floor":29.0,"key":"EssenceOfSteel"},{"floor":31,"key":"AttackPotion"},{"floor":36,"key":"FearPotion"}],"is_trial":false,"path_per_floor":["M","$","?","M","M","E","R","?","T","E","M","M","?","M","R","B",null,"M","$","M","M","T","R","E","R","T","M","?","M","?","M","R","B",null,"M","?","?","?","M","R","M","E"],"character_chosen":"THE_SILENT","items_purchased":["Noxious Fumes","OrangePellets"],"campfire_rested":3,"item_purchase_floors":[2,19],"current_hp_per_floor":[59,59,66,66,66,38,38,38,38,21,17,17,17,17,36,27,56,56,56,45,43,43,43,43,43,43,32,32,26,26,22,41,4,51,51,46,46,46,44,62,62,0],"gold":611,"neow_bonus":"THREE_ENEMY_KILL","is_prod":false,"is_daily":false,"chose_seed":false,"campfire_upgraded":3,"win_rate":0,"timestamp":1549474853,"path_taken":["M","$","?","M","M","E","R","?","T","E","M","?","?","M","R","BOSS","M","$","M","?","?","R","E","R","T","?","?","M","?","M","R","BOSS","M","?","?","?","M","R","M","E"],"build_version":"2019-01-23","purchased_purges":1,"victory":false,"max_hp_per_floor":[66,66,66,66,66,66,66,66,66,66,66,66,66,66,66,66,66,66,66,66,66,66,66,66,66,66,66,66,66,66,66,66,66,66,66,66,63,63,63,63,63,63],"card_choices":[{"not_picked":["Eviscerate","Underhanded Strike"],"picked":"Blade Dance","floor":1.0},{"not_picked":["PiercingWail","Eviscerate"],"picked":"Flying Knee","floor":4.0},{"not_picked":["Acrobatics","Sucker Punch"],"picked":"Backstab","floor":5.0},{"not_picked":["Dodge and Roll","Acrobatics"],"picked":"Catalyst","floor":6.0},{"not_picked":["All Out Attack","A Thousand Cuts"],"picked":"Poisoned Stab","floor":10.0},{"not_picked":["Slice","Flying Knee"],"picked":"Cloak And Dagger","floor":11.0},{"not_picked":["Quick Slash","Acrobatics"],"picked":"PiercingWail","floor":12.0},{"not_picked":["Reflex","Expertise"],"picked":"Footwork","floor":14.0},{"not_picked":["Bullet Time","A Thousand Cuts"],"picked":"Burst","floor":16.0},{"not_picked":["Outmaneuver","Slice","Dash"],"picked":"SKIP","floor":18.0},{"not_picked":["Slice","Infinite Blades"],"picked":"Acrobatics","floor":20.0},{"not_picked":["Heel Hook+1","Dagger Spray"],"picked":"Noxious Fumes","floor":21.0},{"not_picked":["Acrobatics","Skewer"],"picked":"Dagger Spray","floor":24.0},{"not_picked":["Cloak And Dagger","Acrobatics","Underhanded Strike"],"picked":"SKIP","floor":27.0},{"not_picked":["Flechettes","Dagger Throw","Outmaneuver"],"picked":"SKIP","floor":29.0},{"not_picked":["Backflip","Choke"],"picked":"PiercingWail","floor":31},{"not_picked":["A Thousand Cuts","Storm of Steel"],"picked":"Malaise","floor":33},{"not_picked":["Quick Slash","Acrobatics+1","Bane+1"],"picked":"SKIP","floor":35},{"not_picked":["Blade Dance","Sucker Punch"],"picked":"Calculated Gamble","floor":36},{"not_picked":["Dagger Throw+1","Sucker Punch"],"picked":"Backflip","floor":39},{"not_picked":["Predator","Burst"],"picked":"Leg Sweep","floor":41}],"player_experience":1096515,"relics_obtained":[{"floor":6.0,"key":"Bag of Marbles"},{"floor":9.0,"key":"Blue Candle"},{"floor":10.0,"key":"Whetstone"},{"floor":22.0,"key":"Anchor"},{"floor":24.0,"key":"Bottled Lightning"},{"floor":26.0,"key":"Matryoshka"},{"floor":36,"key":"Tingsha"}],"event_choices":[{"damage_healed":16.0,"max_hp_gain":0.0,"max_hp_loss":0.0,"gold_gain":0.0,"event_name":"The Cleric","player_choice":"Healed","floor":3.0,"gold_loss":35.0,"damage_taken":0.0},{"damage_healed":0.0,"max_hp_gain":0.0,"max_hp_loss":0.0,"gold_gain":0.0,"event_name":"FaceTrader","player_choice":"Trade","floor":8.0,"gold_loss":0.0,"damage_taken":0.0,"relics_obtained":["SsserpentHead"]},{"damage_healed":0.0,"max_hp_gain":0.0,"max_hp_loss":0.0,"gold_gain":0.0,"event_name":"Upgrade Shrine","player_choice":"Upgraded","floor":13.0,"gold_loss":0.0,"damage_taken":0.0,"cards_upgraded":["Noxious Fumes"]},{"damage_healed":0.0,"max_hp_gain":0.0,"max_hp_loss":0.0,"gold_gain":0.0,"event_name":"Addict","player_choice":"Obtained Relic","floor":28.0,"gold_loss":85.0,"damage_taken":0.0,"relics_obtained":["The Specimen"]},{"cards_removed":["Strike_G"],"damage_healed":0.0,"max_hp_gain":0.0,"max_hp_loss":0.0,"gold_gain":0.0,"event_name":"Beggar","player_choice":"Gave Gold","floor":30.0,"gold_loss":75.0,"damage_taken":0.0},{"damage_healed":0,"gold_gain":0,"player_choice":"Fight","damage_taken":0,"max_hp_gain":0,"max_hp_loss":0,"event_name":"MindBloom","floor":36,"gold_loss":0},{"damage_healed":0,"gold_gain":0,"player_choice":"Max HP","damage_taken":0,"max_hp_gain":0,"max_hp_loss":3,"event_name":"Winding Halls","floor":37,"gold_loss":0},{"cards_removed":["Defend_G"],"damage_healed":0,"gold_gain":0,"player_choice":"Removed Skill","damage_taken":0,"max_hp_gain":0,"max_hp_loss":0,"event_name":"Falling","floor":38,"gold_loss":0}],"is_beta":false,"boss_relics":[{"not_picked":["White Beast Statue","Snecko Eye"],"picked":"Runic Pyramid"},{"not_picked":["Lizard Tail","Astrolabe"],"picked":"Black Star"}],"items_purged_floors":[19],"is_endless":false,"potions_floor_spawned":[1,10,11,14,29,31,36],"killed_by":"Giant Head","ascension_level":17}