{"gold_per_floor":[118,118,134,134,134,134,173,186,186,217,217,251,139,162,162,286,286,299,319,319,319,343,343],"floor_reached":23,"playtime":941,"items_purged":["Static Discharge"],"score":309,"play_id":"29a6ea64-176e-42d0-a558-8d36ef57b356","local_time":"20181114094645","daily_mods":["Insanity","Uncertain Future","Elite Swarm"],"is_ascension_mode":false,"campfire_choices":[{"data":"Blizzard","floor":6,"key":"SMITH"},{"floor":11,"key":"REST"},{"data":"Cold Snap","floor":15,"key":"SMITH"}],"neow_cost":"","seed_source_timestamp":0,"circlet_count":0,"master_deck":["Consume","Turbo","Coolheaded","Redo","Sweeping Beam","Beam Cell","Scrape","Chill","Reinforced Body","Streamline","Coolheaded","Gash","Compile Driver","Heatsinks","Blizzard+1","Steam","Streamline","Steam","Barrage","Rebound","Scrape","Gash","Auto Shields","Rebound","Rebound","Reinforced Body","Coolheaded","Turbo","Go for the Eyes","Redo","Stack","Go for the Eyes","Go for the Eyes","Lockon","Cold Snap+1","Beam Cell","Streamline","Consume","Stack","Conserve Battery","Turbo","Leap","Leap","Chaos","Sunder","Steam","Turbo","Loop","Steam Power","Cold Snap","Conserve Battery","Pain","Chill"],"relics":["Cracked Core","Golden Idol","WarpedTongs","Meat on the Bone","Blue Candle","Girya","Happy Flower","Nuclear Battery"],"potions_floor_usage":[19],"damage_taken":[{"damage":11,"enemies":"Jaw Worm","floor":1,"turns":3},{"damage":12,"enemies":"2 Louse","floor":3,"turns":3},{"damage":0,"enemies":"Lagavulin","floor":7,"turns":5},{"damage":1,"enemies":"Cultist","floor":8,"turns":3},{"damage":34,"enemies":"Gremlin Nob","floor":10,"turns":5},{"damage":9,"enemies":"3 Sentries","floor":12,"turns":7},{"damage":6,"enemies":"3 Louse","floor":14,"turns":4},{"damage":27,"enemies":"Hexaghost","floor":16,"turns":11},{"damage":11,"enemies":"3 Byrds","floor":18,"turns":5},{"damage":0,"enemies":"Chosen","floor":19,"turns":3},{"damage":8,"enemies":"Snake Plant","floor":22,"turns":4},{"damage":64,"enemies":"Gremlin Leader","floor":23,"turns":7}],"seed_played":"4932805217427995172","potions_obtained":[{"floor":1,"key":"SkillPotion"},{"floor":3,"key":"Dexterity Potion"},{"floor":5,"key":"FocusPotion"},{"floor":19,"key":"SpeedPotion"}],"is_trial":true,"path_per_floor":["M","?","M","?","?","R","E","M","T","E","R","E","$","M","R","B",null,"M","M","?","?","M","E"],"character_chosen":"DEFECT","items_purchased":["Chill"],"campfire_rested":1,"item_purchase_floors":[13],"current_hp_per_floor":[64,46,34,34,34,34,34,45,45,23,45,48,48,42,42,27,75,64,64,64,64,56,0],"gold":343,"neow_bonus":"","is_prod":false,"is_daily":false,"chose_seed":false,"campfire_upgraded":2,"win_rate":0,"timestamp":1542206805,"path_taken":["M","?","M","?","?","R","E","M","T","E","R","E","$","M","R","BOSS","M","M","?","?","M","E"],"build_version":"2018-11-08","purchased_purges":1,"victory":false,"max_hp_per_floor":[75,75,75,75,75,75,75,75,75,75,75,75,75,75,75,75,75,75,75,75,75,75,75],"card_choices":[{"not_picked":["Steam","Sweeping Beam"],"picked":"Cold Snap","floor":1},{"not_picked":["Beam Cell","Streamline"],"picked":"Conserve Battery","floor":3},{"not_picked":["Amplify","Thunder Strike","Buffer"],"picked":"SKIP","floor":7},{"not_picked":["Ball Lightning","Beam Cell","Hello World"],"picked":"SKIP","floor":8},{"not_picked":["All For One","Hyperbeam","Buffer"],"picked":"SKIP","floor":10},{"not_picked":["Core Surge","Fission","Thunder Strike"],"picked":"SKIP","floor":12},{"not_picked":["FTL","Static Discharge","Leap"],"picked":"SKIP","floor":14},{"not_picked":["Turbo","Reinforced Body","Conserve Battery"],"picked":"SKIP","floor":18},{"not_picked":["Turbo","Loop","Rip and Tear"],"picked":"SKIP","floor":19},{"not_picked":["Gash","Barrage","Ball Lightning+1"],"picked":"SKIP","floor":22}],"player_experience":264914,"relics_obtained":[{"floor":7,"key":"Meat on the Bone"},{"floor":9,"key":"Blue Candle"},{"floor":10,"key":"Girya"},{"floor":12,"key":"Happy Flower"}],"event_choices":[{"damage_healed":0,"gold_gain":0,"player_choice":"Take Damage","damage_taken":18,"relics_obtained":["Golden Idol"],"max_hp_gain":0,"max_hp_loss":0,"event_name":"Golden Idol","floor":2,"gold_loss":0},{"damage_healed":0,"gold_gain":0,"player_choice":"Rummage","damage_taken":0,"relics_obtained":["WarpedTongs"],"max_hp_gain":0,"max_hp_loss":0,"event_name":"Accursed Blacksmith","floor":4,"gold_loss":0,"cards_obtained":["Pain"]},{"damage_healed":0,"gold_gain":0,"player_choice":"Got Potions","damage_taken":0,"max_hp_gain":0,"max_hp_loss":0,"event_name":"Lab","floor":5,"gold_loss":0},{"damage_healed":0,"gold_gain":0,"player_choice":"Ignored","damage_taken":0,"max_hp_gain":0,"max_hp_loss":0,"event_name":"Vampires","floor":20,"gold_loss":0},{"damage_healed":0,"gold_gain":0,"player_choice":"Ignored","damage_taken":0,"max_hp_gain":0,"max_hp_loss":0,"event_name":"N\u0027loth","floor":21,"gold_loss":0}],"is_beta":false,"boss_relics":[{"not_picked":["Runic Dome","Lizard Tail"],"picked":"Nuclear Battery"}],"items_purged_floors":[13],"is_endless":false,"potions_floor_spawned":[1,3,8,19],"killed_by":"Gremlin Leader","ascension_level":0}