{"gold_per_floor":[19,19,19,31,31,31,47,62,108,143,21,21,31,58,58,132,132,142,72,20,40,40,40,58,58,85,101,101,131,141,152,152,227,227,243,243,257,257,58,58,86,86,86,114,114,128,156,156,156,156],"floor_reached":50,"playtime":1248,"items_purged":["Pain"],"score":1084,"play_id":"b1eec713-274c-4fd9-8584-f73c152220ea","local_time":"20181021042603","is_ascension_mode":true,"campfire_choices":[{"data":"1","floor":6,"key":"LIFT"},{"data":"2","floor":12,"key":"LIFT"},{"data":"3","floor":15,"key":"LIFT"},{"floor":23,"key":"REST"},{"floor":25,"key":"REST"},{"floor":28,"key":"REST"},{"floor":32,"key":"REST"},{"data":"Perfected Strike","floor":40,"key":"SMITH"},{"data":"Infernal Blade","floor":42,"key":"SMITH"},{"floor":49,"key":"REST"}],"neow_cost":"NO_GOLD","seed_source_timestamp":901017480578524,"circlet_count":0,"master_deck":["Strike_R+1","Strike_R","Strike_R","Strike_R","Strike_R","Defend_R","Defend_R","Defend_R","Bash","AscendersBane","Perfected Strike","Cleave","Iron Wave","Perfected Strike+1","Armaments","Perfected Strike","Demon Form","Wild Strike","Double Tap","Pommel Strike","Twin Strike+1","Armaments","Battle Trance+1","Cleave","Pommel Strike","Infernal Blade+1","Warcry","Bludgeon","Body Slam+1","Pommel Strike","Wild Strike","Parasite","Pommel Strike+1","Twin Strike+1","Wild Strike"],"relics":["Burning Blood","Girya","WarpedTongs","Anchor","Pen Nib","Shuriken","Lizard Tail","Paper Frog","Enchiridion","Orichalcum","Centennial Puzzle","Cursed Key","NlothsMask","Happy Flower","Strawberry","Mummified Hand","Whetstone","Ginger"],"potions_floor_usage":[10,14,30,41,41,50],"damage_taken":[{"damage":9,"enemies":"Jaw Worm","floor":1,"turns":4},{"damage":8,"enemies":"Cultist","floor":4,"turns":3},{"damage":2,"enemies":"2 Louse","floor":7,"turns":2},{"damage":3,"enemies":"Exordium Thugs","floor":8,"turns":3},{"damage":7,"enemies":"3 Sentries","floor":10,"turns":7},{"damage":0,"enemies":"Large Slime","floor":13,"turns":3},{"damage":0,"enemies":"Gremlin Nob","floor":14,"turns":2},{"damage":50,"enemies":"Hexaghost","floor":16,"turns":7},{"damage":22,"enemies":"3 Byrds","floor":18,"turns":5},{"damage":26,"enemies":"Shell Parasite","floor":21,"turns":4},{"damage":9,"enemies":"Chosen and Byrds","floor":24,"turns":4},{"damage":9,"enemies":"Snake Plant","floor":27,"turns":2},{"damage":22,"enemies":"Book of Stabbing","floor":29,"turns":4},{"damage":2,"enemies":"3 Cultists","floor":30,"turns":4},{"damage":1,"enemies":"Centurion and Healer","floor":31,"turns":4},{"damage":105,"enemies":"Automaton","floor":33,"turns":9},{"damage":11,"enemies":"3 Darklings","floor":35,"turns":4},{"damage":0,"enemies":"Orb Walker","floor":37,"turns":2},{"damage":10,"enemies":"Giant Head","floor":41,"turns":4},{"damage":40,"enemies":"Nemesis","floor":44,"turns":5},{"damage":0,"enemies":"Transient","floor":46,"turns":5},{"damage":0,"enemies":"Reptomancer","floor":47,"turns":3},{"damage":6,"enemies":"Mind Bloom Boss Battle","floor":48,"turns":3},{"damage":76,"enemies":"Awakened One","floor":50,"turns":5}],"seed_played":"1570120784811844397","potions_obtained":[{"floor":1,"key":"Energy Potion"},{"floor":4,"key":"FearPotion"},{"floor":7,"key":"PowerPotion"},{"floor":29,"key":"Block Potion"},{"floor":30,"key":"FearPotion"},{"floor":33,"key":"Energy Potion"},{"floor":48,"key":"BloodPotion"}],"is_trial":false,"path_per_floor":["M","$","?","M","$","R","M","M","T","E","$","R","M","E","R","B",null,"M","?","$","M","?","R","M","R","T","M","R","E","M","M","R","B",null,"M","?","M","?","$","R","E","R","T","E","?","M","E","?","R"],"character_chosen":"IRONCLAD","items_purchased":["Perfected Strike","Twin Strike","Happy Flower","Pommel Strike"],"campfire_rested":5,"item_purchase_floors":[11,20,39,39],"current_hp_per_floor":[65,65,65,63,63,63,67,70,70,69,69,69,75,75,75,31,64,48,48,48,28,12,34,31,53,53,50,72,56,60,65,75,17,61,56,56,62,62,62,62,65,65,65,31,31,37,43,43,67,0],"gold":156,"neow_bonus":"ONE_RARE_RELIC","is_prod":false,"is_daily":false,"chose_seed":false,"campfire_upgraded":2,"win_rate":0,"timestamp":1540121163,"path_taken":["M","$","?","M","?","R","M","M","T","E","$","R","M","E","R","BOSS","M","?","$","?","?","R","M","R","T","M","R","E","M","M","R","BOSS","M","?","M","?","$","R","E","R","T","E","?","M","E","?","R","BOSS"],"build_version":"2018-10-18","purchased_purges":1,"victory":false,"max_hp_per_floor":[75,75,75,75,75,75,75,75,75,75,75,75,75,75,75,75,75,75,75,75,75,75,75,75,75,75,75,75,75,75,75,75,75,75,75,75,75,75,75,75,82,82,82,82,82,82,82,82,82,82],"card_choices":[{"not_picked":["Inflame","Clash"],"picked":"Perfected Strike","floor":1},{"not_picked":["Body Slam","Thunderclap"],"picked":"Cleave","floor":4},{"not_picked":["Havoc","Dual Wield"],"picked":"Iron Wave","floor":7},{"not_picked":["Heavy Blade","Clash"],"picked":"Perfected Strike","floor":8},{"not_picked":["Wild Strike","Havoc"],"picked":"Armaments","floor":10},{"not_picked":["Burning Pact","Havoc"],"picked":"Demon Form","floor":13},{"not_picked":["Bloodletting","Body Slam"],"picked":"Wild Strike","floor":14},{"not_picked":["Berserk","Immolate"],"picked":"Double Tap","floor":16},{"not_picked":["Shrug It Off+1","Cleave"],"picked":"Pommel Strike","floor":18},{"not_picked":["Body Slam","Havoc"],"picked":"Armaments","floor":21},{"not_picked":["Twin Strike","Demon Form"],"picked":"Battle Trance+1","floor":24},{"not_picked":["Clash","Uppercut"],"picked":"Cleave","floor":27},{"not_picked":["Dual Wield","Immolate"],"picked":"Pommel Strike","floor":29},{"not_picked":["Armaments+1","Iron Wave"],"picked":"Infernal Blade","floor":30},{"not_picked":["True Grit","Rage"],"picked":"Warcry","floor":31},{"not_picked":["Demon Form","Double Tap"],"picked":"Bludgeon","floor":33},{"not_picked":["True Grit","Clash","Armaments"],"picked":"SKIP","floor":35},{"not_picked":["Cleave","Metallicize"],"picked":"Body Slam+1","floor":37},{"not_picked":["Dark Embrace","Clash"],"picked":"Wild Strike","floor":41},{"not_picked":["Flex","Warcry"],"picked":"Pommel Strike+1","floor":44},{"not_picked":["Clothesline","Reckless Charge"],"picked":"Twin Strike+1","floor":46},{"not_picked":["Clash+1","Juggernaut","Whirlwind+1"],"picked":"SKIP","floor":47},{"not_picked":["Iron Wave","Clothesline"],"picked":"Wild Strike","floor":48}],"player_experience":593456,"relics_obtained":[{"floor":9,"key":"Anchor"},{"floor":10,"key":"Pen Nib"},{"floor":14,"key":"Shuriken"},{"floor":22,"key":"Enchiridion"},{"floor":26,"key":"Orichalcum"},{"floor":29,"key":"Centennial Puzzle"},{"floor":41,"key":"Strawberry"},{"floor":44,"key":"Mummified Hand"},{"floor":47,"key":"Whetstone"},{"floor":48,"key":"Ginger"}],"event_choices":[{"damage_healed":0,"gold_gain":0,"player_choice":"Rummage","damage_taken":0,"relics_obtained":["WarpedTongs"],"max_hp_gain":0,"max_hp_loss":0,"event_name":"Accursed Blacksmith","floor":3,"gold_loss":0,"cards_obtained":["Pain"]},{"damage_healed":0,"gold_gain":0,"player_choice":"Paid Gold","damage_taken":0,"relics_obtained":["Paper Frog"],"max_hp_gain":0,"max_hp_loss":0,"event_name":"WeMeetAgain","floor":19,"gold_loss":70},{"damage_healed":0,"gold_gain":0,"player_choice":"Obtained Book","damage_taken":16,"max_hp_gain":0,"max_hp_loss":0,"event_name":"Cursed Tome","floor":22,"gold_loss":0},{"cards_removed":["Defend_R"],"damage_healed":0,"gold_gain":0,"player_choice":"Removed Skill","damage_taken":0,"max_hp_gain":0,"max_hp_loss":0,"event_name":"Falling","floor":36,"gold_loss":0},{"damage_healed":0,"gold_gain":0,"player_choice":"Trade","damage_taken":0,"relics_obtained":["NlothsMask"],"max_hp_gain":0,"max_hp_loss":0,"event_name":"FaceTrader","floor":38,"gold_loss":0},{"damage_healed":0,"gold_gain":0,"player_choice":"0 cards matched","damage_taken":0,"max_hp_gain":0,"max_hp_loss":0,"event_name":"Match and Keep!","floor":45,"gold_loss":0,"cards_obtained":[]},{"damage_healed":0,"gold_gain":0,"player_choice":"Fight","damage_taken":0,"max_hp_gain":0,"max_hp_loss":0,"event_name":"MindBloom","floor":48,"gold_loss":0}],"is_beta":false,"boss_relics":[{"not_picked":["Calling Bell","Runic Pyramid"],"picked":"Lizard Tail"},{"not_picked":["Astrolabe","Orrery"],"picked":"Cursed Key"}],"items_purged_floors":[11],"is_endless":false,"potions_floor_spawned":[1,4,7,29,30,33,37,48],"killed_by":"Awakened One","ascension_level":14}