{"gold_per_floor":[111,42,42,88,111,152,152,176,176,199,199,43,62,87,87,87],"floor_reached":16,"playtime":378,"items_purged":[],"score":133,"play_id":"ee817846-b12c-4b35-9750-441c0a1a5cb3","local_time":"20181016110614","is_ascension_mode":true,"campfire_choices":[{"floor":7,"key":"REST"},{"data":"Genetic Algorithm","floor":15,"key":"SMITH"}],"neow_cost":"NONE","seed_source_timestamp":493900626309457,"circlet_count":0,"master_deck":["Strike_B","Strike_B","Strike_B","Strike_B","Defend_B","Defend_B","Defend_B","Defend_B","Zap","Dualcast","Reboot","Genetic Algorithm+1","Fission","Beam Cell","Ball Lightning","Self Repair","Hologram","White Noise","Beam Cell","Rebound","Gash","Rebound"],"relics":["Cracked Core","Golden Idol","Happy Flower","Pen Nib","Unceasing Top","Kunai"],"potions_floor_usage":[6,14],"damage_taken":[{"damage":1,"enemies":"Cultist","floor":1,"turns":4},{"damage":6,"enemies":"2 Louse","floor":5,"turns":4},{"damage":35,"enemies":"Gremlin Nob","floor":6,"turns":4},{"damage":0,"enemies":"Small Slimes","floor":8,"turns":2},{"damage":9,"enemies":"Red Slaver","floor":10,"turns":3},{"damage":3,"enemies":"Blue Slaver","floor":13,"turns":3},{"damage":6,"enemies":"Exordium Thugs","floor":14,"turns":5},{"damage":42,"enemies":"The Guardian","floor":16,"turns":7}],"seed_played":"-664459277211630968","potions_obtained":[{"floor":5,"key":"AttackPotion"},{"floor":6,"key":"Block Potion"},{"floor":8,"key":"SmokeBomb"},{"floor":13,"key":"Strength Potion"}],"is_trial":false,"path_per_floor":["M","$","?","T","M","E","R","M","T","M","?","$","M","M","R"],"character_chosen":"DEFECT","items_purchased":["Fission","White Noise","Beam Cell","Rebound"],"campfire_rested":1,"item_purchase_floors":[2,12,12,12],"current_hp_per_floor":[67,67,67,67,61,26,46,46,46,44,37,37,41,42,42,0],"gold":87,"neow_bonus":"ONE_RANDOM_RARE_CARD","is_prod":false,"is_daily":false,"chose_seed":false,"campfire_upgraded":1,"win_rate":0,"timestamp":1539713174,"path_taken":["M","?","?","?","?","E","R","M","T","M","?","$","?","M","R","BOSS"],"build_version":"2018-10-11","purchased_purges":0,"victory":false,"max_hp_per_floor":[75,75,69,69,69,69,69,69,69,69,69,69,69,69,69,69],"card_choices":[{"not_picked":["Barrage","Force Field"],"picked":"Genetic Algorithm","floor":1},{"not_picked":["Stack","Turbo"],"picked":"Beam Cell","floor":5},{"not_picked":["Scrape","Hologram"],"picked":"Ball Lightning","floor":6},{"not_picked":["Scrape","Rip and Tear"],"picked":"Self Repair","floor":8},{"not_picked":["Reprogram","Sweeping Beam"],"picked":"Hologram","floor":10},{"not_picked":["Leap","Stack"],"picked":"Gash","floor":13},{"not_picked":["Fusion","BootSequence"],"picked":"Rebound","floor":14}],"player_experience":528450,"relics_obtained":[{"floor":4,"key":"Happy Flower"},{"floor":6,"key":"Pen Nib"},{"floor":9,"key":"Unceasing Top"}],"event_choices":[{"event_name":"Golden Idol","player_choice":"Lose Max HP","floor":3,"damage_taken":0},{"event_name":"Scrap Ooze","player_choice":"success","floor":11,"damage_taken":7}],"is_beta":false,"boss_relics":[],"items_purged_floors":[],"is_endless":false,"potions_floor_spawned":[5,6,8,13],"killed_by":"The Guardian","ascension_level":6}