{"gold_per_floor":[117,117,135,155,167,167,199,199,267,292,302,302,302,319,319,424,424,441,456,473,98,110,121,121,182,182,281,281,32,32,32,32,129,129,147,95,147,147,166,166,201,213,225,237,267,279,302,328,340,352],"floor_reached":51,"playtime":9680,"items_purged":["Strike_G","Parasite"],"score":1048,"play_id":"7b8b1e92-b02d-4733-9db7-1877771f1094","local_time":"20190313092244","is_ascension_mode":true,"campfire_choices":[{"data":"Neutralize","floor":6.0,"key":"SMITH"},{"data":"Well Laid Plans","floor":8.0,"key":"SMITH"},{"data":"Leg Sweep","floor":12.0,"key":"SMITH"},{"floor":15.0,"key":"REST"},{"data":"Adrenaline","floor":24.0,"key":"SMITH"},{"data":"Infinite Blades","floor":28.0,"key":"SMITH"},{"floor":30.0,"key":"REST"},{"floor":32.0,"key":"REST"},{"floor":40.0,"key":"REST"},{"data":"Footwork","floor":42.0,"key":"SMITH"},{"data":"Tools of the Trade","floor":44.0,"key":"SMITH"},{"data":"Dodge and Roll","floor":46,"key":"SMITH"},{"floor":49,"key":"REST"}],"neow_cost":"TEN_PERCENT_HP_LOSS","seed_source_timestamp":0,"circlet_count":0,"master_deck":["AscendersBane","Defend_G","Defend_G","Defend_G","Defend_G","Strike_G+1","Survivor","Neutralize+1","Poisoned Stab","PiercingWail","Flying Knee","Infinite Blades+1","Well Laid Plans+1","Leg Sweep+1","Riddle With Holes","Dagger Spray","Adrenaline+1","Crippling Poison+1","Dodge and Roll+1","Masterful Stab","Caltrops","Blade Dance+1","Dagger Throw","Tools of the Trade+1","After Image+1","Caltrops+1","Catalyst+1","Escape Plan+1","Footwork+1","Backflip+1","Pain","Expertise+1","Finisher","Parasite","Backflip"],"special_seed":0,"relics":["Ring of the Snake","Gambling Chip","StoneCalendar","Shuriken","Boot","Cursed Key","Bronze Scales","Tiny Chest","Darkstone Periapt","Centennial Puzzle","Ornamental Fan","Astrolabe","Torii","MawBank","Ice Cream"],"potions_floor_usage":[45,50],"damage_taken":[{"damage":0.0,"enemies":"Small Slimes","floor":1.0,"turns":3.0},{"damage":0.0,"enemies":"Jaw Worm","floor":3.0,"turns":4.0},{"damage":0.0,"enemies":"Cultist","floor":4.0,"turns":3.0},{"damage":0.0,"enemies":"2 Fungi Beasts","floor":5.0,"turns":4.0},{"damage":20.0,"enemies":"Gremlin Nob","floor":7.0,"turns":5.0},{"damage":12.0,"enemies":"Lagavulin","floor":10.0,"turns":5.0},{"damage":0.0,"enemies":"Blue Slaver","floor":11.0,"turns":4.0},{"damage":0.0,"enemies":"3 Louse","floor":14.0,"turns":1.0},{"damage":10.0,"enemies":"Slime Boss","floor":16.0,"turns":7.0},{"damage":0.0,"enemies":"Shell Parasite","floor":18.0,"turns":5.0},{"damage":0.0,"enemies":"Spheric Guardian","floor":19.0,"turns":4.0},{"damage":9.0,"enemies":"Snecko","floor":20.0,"turns":4.0},{"damage":4.0,"enemies":"Centurion and Healer","floor":22.0,"turns":4.0},{"damage":2.0,"enemies":"3 Cultists","floor":23.0,"turns":4.0},{"damage":29.0,"enemies":"Book of Stabbing","floor":25.0,"turns":4.0},{"damage":30.0,"enemies":"Champ","floor":33.0,"turns":9.0},{"damage":16.0,"enemies":"Orb Walker","floor":35.0,"turns":4.0},{"damage":10.0,"enemies":"2 Orb Walkers","floor":37.0,"turns":5.0},{"damage":1.0,"enemies":"3 Darklings","floor":39.0,"turns":4.0},{"damage":0.0,"enemies":"Nemesis","floor":41.0,"turns":6.0},{"damage":9,"enemies":"Spire Growth","floor":45,"turns":5},{"damage":0,"enemies":"Maw","floor":47,"turns":6},{"damage":0,"enemies":"Writhing Mass","floor":48,"turns":6},{"damage":5,"enemies":"Time Eater","floor":50,"turns":12}],"seed_played":"-1486671716068324274","potions_obtained":[{"floor":5.0,"key":"Ancient Potion"},{"floor":7.0,"key":"SteroidPotion"},{"floor":20.0,"key":"GamblersBrew"},{"floor":22.0,"key":"SkillPotion"},{"floor":23.0,"key":"SkillPotion"},{"floor":25.0,"key":"EssenceOfSteel"},{"floor":39.0,"key":"Poison Potion"},{"floor":45,"key":"Dexterity Potion"},{"floor":47,"key":"SteroidPotion"}],"is_trial":false,"path_per_floor":["M","?","M","M","M","R","E","R","T","E","M","R","?","M","R","B",null,"M","M","M","$","M","M","R","E","T","?","R","$","R","?","R","B",null,"M","$","?","?","M","R","E","R","T","R","M","R","M","M","R","B",null],"character_chosen":"THE_SILENT","items_purchased":["Bronze Scales","Caltrops","Regen Potion","Centennial Puzzle","SkillPotion"],"campfire_rested":5,"item_purchase_floors":[21,21,21,29,36],"current_hp_per_floor":[63,50,50,50,50,50,30,30,30,18,18,18,18,18,36,26,54,54,54,45,45,41,39,39,22,22,22,22,22,40,40,58,28,52,36,36,26,26,25,43,43,43,49,49,40,40,40,46,67,62],"gold":364,"neow_bonus":"ONE_RARE_RELIC","is_prod":false,"is_daily":false,"chose_seed":false,"campfire_upgraded":8,"win_rate":0,"timestamp":1552468964,"path_taken":["M","?","M","M","M","R","E","R","T","E","M","R","?","M","R","BOSS","M","?","M","$","M","M","R","E","T","?","R","$","R","?","R","BOSS","M","$","?","?","M","R","E","R","T","R","M","R","M","M","R","BOSS"],"build_version":"2019-01-23","purchased_purges":2,"victory":true,"max_hp_per_floor":[63,63,63,63,63,63,63,63,63,63,63,63,63,63,63,63,63,63,63,63,63,63,63,63,63,63,63,63,60,60,60,60,60,60,60,60,60,60,60,60,60,60,66,66,66,66,66,72,72,72],"card_choices":[{"not_picked":["Sucker Punch","Dagger Throw"],"picked":"Poisoned Stab","floor":1.0},{"not_picked":["Underhanded Strike","Quick Slash"],"picked":"PiercingWail","floor":3.0},{"not_picked":["Deflect","Underhanded Strike"],"picked":"Flying Knee","floor":4.0},{"not_picked":["Prepared","Backflip"],"picked":"Infinite Blades","floor":5.0},{"not_picked":["Infinite Blades","Masterful Stab"],"picked":"Well Laid Plans","floor":7.0},{"not_picked":["Blur","Sucker Punch"],"picked":"Leg Sweep","floor":10.0},{"not_picked":["PiercingWail","All Out Attack"],"picked":"Riddle With Holes","floor":11.0},{"not_picked":["Bane","Flechettes"],"picked":"Dagger Spray","floor":14.0},{"not_picked":["Burst","Malaise"],"picked":"Adrenaline","floor":16.0},{"not_picked":["Deadly Poison","Underhanded Strike"],"picked":"Crippling Poison+1","floor":18.0},{"not_picked":["Deflect","Deadly Poison"],"picked":"Dodge and Roll","floor":19.0},{"not_picked":["Choke+1","Underhanded Strike"],"picked":"Masterful Stab","floor":20.0},{"not_picked":["Bane","Glass Knife"],"picked":"Blade Dance+1","floor":22.0},{"not_picked":["Poisoned Stab","Outmaneuver"],"picked":"Dagger Throw","floor":23.0},{"not_picked":["Setup","Deadly Poison+1"],"picked":"Tools of the Trade","floor":25.0},{"not_picked":["Die Die Die","Adrenaline"],"picked":"After Image","floor":33.0},{"not_picked":["Quick Slash+1","Choke"],"picked":"Footwork","floor":35.0},{"not_picked":["Prepared","Noxious Fumes+1"],"picked":"Backflip+1","floor":37.0},{"not_picked":["Acrobatics+1","Unload","Deflect"],"picked":"SKIP","floor":39.0},{"not_picked":["Poisoned Stab","Deflect","Quick Slash+1"],"picked":"SKIP","floor":41.0},{"not_picked":["Outmaneuver","Deadly Poison"],"picked":"Expertise+1","floor":45},{"not_picked":["Underhanded Strike+1","Deflect+1"],"picked":"Finisher","floor":47},{"not_picked":["Blade Dance+1","Masterful Stab+1"],"picked":"Backflip","floor":48}],"player_experience":565831,"relics_obtained":[{"floor":7.0,"key":"StoneCalendar"},{"floor":9.0,"key":"Shuriken"},{"floor":10.0,"key":"Boot"},{"floor":25.0,"key":"Tiny Chest"},{"floor":26.0,"key":"Darkstone Periapt"},{"floor":37.0,"key":"Torii"},{"floor":41.0,"key":"MawBank"},{"floor":43.0,"key":"Ice Cream"}],"event_choices":[{"damage_healed":0.0,"max_hp_gain":0.0,"max_hp_loss":0.0,"gold_gain":0.0,"event_name":"Shining Light","player_choice":"Entered Light","floor":2.0,"gold_loss":0.0,"damage_taken":13.0,"cards_upgraded":["Strike_G","Strike_G"]},{"cards_removed":["Strike_G"],"damage_healed":0.0,"max_hp_gain":0.0,"max_hp_loss":0.0,"gold_gain":0.0,"event_name":"Bonfire Elementals","player_choice":"Offered Basic","floor":13.0,"gold_loss":0.0,"damage_taken":0.0},{"damage_healed":0.0,"max_hp_gain":0.0,"max_hp_loss":0.0,"gold_gain":99.0,"event_name":"Nest","player_choice":"Stole From Cult","floor":27.0,"gold_loss":0.0,"damage_taken":0.0},{"damage_healed":0.0,"max_hp_gain":0.0,"max_hp_loss":0.0,"gold_gain":0.0,"event_name":"The Mausoleum","player_choice":"Opened","floor":31.0,"gold_loss":0.0,"damage_taken":0.0,"relics_obtained":["Ornamental Fan"]},{"damage_healed":0.0,"max_hp_gain":0.0,"max_hp_loss":0.0,"gold_gain":0.0,"event_name":"Mysterious Sphere","player_choice":"Fight","floor":37.0,"gold_loss":0.0,"damage_taken":0.0},{"damage_healed":0.0,"max_hp_gain":0.0,"max_hp_loss":0.0,"gold_gain":0.0,"event_name":"Upgrade Shrine","player_choice":"Upgraded","floor":38.0,"gold_loss":0.0,"damage_taken":0.0,"cards_upgraded":["After Image"]}],"is_beta":false,"boss_relics":[{"not_picked":["Empty Cage","Runic Pyramid"],"picked":"Cursed Key"},{"not_picked":["WristBlade","Tiny House"],"picked":"Astrolabe"}],"items_purged_floors":[21,29],"is_endless":false,"potions_floor_spawned":[5,7,20,22,23,25,39,45,47],"ascension_level":10}