{"path_per_floor":["M","M","$","?","?","?","$","R","T","R","E","R","M","M","R","B",null,"M","?","?","M","M","R"],"character_chosen":"THE_SILENT","items_purchased":["Backstab","Bouncing Flask"],"gold_per_floor":[112,129,51,51,126,126,16,16,16,16,47,47,66,89,89,217,217,237,152,152,172,188,188],"floor_reached":24,"campfire_rested":2,"playtime":6686,"current_hp_per_floor":[69,66,66,49,38,38,38,38,38,38,30,30,30,30,54,33,80,60,60,60,34,8,32],"items_purged":["Strike_G"],"gold":188,"score":233,"play_id":"3533de28-b8e8-45ec-8039-7933d1fa54af","is_prod":false,"is_daily":false,"is_ascension_mode":true,"campfire_upgraded":3,"path_taken":["M","?","$","?","?","?","$","R","T","R","E","R","?","M","R","BOSS","M","?","?","?","M","R","E"],"build_version":"2018-02-12-PROD1","purchased_purges":1,"victory":false,"master_deck":["Defend_G","Defend_G","Defend_G","Defend_G","Defend_G","Strike_G","Strike_G","Strike_G","Strike_G","Survivor","Neutralize","Venomology","Poisoned Stab+1","Infinite Blades","Backstab","Regret","Bouncing Flask+1","Backflip+1","Dagger Spray","Noxious Fumes+1","Tactician","Blur","Acrobatics","Poisoned Stab+1"],"max_hp_per_floor":[70,70,70,70,70,70,70,70,70,70,80,80,80,80,80,80,80,80,80,80,80,80,80],"relics":["Ring of the Snake","Golden Idol","Snake Skull","Sundial","Pear","Black Star","Blue Candle"],"card_choices":[{"not_picked":["Eviscerate","Caltrops"],"picked":"Poisoned Stab"},{"not_picked":["Calculated Gamble","Choke"],"picked":"Infinite Blades"},{"not_picked":["Dagger Throw","Caltrops"],"picked":"Backflip"},{"not_picked":["Cloak And Dagger","Flying Knee"],"picked":"Dagger Spray"},{"not_picked":["Blade Dance","Finisher"],"picked":"Noxious Fumes"},{"not_picked":["After Image","Phantasmal Killer"],"picked":"Tactician"},{"not_picked":["Cloak And Dagger","Terror"],"picked":"Blur"},{"not_picked":["Flying Knee","Cloak And Dagger"],"picked":"Acrobatics"},{"not_picked":["Deflect","Finisher"],"picked":"Poisoned Stab"}],"player_experience":101609,"potions_floor_usage":[1,11,11,14,16,16,16,18,21,21,24],"damage_taken":[{"damage":1,"enemies":"Blue Slaver","floor":1,"turns":3},{"damage":3,"enemies":"2 Louse","floor":2,"turns":3},{"damage":33,"enemies":"Lagavulin","floor":11,"turns":5},{"damage":0,"enemies":"Small Slimes","floor":13,"turns":2},{"damage":0,"enemies":"2 Fungi Beasts","floor":14,"turns":2},{"damage":36,"enemies":"The Guardian","floor":16,"turns":7},{"damage":20,"enemies":"Shell Parasite","floor":18,"turns":4},{"damage":26,"enemies":"2 Thieves","floor":21,"turns":4},{"damage":26,"enemies":"Snake Plant","floor":22,"turns":4},{"damage":38,"enemies":"Gremlin Leader","floor":24,"turns":4}],"event_choices":[{"event_name":"Golden Idol","player_choice":"Take Damage","floor":4,"damage_taken":0},{"event_name":"World of Goop","player_choice":"Gather Gold","floor":5,"damage_taken":0},{"event_name":"Big Fish","player_choice":"Box","floor":6,"damage_taken":0},{"event_name":"Addict","player_choice":"Obtained Relic","floor":19,"damage_taken":0},{"event_name":"Accursed Blacksmith","player_choice":"Forge","floor":20,"damage_taken":0}],"boss_relics":[{"not_picked":["Calling Bell","White Beast Statue"],"picked":"Black Star"}],"potions_floor_spawned":[2,18],"seed_played":"-571798578549043540","killed_by":"Gremlin Leader","ascension_level":4,"is_trial":false}