{"gold_per_floor":[117,117,80,80,97,97,132,149,172,184,196,225,237,272,284,375,387,418,430,20,39,56,56,118,118,118,133,133,133,180,213,213,213],"floor_reached":33,"playtime":1308,"items_purged":[],"score":566,"play_id":"8f36ac09-82cd-4bb0-9a2a-fa95d89a6ba9","local_time":"20190116094132","is_ascension_mode":true,"campfire_choices":[{"data":"Blur","floor":6.0,"key":"SMITH"},{"floor":10.0,"key":"REST"},{"data":"Wraith Form v2","floor":13.0,"key":"SMITH"},{"data":"Poisoned Stab","floor":15.0,"key":"SMITH"},{"data":"Predator","floor":23.0,"key":"SMITH"},{"data":"Glass Knife","floor":25.0,"key":"SMITH"},{"data":"Adrenaline","floor":32,"key":"SMITH"}],"neow_cost":"NONE","seed_source_timestamp":0,"circlet_count":0,"master_deck":["AscendersBane","Neutralize","Dagger Throw","Bullet Time+1","Dagger Spray","PiercingWail+1","Calculated Gamble","Predator","Dagger Throw","Wraith Form v2+1","Cloak And Dagger","Blur+1","Backflip","Poisoned Stab+1","Glass Knife+1","Skewer+1","Burst+1","PiercingWail","Backstab","Predator+1","Adrenaline+1","Decay","Escape Plan"],"special_seed":0,"relics":["Pandora\u0027s Box","Art of War","MawBank","Potion Belt","Regal Pillow","Astrolabe","Membership Card","Snake Skull","Bag of Preparation","Tiny Chest","Mummified Hand","MutagenicStrength","Lantern","Ancient Tea Set"],"potions_floor_usage":[33],"damage_taken":[{"damage":4.0,"enemies":"Jaw Worm","floor":1.0,"turns":3.0},{"damage":10.0,"enemies":"Small Slimes","floor":5.0,"turns":4.0},{"damage":12.0,"enemies":"3 Sentries","floor":7.0,"turns":7.0},{"damage":0.0,"enemies":"2 Louse","floor":8.0,"turns":2.0},{"damage":0.0,"enemies":"2 Fungi Beasts","floor":12.0,"turns":3.0},{"damage":30.0,"enemies":"Hexaghost","floor":16.0,"turns":12.0},{"damage":0.0,"enemies":"Chosen","floor":18.0,"turns":5.0},{"damage":0.0,"enemies":"Spheric Guardian","floor":21.0,"turns":3.0},{"damage":0.0,"enemies":"Snecko","floor":22.0,"turns":5.0},{"damage":0.0,"enemies":"Gremlin Leader","floor":24.0,"turns":9.0},{"damage":22.0,"enemies":"Shelled Parasite and Fungi","floor":27.0,"turns":5.0},{"damage":1,"enemies":"Book of Stabbing","floor":31,"turns":4},{"damage":67,"enemies":"Collector","floor":33,"turns":12}],"seed_played":"-1514766059384573372","potions_obtained":[{"floor":5.0,"key":"Regen Potion"},{"floor":7.0,"key":"Swift Potion"},{"floor":8.0,"key":"Fire Potion"},{"floor":18.0,"key":"LiquidBronze"},{"floor":24.0,"key":"GhostInAJar"}],"is_trial":false,"path_per_floor":["M","?","?","?","M","R","E","M","T","R","?","M","R","T","R","B",null,"M","?","$","M","M","R","E","R","T","M","?","?","T","E","R","B"],"character_chosen":"THE_SILENT","items_purchased":["Membership Card","Fruit Juice","Snake Skull","Bag of Preparation"],"campfire_rested":1,"item_purchase_floors":[20,20,20,20],"current_hp_per_floor":[55,35,35,40,30,30,18,18,18,39,39,39,39,39,39,9,56,56,61,61,61,61,61,66,66,66,44,44,44,44,43,43,0],"gold":213,"neow_bonus":"BOSS_RELIC","is_prod":false,"is_daily":false,"chose_seed":false,"campfire_upgraded":6,"win_rate":0,"timestamp":1547660492,"path_taken":["M","?","?","?","M","R","E","M","T","R","?","M","R","?","R","BOSS","M","?","$","?","M","R","E","R","T","M","?","?","?","E","R","BOSS"],"build_version":"2019-01-10","purchased_purges":0,"victory":false,"max_hp_per_floor":[66,66,66,71,71,71,71,71,71,71,71,71,71,71,71,71,71,71,71,71,71,71,71,76,76,76,76,76,76,76,76,76,76],"card_choices":[{"not_picked":["Acrobatics","Sucker Punch"],"picked":"Cloak And Dagger","floor":1.0},{"not_picked":["Dodge and Roll","Finisher"],"picked":"Blur","floor":5.0},{"not_picked":["Heel Hook","Flechettes","Outmaneuver"],"picked":"SKIP","floor":7.0},{"not_picked":["Flying Knee","Tools of the Trade"],"picked":"Backflip","floor":8.0},{"not_picked":["Outmaneuver","Slice"],"picked":"Poisoned Stab","floor":12.0},{"not_picked":["Night Terror","Wraith Form v2"],"picked":"Glass Knife","floor":16.0},{"not_picked":["Skewer","Dagger Throw"],"picked":"PiercingWail","floor":18.0},{"not_picked":["Concentrate","Bane+1"],"picked":"Backstab","floor":21.0},{"not_picked":["Acrobatics+1","Outmaneuver+1"],"picked":"Predator","floor":22.0},{"not_picked":["Skewer","PiercingWail","All Out Attack"],"picked":"SKIP","floor":24.0},{"not_picked":["Quick Slash","Leg Sweep"],"picked":"Adrenaline","floor":27.0},{"not_picked":["Envenom","Backflip+1"],"picked":"Escape Plan","floor":31}],"player_experience":1075916,"relics_obtained":[{"floor":7.0,"key":"Art of War"},{"floor":9.0,"key":"MawBank"},{"floor":14.0,"key":"Regal Pillow"},{"floor":24.0,"key":"Tiny Chest"},{"floor":26.0,"key":"Mummified Hand"},{"floor":30,"key":"Lantern"},{"floor":31,"key":"Ancient Tea Set"}],"event_choices":[{"damage_healed":0.0,"max_hp_gain":0.0,"max_hp_loss":0.0,"gold_gain":0.0,"event_name":"Shining Light","player_choice":"Entered Light","floor":2.0,"gold_loss":0.0,"damage_taken":20.0,"cards_upgraded":["Bullet Time","PiercingWail"]},{"damage_healed":0.0,"max_hp_gain":0.0,"max_hp_loss":0.0,"gold_gain":0.0,"event_name":"World of Goop","player_choice":"Left Gold","floor":3.0,"gold_loss":37.0,"damage_taken":0.0},{"damage_healed":0.0,"max_hp_gain":5.0,"max_hp_loss":0.0,"gold_gain":0.0,"event_name":"Big Fish","player_choice":"Donut","floor":4.0,"gold_loss":0.0,"damage_taken":0.0},{"damage_healed":0.0,"max_hp_gain":0.0,"max_hp_loss":0.0,"gold_gain":0.0,"event_name":"Dead Adventurer","player_choice":"Searched \u00272\u0027 times","floor":11.0,"gold_loss":0.0,"damage_taken":0.0,"relics_obtained":["Potion Belt"]},{"cards_removed":["Prepared"],"damage_healed":5.0,"max_hp_gain":0.0,"max_hp_loss":0.0,"gold_gain":0.0,"event_name":"Bonfire Elementals","player_choice":"Offered Common","floor":19.0,"gold_loss":0.0,"damage_taken":0.0},{"cards_removed":["Prepared"],"damage_healed":5.0,"max_hp_gain":0.0,"max_hp_loss":0.0,"gold_gain":0.0,"event_name":"Bonfire Elementals","player_choice":"Offered Special","floor":19.0,"gold_loss":0.0,"damage_taken":0.0},{"damage_healed":0,"gold_gain":0,"player_choice":"Inject Mutagens","damage_taken":0,"relics_obtained":["MutagenicStrength"],"max_hp_gain":0,"max_hp_loss":0,"event_name":"Drug Dealer","floor":28,"gold_loss":0},{"damage_healed":0,"gold_gain":0,"player_choice":"Smashed Altar","damage_taken":0,"max_hp_gain":0,"max_hp_loss":0,"event_name":"Forgotten Altar","floor":29,"gold_loss":0,"cards_obtained":["Decay"]}],"is_beta":false,"boss_relics":[{"not_picked":["Tiny House","Orrery"],"picked":"Astrolabe"}],"items_purged_floors":[],"is_endless":false,"potions_floor_spawned":[5,7,8,18,24],"killed_by":"Collector","ascension_level":17}