{"gold_per_floor":[115,135,54,54,74,102,112,123,123,88,107,36,36,69,69,168,168,178,103,103,117,117,143,143,173,173,204,204,217,66,66,66,162,162,173,173,185,185,36,68,68,83,159,172,172,172,132,185,185,185],"floor_reached":50,"playtime":6588,"items_purged":["Defend_B"],"score":958,"play_id":"2b2058ee-bbb8-46a8-a2d6-cdd05f0c7af1","local_time":"20190331125421","is_ascension_mode":true,"campfire_choices":[{"data":"Defragment","floor":15.0,"key":"SMITH"},{"data":"Double Energy","floor":24.0,"key":"SMITH"},{"floor":28.0,"key":"REST"},{"data":"Self Repair","floor":32.0,"key":"SMITH"},{"data":"Coolheaded","floor":41.0,"key":"SMITH"},{"data":"Ghostly","floor":49,"key":"SMITH"}],"neow_cost":"NONE","seed_source_timestamp":0,"circlet_count":0,"master_deck":["AscendersBane","Defend_B","Defend_B","Defend_B","Zap","Dualcast","Tempest","Coolheaded+1","Glacier","Multi-Cast","Coolheaded","Sweeping Beam","Ball Lightning","Defragment+1","Barrage","Buffer+1","Doom and Gloom+1","Redo+1","Double Energy+1","RitualDagger","Turbo","Ghostly","Ghostly","Ghostly","Ghostly+1","Ghostly+1","BootSequence","Hologram","Genetic Algorithm+1","Self Repair+1","Electrodynamics","Madness+1","Madness","Go for the Eyes+1","Reinforced Body+1"],"special_seed":0,"relics":["Busted Crown","Orichalcum","Darkstone Periapt","Letter Opener","Astrolabe","Vajra","Omamori","Dodecahedron","Juzu Bracelet","Ancient Tea Set","Centennial Puzzle","Nuclear Battery","Happy Flower","Sundial","Question Card","Ice Cream"],"potions_floor_usage":[48,50,50],"damage_taken":[{"damage":4.0,"enemies":"2 Louse","floor":1.0,"turns":3.0},{"damage":7.0,"enemies":"Jaw Worm","floor":2.0,"turns":3.0},{"damage":0.0,"enemies":"Small Slimes","floor":5.0,"turns":3.0},{"damage":19.0,"enemies":"Lagavulin","floor":6.0,"turns":7.0},{"damage":9.0,"enemies":"Exordium Thugs","floor":7.0,"turns":8.0},{"damage":0.0,"enemies":"3 Louse","floor":8.0,"turns":4.0},{"damage":12.0,"enemies":"Large Slime","floor":11.0,"turns":6.0},{"damage":5.0,"enemies":"3 Sentries","floor":14.0,"turns":8.0},{"damage":11.0,"enemies":"Hexaghost","floor":16.0,"turns":9.0},{"damage":13.0,"enemies":"Chosen","floor":18.0,"turns":5.0},{"damage":0.0,"enemies":"Spheric Guardian","floor":21.0,"turns":5.0},{"damage":4.0,"enemies":"Book of Stabbing","floor":23.0,"turns":7.0},{"damage":0.0,"enemies":"Slavers","floor":25.0,"turns":4.0},{"damage":0.0,"enemies":"Gremlin Leader","floor":27.0,"turns":7.0},{"damage":0.0,"enemies":"3 Cultists","floor":29.0,"turns":5.0},{"damage":23.0,"enemies":"Collector","floor":33.0,"turns":13.0},{"damage":0.0,"enemies":"Orb Walker","floor":35.0,"turns":5.0},{"damage":0.0,"enemies":"3 Shapes","floor":37.0,"turns":3.0},{"damage":9.0,"enemies":"Reptomancer","floor":40.0,"turns":5.0},{"damage":0.0,"enemies":"3 Darklings","floor":42.0,"turns":5.0},{"damage":2.0,"enemies":"Sphere and 2 Shapes","floor":44.0,"turns":8.0},{"damage":0,"enemies":"2 Orb Walkers","floor":48,"turns":6},{"damage":54,"enemies":"Time Eater","floor":50,"turns":7}],"seed_played":"-230532685822533799","potions_obtained":[{"floor":1.0,"key":"Energy Potion"},{"floor":6.0,"key":"Ancient Potion"},{"floor":8.0,"key":"FearPotion"},{"floor":14.0,"key":"AttackPotion"},{"floor":18.0,"key":"Swift Potion"},{"floor":25.0,"key":"Fire Potion"},{"floor":29.0,"key":"EssenceOfSteel"},{"floor":33.0,"key":"SkillPotion"},{"floor":48,"key":"Dexterity Potion"}],"is_trial":false,"path_per_floor":["M","M","$","?","M","E","M","M","T","?","M","$","?","E","R","B",null,"M","$","?","M","?","E","R","E","T","E","R","M","$","?","R","B",null,"M","?","M","?","$","E","R","M","T","M","?","$","?","?","R","B"],"character_chosen":"DEFECT","items_purchased":["Glacier","Defragment","Ancient Tea Set","Happy Flower"],"campfire_rested":1,"item_purchase_floors":[3,12,30,39],"current_hp_per_floor":[64,57,57,57,57,38,29,29,29,47,35,35,40,35,35,24,66,53,53,47,47,40,36,36,36,36,36,40,40,40,40,40,27,37,40,40,40,35,35,36,36,40,40,40,40,40,40,40,40,0],"gold":185,"neow_bonus":"BOSS_RELIC","is_prod":false,"is_daily":false,"chose_seed":false,"campfire_upgraded":5,"win_rate":0,"timestamp":1554033261,"path_taken":["M","M","$","?","M","E","M","M","T","?","M","$","?","E","R","BOSS","M","$","?","M","?","E","R","E","T","E","R","M","$","?","R","BOSS","M","?","M","?","$","E","R","M","T","M","?","$","?","?","R","BOSS"],"build_version":"2019-01-23","purchased_purges":1,"victory":false,"max_hp_per_floor":[75,75,75,75,75,75,75,75,75,75,75,75,80,80,80,80,80,80,80,80,80,40,40,40,40,40,40,40,40,40,40,40,40,40,40,40,40,40,40,40,40,40,40,40,40,40,40,40,40,40],"card_choices":[{"not_picked":[],"picked":"Tempest","floor":1.0},{"not_picked":[],"picked":"Coolheaded","floor":2.0},{"not_picked":[],"picked":"Cold Snap","floor":5.0},{"not_picked":["Fusion"],"picked":"SKIP","floor":6.0},{"not_picked":[],"picked":"Coolheaded","floor":7.0},{"not_picked":[],"picked":"Sweeping Beam","floor":8.0},{"not_picked":[],"picked":"Ball Lightning","floor":11.0},{"not_picked":[],"picked":"Barrage","floor":14.0},{"not_picked":[],"picked":"Double Energy","floor":18.0},{"not_picked":[],"picked":"Turbo","floor":21.0},{"not_picked":[],"picked":"BootSequence","floor":23.0},{"not_picked":[],"picked":"Hologram","floor":25.0},{"not_picked":[],"picked":"Genetic Algorithm","floor":27.0},{"not_picked":[],"picked":"Self Repair","floor":29.0},{"not_picked":[],"picked":"Electrodynamics","floor":33.0},{"not_picked":["Ball Lightning"],"picked":"SKIP","floor":35.0},{"not_picked":["Turbo"],"picked":"SKIP","floor":37.0},{"not_picked":["Steam"],"picked":"SKIP","floor":40.0},{"not_picked":["Steam"],"picked":"SKIP","floor":42.0},{"not_picked":["Scrape+1"],"picked":"Go for the Eyes+1","floor":44},{"not_picked":["White Noise"],"picked":"Reinforced Body+1","floor":48}],"player_experience":824785,"relics_obtained":[{"floor":6.0,"key":"Orichalcum"},{"floor":9.0,"key":"Darkstone Periapt"},{"floor":14.0,"key":"Letter Opener"},{"floor":23.0,"key":"Vajra"},{"floor":25.0,"key":"Omamori"},{"floor":26.0,"key":"Dodecahedron"},{"floor":27.0,"key":"Juzu Bracelet"},{"floor":40.0,"key":"Sundial"},{"floor":43.0,"key":"Question Card"},{"floor":48,"key":"Ice Cream"}],"event_choices":[{"damage_healed":0.0,"max_hp_gain":0.0,"max_hp_loss":0.0,"gold_gain":0.0,"cards_transformed":["Strike_B"],"event_name":"Living Wall","player_choice":"Change","floor":4.0,"gold_loss":0.0,"damage_taken":0.0,"cards_obtained":["Multi-Cast"]},{"damage_healed":18.0,"max_hp_gain":0.0,"max_hp_loss":0.0,"gold_gain":0.0,"event_name":"The Cleric","player_choice":"Healed","floor":10.0,"gold_loss":35.0,"damage_taken":0.0},{"damage_healed":0.0,"max_hp_gain":5.0,"max_hp_loss":0.0,"gold_gain":0.0,"event_name":"Big Fish","player_choice":"Donut","floor":13.0,"gold_loss":0.0,"damage_taken":0.0},{"damage_healed":0.0,"max_hp_gain":0.0,"max_hp_loss":0.0,"gold_gain":0.0,"event_name":"Nest","player_choice":"Joined the Cult","floor":20.0,"gold_loss":0.0,"damage_taken":6.0,"cards_obtained":["RitualDagger"]},{"damage_healed":0.0,"max_hp_gain":0.0,"max_hp_loss":40.0,"gold_gain":0.0,"event_name":"Ghosts","player_choice":"Became a Ghost","floor":22.0,"gold_loss":0.0,"damage_taken":0.0,"cards_obtained":["Ghostly","Ghostly","Ghostly","Ghostly","Ghostly"]},{"damage_healed":0.0,"max_hp_gain":0.0,"max_hp_loss":0.0,"gold_gain":0.0,"event_name":"The Mausoleum","player_choice":"Opened","floor":31.0,"gold_loss":0.0,"damage_taken":0.0,"relics_obtained":["Centennial Puzzle"]},{"cards_removed":["Cold Snap"],"damage_healed":0.0,"max_hp_gain":0.0,"max_hp_loss":0.0,"gold_gain":0.0,"event_name":"Falling","player_choice":"Removed Attack","floor":36.0,"gold_loss":0.0,"damage_taken":0.0},{"damage_healed":0.0,"max_hp_gain":0.0,"max_hp_loss":0.0,"gold_gain":0.0,"event_name":"Winding Halls","player_choice":"Embrace Madness","floor":38.0,"gold_loss":0.0,"damage_taken":5.0,"cards_obtained":["Madness","Madness"]},{"damage_healed":0,"gold_gain":0,"player_choice":"Upgraded","damage_taken":0,"max_hp_gain":0,"max_hp_loss":0,"event_name":"Upgrade Shrine","floor":45,"gold_loss":0,"cards_upgraded":["Ghostly"]},{"damage_healed":0,"gold_gain":0,"player_choice":"Upgraded Two","damage_taken":0,"max_hp_gain":0,"max_hp_loss":0,"event_name":"Designer","floor":47,"gold_loss":40,"cards_upgraded":["Genetic Algorithm","Madness"]},{"damage_healed":0,"gold_gain":0,"player_choice":"Fight","damage_taken":0,"max_hp_gain":0,"max_hp_loss":0,"event_name":"Mysterious Sphere","floor":48,"gold_loss":0}],"is_beta":false,"boss_relics":[{"not_picked":["Runic Pyramid","Tiny House"],"picked":"Astrolabe"},{"not_picked":["Philosopher\u0027s Stone","Lizard Tail"],"picked":"Nuclear Battery"}],"items_purged_floors":[19],"is_endless":false,"potions_floor_spawned":[1,6,8,14,18,25,29,33,48],"killed_by":"Time Eater","ascension_level":11}