{"gold_per_floor":[119,137,31,43,43,43,78,100,137,175,187,212,201,201,201,273,273,286,305,305,227,3,33,33,59,131,230,230,263,263],"floor_reached":30,"playtime":928,"items_purged":[],"score":542,"play_id":"6e95478a-5d72-44e9-b72d-96ace8ee6f95","local_time":"20181020185507","is_ascension_mode":true,"campfire_choices":[{"data":"Perfected Strike","floor":6,"key":"SMITH"},{"data":"Infernal Blade","floor":11,"key":"SMITH"},{"floor":15,"key":"REST"},{"data":"Limit Break","floor":24,"key":"SMITH"},{"floor":28,"key":"REST"}],"neow_cost":"NONE","seed_source_timestamp":867078718868812,"circlet_count":0,"master_deck":["Strike_R","Strike_R","Strike_R","Strike_R","Strike_R","Defend_R","Defend_R","Defend_R","Defend_R","Bash","AscendersBane","Finesse","Whirlwind","True Grit","Flex","Perfected Strike+1","Infernal Blade+1","Infernal Blade+1","Disarm","Shrug It Off","Disarm","Perfected Strike+1","Limit Break+1","Pummel","Warcry","Reaper","Perfected Strike","Headbutt","Shrug It Off+1","Disarm+1","Seeing Red+1"],"relics":["Burning Blood","MawBank","Red Skull","Omamori","Lizard Tail","Pen Nib","Toxic Egg 2","Kunai","Dodecahedron","Happy Flower"],"potions_floor_usage":[7,7,10,12,23],"damage_taken":[{"damage":0,"enemies":"Small Slimes","floor":1,"turns":3},{"damage":0,"enemies":"2 Louse","floor":2,"turns":1},{"damage":1,"enemies":"Cultist","floor":4,"turns":3},{"damage":0,"enemies":"Gremlin Nob","floor":7,"turns":3},{"damage":13,"enemies":"Blue Slaver","floor":8,"turns":2},{"damage":42,"enemies":"Lagavulin","floor":10,"turns":8},{"damage":0,"enemies":"Lots of Slimes","floor":12,"turns":1},{"damage":41,"enemies":"Hexaghost","floor":16,"turns":10},{"damage":6,"enemies":"3 Byrds","floor":18,"turns":6},{"damage":12,"enemies":"Chosen","floor":19,"turns":3},{"damage":72,"enemies":"Gremlin Leader","floor":23,"turns":11},{"damage":41,"enemies":"Book of Stabbing","floor":25,"turns":6},{"damage":125,"enemies":"Gremlin Leader","floor":29,"turns":12},{"damage":30,"enemies":"Snake Plant","floor":30,"turns":2}],"seed_played":"2947587547281146964","potions_obtained":[{"floor":4,"key":"EntropicBrew"},{"floor":8,"key":"FairyPotion"},{"floor":10,"key":"Swift Potion"},{"floor":18,"key":"SkillPotion"}],"is_trial":false,"path_per_floor":["M","M","$","M","?","R","E","M","T","E","R","M","$","?","R","B",null,"M","M","?","$","$","E","R","E","T","?","R","E"],"character_chosen":"IRONCLAD","items_purchased":["Flex","Perfected Strike","Perfected Strike","Reaper","Perfected Strike","Pen Nib","Headbutt"],"campfire_rested":2,"item_purchase_floors":[3,3,13,21,22,22,22],"current_hp_per_floor":[74,75,75,75,75,75,75,68,68,32,32,38,38,38,60,25,63,63,57,75,75,75,51,51,25,25,25,47,28,0],"gold":263,"neow_bonus":"RANDOM_COLORLESS","is_prod":false,"is_daily":false,"chose_seed":false,"campfire_upgraded":3,"win_rate":0,"timestamp":1540086907,"path_taken":["M","M","$","M","?","R","E","M","T","E","R","?","$","?","R","BOSS","M","M","?","?","$","E","R","E","T","?","R","E","M"],"build_version":"2018-10-18","purchased_purges":0,"victory":false,"max_hp_per_floor":[75,75,75,75,75,75,75,75,75,75,75,75,75,75,75,75,75,75,75,75,75,75,75,75,75,75,75,75,75,75],"card_choices":[{"not_picked":["Headbutt","Anger"],"picked":"Whirlwind","floor":1},{"not_picked":["Heavy Blade","Corruption"],"picked":"True Grit","floor":2},{"not_picked":["Headbutt","Armaments"],"picked":"Infernal Blade","floor":4},{"not_picked":["Reckless Charge","Heavy Blade"],"picked":"Infernal Blade","floor":7},{"not_picked":["Searing Blow","Shrug It Off"],"picked":"Disarm","floor":8},{"not_picked":["Fire Breathing","Clash"],"picked":"Shrug It Off","floor":10},{"not_picked":["Heavy Blade","True Grit"],"picked":"Disarm","floor":12},{"not_picked":["Brutality","Juggernaut"],"picked":"Limit Break","floor":16},{"not_picked":["Warcry","Combust"],"picked":"Pummel","floor":18},{"not_picked":["Havoc","Sword Boomerang"],"picked":"Warcry","floor":19},{"not_picked":["Iron Wave","Intimidate"],"picked":"Shrug It Off","floor":23},{"not_picked":["Twin Strike","Pommel Strike"],"picked":"Disarm+1","floor":25},{"not_picked":["Reckless Charge","Armaments+1"],"picked":"Seeing Red+1","floor":29}],"player_experience":583160,"relics_obtained":[{"floor":7,"key":"MawBank"},{"floor":9,"key":"Red Skull"},{"floor":10,"key":"Omamori"},{"floor":23,"key":"Toxic Egg 2"},{"floor":25,"key":"Kunai"},{"floor":26,"key":"Dodecahedron"},{"floor":29,"key":"Happy Flower"}],"event_choices":[{"damage_healed":0,"gold_gain":0,"player_choice":"Grow","damage_taken":0,"max_hp_gain":0,"max_hp_loss":0,"event_name":"Living Wall","floor":5,"gold_loss":0,"cards_upgraded":["Infernal Blade"]},{"damage_healed":0,"gold_gain":0,"player_choice":"Upgraded","damage_taken":0,"max_hp_gain":0,"max_hp_loss":0,"event_name":"Upgrade Shrine","floor":14,"gold_loss":0,"cards_upgraded":["Perfected Strike"]},{"damage_healed":25,"gold_gain":0,"player_choice":"Heal","damage_taken":0,"max_hp_gain":0,"max_hp_loss":0,"event_name":"The Library","floor":20,"gold_loss":0},{"damage_healed":0,"gold_gain":99,"player_choice":"Stole From Cult","damage_taken":0,"max_hp_gain":0,"max_hp_loss":0,"event_name":"Nest","floor":27,"gold_loss":0}],"is_beta":false,"boss_relics":[{"not_picked":["Black Blood","Fusion Hammer"],"picked":"Lizard Tail"}],"items_purged_floors":[],"is_endless":false,"potions_floor_spawned":[4,8,10,18],"killed_by":"Snake Plant","ascension_level":14}