{"gold_per_floor":[15,15,15,15,15,15,51,51,51,91,165,165,186,204,204,334,334,348,196,216,216,18,84,84,128,128,128,144,144,144,160,160,279,279,298,1297,1311,219,234,268,268,292,318,318,228,228,243,257,257,257],"floor_reached":51,"playtime":2598,"items_purged":["Normality","Shame","Normality"],"score":972,"play_id":"04091e8c-517e-44e6-a453-491b531d89e6","local_time":"20190414125033","is_ascension_mode":true,"campfire_choices":[{"data":"Zap","floor":6,"key":"SMITH"},{"floor":8,"key":"REST"},{"floor":12,"key":"REST"},{"floor":15,"key":"REST"},{"data":"Electrodynamics","floor":24,"key":"SMITH"},{"data":"Self Repair","floor":29,"key":"SMITH"},{"floor":32,"key":"REST"},{"floor":41,"key":"DIG"},{"floor":44,"key":"DIG"},{"floor":46,"key":"DIG"},{"floor":49,"key":"DIG"}],"neow_cost":"NO_GOLD","seed_source_timestamp":671037329216817,"circlet_count":0,"master_deck":["Strike_B","Strike_B","Strike_B","Strike_B","Defend_B","Defend_B+1","Defend_B","Defend_B","Zap+1","Dualcast+1","Gash","Gash","Doom and Gloom","Go for the Eyes","Go for the Eyes+1","Electrodynamics+1","Injury","Conserve Battery+1","Self Repair+1","Gash","Hello World","Gash","Gash","Loop+1","Creative AI","Glacier+1","Capacitor","Static Discharge","Reboot","Parasite","Gash+1","Gash","Gash"],"relics":["Cracked Core","Bird Faced Urn","War Paint","Golden Idol","Darkstone Periapt","Matryoshka","Strawberry","Happy Flower","Calling Bell","Blood Vial","Letter Opener","Mango","Tiny Chest","Shuriken","Lantern","Du-Vu Doll","Enchiridion","Coffee Dripper","Shovel","Pantograph","Sling","WingedGreaves","DataDisk","Pen Nib","Potion Belt","Pocketwatch","PreservedInsect","Oddly Smooth Stone"],"potions_floor_usage":[14,23,28,31,39,42,50],"damage_taken":[{"damage":2,"enemies":"Jaw Worm","floor":1,"turns":3},{"damage":34,"enemies":"Gremlin Nob","floor":7,"turns":5},{"damage":15,"enemies":"3 Sentries","floor":10,"turns":6},{"damage":26,"enemies":"Gremlin Nob","floor":11,"turns":4},{"damage":0,"enemies":"2 Louse","floor":13,"turns":2},{"damage":0,"enemies":"Small Slimes","floor":14,"turns":2},{"damage":49,"enemies":"Hexaghost","floor":16,"turns":9},{"damage":8,"enemies":"Chosen","floor":18,"turns":4},{"damage":32,"enemies":"3 Byrds","floor":20,"turns":5},{"damage":28,"enemies":"Gremlin Leader","floor":23,"turns":6},{"damage":44,"enemies":"Slavers","floor":25,"turns":4},{"damage":24,"enemies":"Cultist and Chosen","floor":28,"turns":5},{"damage":7,"enemies":"Snecko","floor":31,"turns":5},{"damage":75,"enemies":"Automaton","floor":33,"turns":7},{"damage":8,"enemies":"3 Shapes","floor":35,"turns":3},{"damage":33,"enemies":"3 Darklings","floor":37,"turns":3},{"damage":73,"enemies":"Writhing Mass","floor":39,"turns":6},{"damage":75,"enemies":"Reptomancer","floor":40,"turns":5},{"damage":1,"enemies":"Jaw Worm Horde","floor":42,"turns":3},{"damage":8,"enemies":"4 Shapes","floor":47,"turns":5},{"damage":23,"enemies":"3 Darklings","floor":48,"turns":2},{"damage":57,"enemies":"Donu and Deca","floor":50,"turns":6}],"seed_played":"3453754201589181980","potions_obtained":[{"floor":7,"key":"Energy Potion"},{"floor":14,"key":"Fruit Juice"},{"floor":20,"key":"Dexterity Potion"},{"floor":25,"key":"SkillPotion"},{"floor":33,"key":"Regen Potion"},{"floor":40,"key":"GamblersBrew"},{"floor":47,"key":"Fire Potion"},{"floor":48,"key":"SkillPotion"}],"is_trial":false,"path_per_floor":["M","?","$","?","?","R","E","R","T","E","?","R","M","M","R","B",null,"M","$","M","?","$","E","R","E","T","?","M","R","?","M","R","B",null,"M","?","M","$","M","E","R","M","T","R","?","R","M","M","R","B",null],"character_chosen":"DEFECT","items_purchased":["Self Repair","Gash","Hello World","Shovel","Pantograph","Sling","Static Discharge","Reboot"],"campfire_rested":4,"item_purchase_floors":[19,22,22,38,38,38,38,38],"current_hp_per_floor":[73,70,70,70,52,52,18,40,40,32,6,30,30,35,61,12,119,113,113,94,94,94,81,81,52,52,91,80,80,64,63,98,43,119,119,131,100,100,70,19,19,24,24,24,24,24,42,25,25,19],"gold":257,"neow_bonus":"ONE_RARE_RELIC","is_prod":false,"is_daily":false,"chose_seed":false,"campfire_upgraded":3,"win_rate":0,"timestamp":1555260633,"path_taken":["M","?","$","?","?","R","E","R","T","E","?","R","M","?","R","BOSS","M","$","M","?","$","E","R","E","T","?","M","R","?","M","R","BOSS","M","?","M","$","M","E","R","M","T","R","?","R","?","M","R","BOSS"],"build_version":"2019-01-23","purchased_purges":3,"victory":true,"max_hp_per_floor":[75,75,75,75,75,75,75,75,75,82,82,82,82,87,87,87,119,119,119,119,119,119,119,119,119,119,119,119,119,119,119,119,119,119,119,131,131,131,137,137,137,137,137,137,137,137,137,137,137,137],"card_choices":[{"not_picked":["Hologram","Conserve Battery"],"picked":"Gash","floor":1},{"not_picked":["Glacier","Turbo"],"picked":"Gash","floor":7},{"not_picked":["Compile Driver","Beam Cell","Fission"],"picked":"SKIP","floor":10},{"not_picked":["Turbo","Streamline"],"picked":"Doom and Gloom","floor":11},{"not_picked":["Consume","Hologram"],"picked":"Go for the Eyes","floor":13},{"not_picked":["Barrage","Ball Lightning"],"picked":"Go for the Eyes","floor":14},{"not_picked":["Fission","Seek"],"picked":"Electrodynamics","floor":16},{"not_picked":["Rebound","Beam Cell"],"picked":"Conserve Battery+1","floor":18},{"not_picked":["Sweeping Beam","FTL","Doom and Gloom"],"picked":"SKIP","floor":20},{"not_picked":["Self Repair+1","Rainbow"],"picked":"Gash","floor":23},{"not_picked":["Beam Cell","Skim+1","Go for the Eyes"],"picked":"SKIP","floor":25},{"not_picked":["Turbo","Ball Lightning"],"picked":"Gash","floor":28},{"not_picked":["Sweeping Beam","Rebound"],"picked":"Loop+1","floor":31},{"not_picked":["Rainbow","Multi-Cast"],"picked":"Creative AI","floor":33},{"not_picked":["Leap+1","Go for the Eyes+1"],"picked":"Glacier+1","floor":35},{"not_picked":["Compile Driver+1","Double Energy"],"picked":"Capacitor","floor":37},{"not_picked":["Conserve Battery","Sunder"],"picked":"Gash+1","floor":39},{"not_picked":["Leap","Turbo+1","Multi-Cast"],"picked":"SKIP","floor":40},{"not_picked":["Sweeping Beam","Ball Lightning","Rebound+1"],"picked":"SKIP","floor":42},{"not_picked":["Steam+1","Consume"],"picked":"Gash","floor":47},{"not_picked":["Blizzard","Aggregate+1"],"picked":"Gash","floor":48}],"player_experience":296097,"relics_obtained":[{"floor":7,"key":"Darkstone Periapt"},{"floor":9,"key":"Matryoshka"},{"floor":10,"key":"Strawberry"},{"floor":11,"key":"Happy Flower"},{"floor":17,"key":"Blood Vial"},{"floor":17,"key":"Letter Opener"},{"floor":17,"key":"Mango"},{"floor":23,"key":"Tiny Chest"},{"floor":25,"key":"Shuriken"},{"floor":26,"key":"Lantern"},{"floor":26,"key":"Du-Vu Doll"},{"floor":30,"key":"Enchiridion"},{"floor":40,"key":"WingedGreaves"},{"floor":41,"key":"DataDisk"},{"floor":43,"key":"Pen Nib"},{"floor":43,"key":"Potion Belt"},{"floor":44,"key":"Pocketwatch"},{"floor":46,"key":"PreservedInsect"},{"floor":49,"key":"Oddly Smooth Stone"}],"event_choices":[{"damage_healed":0,"gold_gain":0,"player_choice":"Success","damage_taken":3,"relics_obtained":["War Paint"],"max_hp_gain":0,"max_hp_loss":0,"event_name":"Scrap Ooze","floor":2,"gold_loss":0},{"damage_healed":0,"gold_gain":0,"player_choice":"Ignored","damage_taken":0,"max_hp_gain":0,"max_hp_loss":0,"event_name":"Liars Game","floor":4,"gold_loss":0},{"damage_healed":0,"gold_gain":0,"player_choice":"Take Damage","damage_taken":18,"relics_obtained":["Golden Idol"],"max_hp_gain":0,"max_hp_loss":0,"event_name":"Golden Idol","floor":5,"gold_loss":0},{"damage_healed":0,"gold_gain":30,"player_choice":"Searched \u00273\u0027 times","damage_taken":0,"max_hp_gain":0,"max_hp_loss":0,"event_name":"Dead Adventurer","floor":11,"gold_loss":0},{"damage_healed":0,"gold_gain":0,"player_choice":"Ignored","damage_taken":0,"max_hp_gain":0,"max_hp_loss":0,"event_name":"Ghosts","floor":21,"gold_loss":0},{"damage_healed":39,"gold_gain":0,"player_choice":"Heal","damage_taken":0,"max_hp_gain":0,"max_hp_loss":0,"event_name":"The Library","floor":27,"gold_loss":0},{"damage_healed":0,"gold_gain":0,"player_choice":"Obtained Book","damage_taken":16,"max_hp_gain":0,"max_hp_loss":0,"event_name":"Cursed Tome","floor":30,"gold_loss":0},{"damage_healed":0,"gold_gain":999,"player_choice":"Gold","damage_taken":0,"max_hp_gain":0,"max_hp_loss":0,"event_name":"MindBloom","floor":36,"gold_loss":0,"cards_obtained":["Normality","Normality"]},{"cards_removed":["Normality"],"damage_healed":0,"gold_gain":0,"player_choice":"Upgrade and Remove","damage_taken":0,"max_hp_gain":0,"max_hp_loss":0,"event_name":"Designer","floor":45,"gold_loss":90,"cards_upgraded":["Go for the Eyes"]}],"is_beta":false,"boss_relics":[{"not_picked":["Ectoplasm","Velvet Choker"],"picked":"Calling Bell"},{"not_picked":["Inserter","Eternal Feather"],"picked":"Coffee Dripper"}],"items_purged_floors":[19,22,38],"is_endless":false,"potions_floor_spawned":[7,14,20,25,33,40,47,48],"ascension_level":3}