{"gold_per_floor":[119,83,30,30,41,71,71,71,71,71,71,32,62,80,80,155,155,171,184,184,204,204,237,254,254,278,278,306,318,336,346,346,346],"floor_reached":33,"playtime":6271,"items_purged":[],"score":560,"play_id":"44e4d57b-2cd7-4754-b6c5-59de72bf574e","local_time":"20181025205101","is_ascension_mode":true,"campfire_choices":[{"data":"Perfected Strike","floor":10.0,"key":"SMITH"},{"data":"Reaper","floor":15.0,"key":"SMITH"},{"floor":25,"key":"REST"},{"floor":32,"key":"REST"}],"neow_cost":"NONE","seed_source_timestamp":0,"circlet_count":0,"master_deck":["Strike_R","Strike_R","Strike_R","Strike_R","Strike_R","Defend_R","Defend_R","Defend_R","Bash","AscendersBane","Twin Strike+1","Iron Wave","Perfected Strike+1","Uppercut","Flex","Inflame","Limit Break","Perfected Strike","Whirlwind","Twin Strike","Uppercut","Headbutt","Clash+1","Perfected Strike","Thunderclap","Twin Strike"],"special_seed":0,"relics":["Burning Blood","NeowsBlessing","Art of War","Omamori","Regal Pillow","Cursed Key","Bag of Preparation","Bird Faced Urn","Anchor","Red Skull","Oddly Smooth Stone"],"potions_floor_usage":[23,23,33,33],"damage_taken":[{"damage":0.0,"enemies":"Cultist","floor":1.0,"turns":1.0},{"damage":0.0,"enemies":"Small Slimes","floor":5.0,"turns":1.0},{"damage":0.0,"enemies":"Lagavulin","floor":6.0,"turns":1.0},{"damage":45.0,"enemies":"3 Sentries","floor":13.0,"turns":7.0},{"damage":9.0,"enemies":"2 Louse","floor":14.0,"turns":3.0},{"damage":57.0,"enemies":"The Guardian","floor":16.0,"turns":9.0},{"damage":32,"enemies":"Shell Parasite","floor":18,"turns":4},{"damage":15,"enemies":"3 Byrds","floor":19,"turns":4},{"damage":21,"enemies":"Snecko","floor":21,"turns":4},{"damage":40,"enemies":"Slavers","floor":23,"turns":3},{"damage":37,"enemies":"Snake Plant","floor":24,"turns":3},{"damage":31,"enemies":"Gremlin Leader","floor":28,"turns":5},{"damage":2,"enemies":"Cultist and Chosen","floor":29,"turns":3},{"damage":7,"enemies":"Centurion and Healer","floor":30,"turns":3},{"damage":0,"enemies":"Snake Plant","floor":31,"turns":1},{"damage":92,"enemies":"Collector","floor":33,"turns":6}],"seed_played":"-5342220960680687996","potions_obtained":[{"floor":5.0,"key":"BloodPotion"},{"floor":6.0,"key":"Strength Potion"},{"floor":18,"key":"Strength Potion"},{"floor":21,"key":"LiquidBronze"},{"floor":24,"key":"Strength Potion"},{"floor":30,"key":"Fire Potion"},{"floor":31,"key":"AttackPotion"}],"is_trial":false,"path_per_floor":["M","?","$","?","M","E","$","$","T","R","?","$","E","M","R","B",null,"M","M","?","M","?","E","M","R","T","?","E","M","M","M","R"],"character_chosen":"IRONCLAD","items_purchased":["Iron Wave","Uppercut"],"campfire_rested":2,"item_purchase_floors":[3,12],"current_hp_per_floor":[74,74,74,67,73,75,75,75,75,75,75,75,44,49,49,12,59,33,29,29,14,85,51,20,60,60,60,37,43,42,48,85,0],"gold":346,"neow_bonus":"THREE_ENEMY_KILL","is_prod":false,"is_daily":false,"chose_seed":false,"campfire_upgraded":2,"win_rate":0,"timestamp":1540525861,"path_taken":["M","?","$","?","M","E","?","$","T","R","?","?","E","M","R","BOSS","M","M","?","M","?","E","M","R","T","?","E","M","M","M","R","BOSS"],"build_version":"2018-10-25","purchased_purges":0,"victory":false,"max_hp_per_floor":[75,75,75,75,75,75,75,75,75,75,75,75,75,75,75,75,75,75,75,75,75,85,85,85,85,85,85,85,85,85,85,85,85],"card_choices":[{"not_picked":["Perfected Strike","Anger"],"picked":"Twin Strike","floor":1.0},{"not_picked":["True Grit","Reckless Charge"],"picked":"Perfected Strike","floor":5.0},{"not_picked":["Havoc","True Grit"],"picked":"Reaper","floor":6.0},{"not_picked":["Anger","Clothesline"],"picked":"Flex","floor":13.0},{"not_picked":["Rage","Combust"],"picked":"Inflame","floor":14.0},{"not_picked":["Berserk","Dark Embrace"],"picked":"Limit Break","floor":16.0},{"not_picked":["Body Slam","Clothesline"],"picked":"Perfected Strike","floor":18},{"not_picked":["Iron Wave+1","Body Slam"],"picked":"Whirlwind","floor":19},{"not_picked":["Searing Blow","Reckless Charge"],"picked":"Twin Strike","floor":21},{"not_picked":["True Grit","Havoc"],"picked":"Uppercut","floor":23},{"not_picked":["Rupture","Corruption+1"],"picked":"Headbutt","floor":24},{"not_picked":["Warcry","Sever Soul"],"picked":"Clash+1","floor":28},{"not_picked":["Cleave","Twin Strike"],"picked":"Perfected Strike","floor":29},{"not_picked":["Uppercut","Feel No Pain"],"picked":"Thunderclap","floor":30},{"not_picked":["Hemokinesis","Carnage"],"picked":"Twin Strike","floor":31}],"player_experience":651252,"relics_obtained":[{"floor":6.0,"key":"Art of War"},{"floor":9.0,"key":"Omamori"},{"floor":13.0,"key":"Regal Pillow"},{"floor":23,"key":"Bird Faced Urn"},{"floor":26,"key":"Anchor"},{"floor":28,"key":"Oddly Smooth Stone"}],"event_choices":[{"damage_healed":0.0,"max_hp_gain":0.0,"max_hp_loss":0.0,"gold_gain":0.0,"event_name":"World of Goop","player_choice":"Left Gold","floor":2.0,"gold_loss":36.0,"damage_taken":0.0},{"cards_removed":["Defend_R"],"damage_healed":0.0,"max_hp_gain":0.0,"max_hp_loss":0.0,"gold_gain":0.0,"event_name":"Golden Wing","player_choice":"Card Removal","floor":4.0,"gold_loss":0.0,"damage_taken":7.0},{"damage_healed":0.0,"max_hp_gain":0.0,"max_hp_loss":0.0,"gold_gain":0.0,"event_name":"Living Wall","player_choice":"Grow","floor":11.0,"gold_loss":0.0,"damage_taken":0.0,"cards_upgraded":["Twin Strike"]},{"damage_healed":0,"gold_gain":0,"player_choice":"Opened","damage_taken":0,"relics_obtained":["Bag of Preparation"],"max_hp_gain":0,"max_hp_loss":0,"event_name":"The Mausoleum","floor":20,"gold_loss":0,"cards_obtained":["Writhe"]},{"cards_removed":["Reaper"],"damage_healed":61,"gold_gain":0,"player_choice":"Offered Rare","damage_taken":0,"max_hp_gain":10,"max_hp_loss":0,"event_name":"Bonfire Elementals","floor":22,"gold_loss":0},{"damage_healed":0,"gold_gain":0,"player_choice":"Gave Potion","damage_taken":0,"relics_obtained":["Red Skull"],"max_hp_gain":0,"max_hp_loss":0,"event_name":"WeMeetAgain","floor":27,"gold_loss":0}],"is_beta":false,"boss_relics":[{"not_picked":["White Beast Statue","Velvet Choker"],"picked":"Cursed Key"}],"items_purged_floors":[],"is_endless":false,"potions_floor_spawned":[5,6,13,14,18,21,24,30,31],"killed_by":"Collector","ascension_level":15}