{"gold_per_floor":[118,138,138,138,138,174,174,205,205,224,224,263,7,32,32,152,152,173,197,322,322,0,0,39,39,39,39],"floor_reached":27,"playtime":1157,"items_purged":[],"score":422,"play_id":"d989fedf-5c11-4387-9daf-ab50b4458c0d","local_time":"20190307031913","is_ascension_mode":true,"campfire_choices":[{"data":"Bash","floor":7,"key":"SMITH"},{"data":"1","floor":11,"key":"LIFT"},{"data":"2","floor":15,"key":"LIFT"},{"floor":23,"key":"REST"}],"neow_cost":"NONE","seed_source_timestamp":220608283757238,"circlet_count":0,"master_deck":["AscendersBane","Strike_R","Strike_R","Strike_R","Strike_R","Defend_R","Defend_R","Defend_R","Defend_R","Bash+1","Clothesline","Iron Wave+1","Headbutt+1","Reckless Charge+1","Pommel Strike+1","Sword Boomerang+1","Juggernaut","Perfected Strike+1","Shrug It Off+1","Metallicize","Uppercut+1"],"relics":["Burning Blood","NeowsBlessing","Golden Idol","Molten Egg 2","Mango","Girya","Darkstone Periapt","Omamori","Pantograph","Runic Pyramid","Incense Burner","Blue Candle","Art of War","Dodecahedron"],"potions_floor_usage":[12,16,18,20,24],"damage_taken":[{"damage":0,"enemies":"Jaw Worm","floor":1,"turns":1},{"damage":0,"enemies":"Small Slimes","floor":2,"turns":1},{"damage":0,"enemies":"Gremlin Nob","floor":6,"turns":1},{"damage":27,"enemies":"Lagavulin","floor":8,"turns":6},{"damage":7,"enemies":"2 Louse","floor":10,"turns":3},{"damage":1,"enemies":"Gremlin Nob","floor":12,"turns":3},{"damage":17,"enemies":"Exordium Wildlife","floor":14,"turns":4},{"damage":30,"enemies":"The Guardian","floor":16,"turns":5},{"damage":12,"enemies":"3 Byrds","floor":18,"turns":4},{"damage":22,"enemies":"Spheric Guardian","floor":19,"turns":4},{"damage":27,"enemies":"Colosseum Slavers","floor":20,"turns":3},{"damage":30,"enemies":"Colosseum Nobs","floor":20,"turns":7},{"damage":44,"enemies":"Slavers","floor":24,"turns":7},{"damage":12,"enemies":"Centurion and Healer","floor":27,"turns":2}],"seed_played":"-5933145342250938369","potions_obtained":[{"floor":6,"key":"Regen Potion"},{"floor":12,"key":"SteroidPotion"},{"floor":16,"key":"LiquidBronze"},{"floor":19,"key":"Strength Potion"},{"floor":20,"key":"Dexterity Potion"}],"is_trial":false,"path_per_floor":["M","M","?","?","?","E","R","E","T","M","R","E","$","M","R","B",null,"M","M","?","?","?","R","E","?","T","M"],"character_chosen":"IRONCLAD","items_purchased":["Pantograph"],"campfire_rested":1,"item_purchase_floors":[13],"current_hp_per_floor":[78,80,85,79,67,87,87,66,66,65,65,79,79,68,68,69,87,81,65,20,20,20,47,9,9,9,0],"gold":39,"neow_bonus":"THREE_ENEMY_KILL","is_prod":false,"is_daily":false,"chose_seed":false,"campfire_upgraded":1,"win_rate":0,"timestamp":1551946753,"path_taken":["M","M","?","?","?","E","R","E","T","M","R","E","$","M","R","BOSS","M","M","?","?","?","R","E","?","T","M"],"build_version":"2019-01-23","purchased_purges":0,"victory":false,"max_hp_per_floor":[80,80,85,79,79,93,93,93,93,93,93,93,93,93,93,93,93,93,93,93,93,93,93,93,93,93,93],"card_choices":[{"not_picked":["Iron Wave","Thunderclap"],"picked":"Clothesline","floor":1},{"not_picked":["Intimidate","Infernal Blade","Power Through"],"picked":"SKIP","floor":2},{"not_picked":["Sentinel","Blood for Blood+1"],"picked":"Iron Wave+1","floor":6},{"not_picked":["Second Wind","Power Through"],"picked":"Headbutt+1","floor":8},{"not_picked":["Sentinel","Body Slam+1"],"picked":"Reckless Charge+1","floor":10},{"not_picked":["Armaments","Hemokinesis+1"],"picked":"Pommel Strike+1","floor":12},{"not_picked":["Twin Strike+1","Body Slam+1"],"picked":"Sword Boomerang+1","floor":14},{"not_picked":["Bludgeon+1","Dark Embrace"],"picked":"Juggernaut","floor":16},{"not_picked":["Twin Strike+1","Flex"],"picked":"Perfected Strike+1","floor":18},{"not_picked":["Iron Wave+1","Twin Strike+1"],"picked":"Shrug It Off+1","floor":19},{"not_picked":["Havoc","Rupture"],"picked":"Metallicize","floor":20},{"not_picked":["Clothesline+1","Corruption+1"],"picked":"Uppercut+1","floor":24}],"player_experience":243459,"relics_obtained":[{"floor":6,"key":"Mango"},{"floor":8,"key":"Girya"},{"floor":9,"key":"Darkstone Periapt"},{"floor":12,"key":"Omamori"},{"floor":20,"key":"Incense Burner"},{"floor":20,"key":"Blue Candle"},{"floor":24,"key":"Art of War"},{"floor":26,"key":"Dodecahedron"}],"event_choices":[{"damage_healed":0,"gold_gain":0,"player_choice":"Donut","damage_taken":0,"max_hp_gain":5,"max_hp_loss":0,"event_name":"Big Fish","floor":3,"gold_loss":0},{"damage_healed":0,"gold_gain":0,"player_choice":"Lose Max HP","damage_taken":0,"relics_obtained":["Golden Idol"],"max_hp_gain":0,"max_hp_loss":6,"event_name":"Golden Idol","floor":4,"gold_loss":0},{"damage_healed":0,"gold_gain":0,"player_choice":"Success","damage_taken":12,"relics_obtained":["Molten Egg 2"],"max_hp_gain":0,"max_hp_loss":0,"event_name":"Scrap Ooze","floor":5,"gold_loss":0},{"damage_healed":0,"gold_gain":0,"player_choice":"Fight","damage_taken":0,"max_hp_gain":0,"max_hp_loss":0,"event_name":"Colosseum","floor":20,"gold_loss":0},{"damage_healed":0,"gold_gain":0,"player_choice":"Fought Nobs","damage_taken":0,"max_hp_gain":0,"max_hp_loss":0,"event_name":"Colosseum","floor":20,"gold_loss":0},{"damage_healed":0,"gold_gain":0,"player_choice":"Ignored","damage_taken":0,"max_hp_gain":0,"max_hp_loss":0,"event_name":"Cursed Tome","floor":21,"gold_loss":0},{"damage_healed":0,"gold_gain":0,"player_choice":"Paid Fearfully","damage_taken":0,"max_hp_gain":0,"max_hp_loss":0,"event_name":"Masked Bandits","floor":22,"gold_loss":322},{"cards_removed":["Strike_R"],"damage_healed":0,"gold_gain":0,"player_choice":"Offered Basic","damage_taken":0,"max_hp_gain":0,"max_hp_loss":0,"event_name":"Bonfire Elementals","floor":25,"gold_loss":0}],"is_beta":false,"boss_relics":[{"not_picked":["Tiny House","Mark of Pain"],"picked":"Runic Pyramid"}],"items_purged_floors":[],"is_endless":false,"potions_floor_spawned":[6,12,16,19,20],"killed_by":"Centurion and Healer","ascension_level":11}