{"gold_per_floor":[112,129,144,154,229,229,259,259,336,336,349,364,364,75,75,147,147,157,157,171,6,6,6,34,52,52,52,85,135,168,178,178,253,253,268,281,292,292,19,19,19,19,19,38,38,49,49,82,82,82],"floor_reached":50,"playtime":6476,"items_purged":["Strike_R","Strike_R"],"score":1060,"play_id":"cd815e4c-0b45-46d7-aa52-db5e44436c70","local_time":"20190412212007","is_ascension_mode":true,"campfire_choices":[{"data":"Armaments","floor":6.0,"key":"SMITH"},{"data":"Bash","floor":8.0,"key":"SMITH"},{"floor":10.0,"key":"REST"},{"data":"Intimidate","floor":13.0,"key":"SMITH"},{"data":"Body Slam","floor":15.0,"key":"SMITH"},{"data":"Juggernaut","floor":23,"key":"SMITH"},{"floor":27,"key":"REST"},{"data":"Barricade","floor":32,"key":"SMITH"},{"data":"Impervious","floor":40,"key":"SMITH"},{"floor":42,"key":"REST"},{"floor":45,"key":"RECALL"},{"floor":47,"key":"REST"},{"data":"Armaments","floor":49,"key":"SMITH"}],"neow_cost":"NONE","seed_source_timestamp":145484564979753,"circlet_count":0,"master_deck":["AscendersBane","Defend_R+1","Defend_R","Defend_R","Bash+1","Headbutt","Evolve","Armaments+1","Pommel Strike","Power Through+1","Intimidate+1","Body Slam+1","Juggernaut+1","Flame Barrier","Shrug It Off","Barricade+1","True Grit","Corruption","Impervious+1","True Grit+1","True Grit","Armaments+1","Master of Strategy","Madness","Madness","Exhume","Body Slam","Feel No Pain+1"],"special_seed":0,"relics":["Burning Blood","FossilizedHelix","Mercury Hourglass","Membership Card","Empty Cage","Toy Ornithopter","PreservedInsect","War Paint","Red Skull","Mark of Pain","StoneCalendar","Bottled Lightning","Gremlin Horn"],"potions_floor_usage":[24,28,28,30,33,48,48],"damage_taken":[{"damage":6.0,"enemies":"Cultist","floor":1.0,"turns":4.0},{"damage":7.0,"enemies":"Jaw Worm","floor":2.0,"turns":3.0},{"damage":9.0,"enemies":"2 Louse","floor":3.0,"turns":4.0},{"damage":12.0,"enemies":"Large Slime","floor":4.0,"turns":9.0},{"damage":32.0,"enemies":"Gremlin Nob","floor":7.0,"turns":4.0},{"damage":0.0,"enemies":"Red Slaver","floor":11.0,"turns":2.0},{"damage":0.0,"enemies":"Looter","floor":12.0,"turns":3.0},{"damage":38.0,"enemies":"Hexaghost","floor":16.0,"turns":11.0},{"damage":4.0,"enemies":"Spheric Guardian","floor":18.0,"turns":6.0},{"damage":4.0,"enemies":"Shell Parasite","floor":20.0,"turns":6.0},{"damage":7,"enemies":"Slavers","floor":24,"turns":7},{"damage":25,"enemies":"Snake Plant","floor":25,"turns":4},{"damage":14,"enemies":"Book of Stabbing","floor":28,"turns":4},{"damage":22,"enemies":"Gremlin Leader","floor":30,"turns":7},{"damage":0,"enemies":"Snecko","floor":31,"turns":6},{"damage":14,"enemies":"Champ","floor":33,"turns":14},{"damage":0,"enemies":"Orb Walker","floor":35,"turns":4},{"damage":31,"enemies":"3 Darklings","floor":36,"turns":7},{"damage":26,"enemies":"Jaw Worm Horde","floor":37,"turns":7},{"damage":0,"enemies":"Sphere and 2 Shapes","floor":44,"turns":7},{"damage":8,"enemies":"Maw","floor":46,"turns":8},{"damage":18,"enemies":"Reptomancer","floor":48,"turns":6},{"damage":63,"enemies":"Awakened One","floor":50,"turns":4}],"seed_played":"-7619766745535507244","potions_obtained":[{"floor":3.0,"key":"GamblersBrew"},{"floor":4.0,"key":"Block Potion"},{"floor":7.0,"key":"Strength Potion"},{"floor":19.0,"key":"EssenceOfSteel"},{"floor":19.0,"key":"Ancient Potion"},{"floor":20.0,"key":"AttackPotion"},{"floor":25,"key":"LiquidBronze"},{"floor":28,"key":"AttackPotion"},{"floor":30,"key":"AttackPotion"},{"floor":33,"key":"Fire Potion"},{"floor":37,"key":"Fire Potion"}],"is_trial":false,"path_per_floor":["M","M","M","M","?","R","E","R","T","R","M","M","R","$","R","B",null,"M","?","M","$","$","R","E","M","T","R","E","?","E","M","R","B",null,"M","M","M","?","$","R","?","R","T","M","R","M","R","E","R","B"],"character_chosen":"IRONCLAD","items_purchased":["Membership Card","Body Slam","Toy Ornithopter","Armaments","StoneCalendar","Master of Strategy"],"campfire_rested":4,"item_purchase_floors":[14,14,21,39,39,39],"current_hp_per_floor":[68,67,64,58,47,47,21,21,21,43,49,55,55,55,55,23,62,64,64,66,66,66,66,70,51,51,73,67,67,56,62,62,59,71,75,50,30,30,30,30,16,38,38,44,44,42,64,62,62,0],"gold":82,"neow_bonus":"REMOVE_CARD","is_prod":false,"is_daily":false,"chose_seed":false,"campfire_upgraded":8,"win_rate":0,"timestamp":1555125607,"path_taken":["M","M","M","?","?","R","E","R","T","R","M","M","R","?","R","BOSS","M","?","M","?","$","R","E","M","T","R","E","?","E","M","R","BOSS","M","M","M","?","$","R","?","R","T","M","R","M","R","E","R","BOSS"],"build_version":"2019-04-04","purchased_purges":2,"victory":false,"max_hp_per_floor":[75,75,75,75,75,75,75,75,75,75,75,75,75,75,75,75,75,75,75,75,75,75,75,75,75,75,75,75,75,75,75,75,75,75,75,75,75,75,75,75,75,75,75,75,75,75,75,75,75,75],"card_choices":[{"not_picked":["Warcry","Iron Wave"],"picked":"Headbutt","floor":1.0},{"not_picked":["Flex","Searing Blow"],"picked":"Evolve","floor":2.0},{"not_picked":["Clothesline","Sword Boomerang"],"picked":"Armaments","floor":3.0},{"not_picked":["Brutality","Perfected Strike"],"picked":"Pommel Strike","floor":4.0},{"not_picked":["Headbutt","Havoc","Rage"],"picked":"SKIP","floor":7.0},{"not_picked":["Sword Boomerang","Anger"],"picked":"Power Through","floor":11.0},{"not_picked":["Ghostly Armor","Clash"],"picked":"Intimidate","floor":12.0},{"not_picked":["Berserk","Bludgeon"],"picked":"Juggernaut","floor":16.0},{"not_picked":["Thunderclap","Pummel+1","Rampage"],"picked":"SKIP","floor":18.0},{"not_picked":["Cleave+1","Anger"],"picked":"Flame Barrier","floor":20.0},{"not_picked":["Inflame","Searing Blow"],"picked":"Shrug It Off","floor":24},{"not_picked":["Clothesline","Pommel Strike","Thunderclap"],"picked":"SKIP","floor":25},{"not_picked":["Clothesline","Carnage"],"picked":"Barricade","floor":28},{"not_picked":["Rupture+1","Iron Wave"],"picked":"True Grit","floor":30},{"not_picked":["Flex","Perfected Strike"],"picked":"Corruption","floor":31},{"not_picked":["Barricade","Double Tap"],"picked":"Impervious","floor":33},{"not_picked":["Wild Strike+1","Warcry+1"],"picked":"True Grit+1","floor":35},{"not_picked":["Perfected Strike","Infernal Blade+1","Wild Strike+1"],"picked":"SKIP","floor":36},{"not_picked":["Havoc","Sword Boomerang+1"],"picked":"True Grit","floor":37},{"not_picked":["Warcry","Headbutt"],"picked":"Exhume","floor":44},{"not_picked":["Headbutt","Whirlwind+1"],"picked":"Body Slam","floor":46},{"not_picked":["Clash","Sentinel+1"],"picked":"Feel No Pain+1","floor":48}],"player_experience":2865781,"relics_obtained":[{"floor":7.0,"key":"FossilizedHelix"},{"floor":9.0,"key":"Mercury Hourglass"},{"floor":24,"key":"PreservedInsect"},{"floor":28,"key":"War Paint"},{"floor":30,"key":"Red Skull"},{"floor":43,"key":"Bottled Lightning"},{"floor":48,"key":"Gremlin Horn"}],"event_choices":[{"damage_healed":0.0,"max_hp_gain":0.0,"max_hp_loss":0.0,"gold_gain":75.0,"event_name":"World of Goop","player_choice":"Gather Gold","floor":5.0,"gold_loss":0.0,"damage_taken":11.0},{"damage_healed":0.0,"max_hp_gain":0.0,"max_hp_loss":0.0,"gold_gain":0.0,"event_name":"Lab","player_choice":"Got Potions","floor":19.0,"gold_loss":0.0,"damage_taken":0.0},{"damage_healed":0,"gold_gain":50,"player_choice":"Stole From Cult","damage_taken":0,"max_hp_gain":0,"max_hp_loss":0,"event_name":"Nest","floor":29,"gold_loss":0},{"cards_removed":["Defend_R"],"damage_healed":0,"gold_gain":0,"player_choice":"Removed Skill","damage_taken":0,"max_hp_gain":0,"max_hp_loss":0,"event_name":"Falling","floor":38,"gold_loss":0},{"damage_healed":0,"gold_gain":0,"player_choice":"Embrace Madness","damage_taken":14,"max_hp_gain":0,"max_hp_loss":0,"event_name":"Winding Halls","floor":41,"gold_loss":0,"cards_obtained":["Madness","Madness"]}],"is_beta":true,"boss_relics":[{"not_picked":["Philosopher\u0027s Stone","Lizard Tail"],"picked":"Empty Cage"},{"not_picked":["Runic Dome","Astrolabe"],"picked":"Mark of Pain"}],"items_purged_floors":[14,21],"is_endless":false,"potions_floor_spawned":[3,4,7,11,12,20,25,28,30,33,37,44],"killed_by":"Awakened One","ascension_level":20}