{"gold_per_floor":[109,119,133,113,131,164,184,184,184,2,22,22,52,71,71,71],"floor_reached":16,"playtime":853,"items_purged":[],"score":114,"play_id":"3638852b-f29d-4954-8925-7b1f1b431540","local_time":"20181231021729","is_ascension_mode":false,"campfire_choices":[{"floor":8,"key":"REST"},{"floor":12,"key":"REST"},{"data":"Demon Form","floor":15,"key":"SMITH"}],"neow_cost":"NONE","seed_source_timestamp":258534240221146,"circlet_count":0,"master_deck":["Strike_R","Strike_R","Strike_R","Strike_R","Strike_R","Defend_R","Defend_R","Defend_R","Defend_R","Bash","Dropkick","Pommel Strike","Combust","Headbutt","Clothesline","Heavy Blade","Demon Form+1","Clothesline","Dropkick","Sword Boomerang","Thunderclap"],"relics":["Burning Blood","NeowsBlessing","Meat on the Bone","Gambling Chip","Peace Pipe"],"potions_floor_usage":[6,6,6,6,7,13,16],"damage_taken":[{"damage":0,"enemies":"2 Louse","floor":1,"turns":1},{"damage":0,"enemies":"Cultist","floor":2,"turns":1},{"damage":0,"enemies":"Jaw Worm","floor":3,"turns":1},{"damage":25,"enemies":"Lots of Slimes","floor":5,"turns":3},{"damage":35,"enemies":"3 Sentries","floor":6,"turns":6},{"damage":13,"enemies":"Exordium Wildlife","floor":7,"turns":3},{"damage":18,"enemies":"Blue Slaver","floor":11,"turns":3},{"damage":34,"enemies":"Lagavulin","floor":13,"turns":5},{"damage":15,"enemies":"2 Fungi Beasts","floor":14,"turns":3},{"damage":50,"enemies":"The Guardian","floor":16,"turns":7}],"seed_played":"3818094617046441241","potions_obtained":[{"floor":2,"key":"BloodPotion"},{"floor":3,"key":"Energy Potion"},{"floor":4,"key":"EntropicBrew"},{"floor":7,"key":"Regen Potion"},{"floor":13,"key":"PowerPotion"}],"is_trial":false,"path_per_floor":["M","M","M","?","M","E","M","R","T","$","M","R","E","M","R","B"],"character_chosen":"IRONCLAD","items_purchased":["Demon Form","Clothesline"],"campfire_rested":2,"item_purchase_floors":[10,10],"current_hp_per_floor":[80,80,80,80,61,40,45,69,69,69,57,80,59,50,50,0],"gold":71,"neow_bonus":"THREE_ENEMY_KILL","is_prod":false,"is_daily":false,"chose_seed":false,"campfire_upgraded":1,"win_rate":0,"timestamp":1546251449,"path_taken":["M","M","M","?","M","E","?","R","T","?","M","R","E","M","R","BOSS"],"build_version":"2018-12-20","purchased_purges":0,"victory":false,"max_hp_per_floor":[80,80,80,80,80,80,80,80,80,80,80,80,80,80,80,80],"card_choices":[{"not_picked":["Clash","Flex"],"picked":"Dropkick","floor":1},{"not_picked":["Flex","Shrug It Off"],"picked":"Pommel Strike","floor":2},{"not_picked":["Armaments","Second Wind"],"picked":"Combust","floor":3},{"not_picked":["Second Wind","Corruption"],"picked":"Headbutt","floor":5},{"not_picked":["True Grit","Warcry"],"picked":"Clothesline","floor":6},{"not_picked":["Twin Strike","Corruption"],"picked":"Heavy Blade","floor":7},{"not_picked":["Spot Weakness","True Grit"],"picked":"Dropkick","floor":11},{"not_picked":["True Grit","Dark Embrace"],"picked":"Sword Boomerang","floor":13},{"not_picked":["Pommel Strike","Sword Boomerang"],"picked":"Thunderclap","floor":14}],"player_experience":45475,"relics_obtained":[{"floor":6,"key":"Meat on the Bone"},{"floor":9,"key":"Gambling Chip"},{"floor":13,"key":"Peace Pipe"}],"event_choices":[{"damage_healed":0,"gold_gain":0,"player_choice":"Bought 1 Potion","damage_taken":0,"max_hp_gain":0,"max_hp_loss":0,"event_name":"The Woman in Blue","floor":4,"gold_loss":0}],"is_beta":false,"boss_relics":[],"items_purged_floors":[],"is_endless":false,"potions_floor_spawned":[2,3,7,13],"killed_by":"The Guardian","ascension_level":0}