{"gold_per_floor":[113,63,76,76,93,118,118,13,38,38,48,58,58,85,85,184,184,199,109,72,90,107,107,107,121,146,146,146,146,173,183,183,279,279,291,309,49,66,0,29,29,29,29,29,2,2,31,43,43,43],"floor_reached":50,"playtime":1452,"items_purged":[],"score":762,"play_id":"576c2793-4945-4a7c-b6ef-101e74c36f62","local_time":"20181016095725","is_ascension_mode":true,"campfire_choices":[{"floor":10,"key":"REST"},{"floor":13,"key":"REST"},{"floor":15,"key":"REST"},{"floor":23,"key":"REST"},{"floor":27,"key":"REST"},{"floor":29,"key":"REST"},{"floor":32,"key":"REST"},{"floor":41,"key":"REST"},{"floor":44,"key":"REST"},{"data":"Storm","floor":46,"key":"SMITH"},{"floor":49,"key":"REST"}],"neow_cost":"NONE","seed_source_timestamp":488696144753218,"circlet_count":0,"master_deck":["Dualcast","Amplify+1","Cold Snap","White Noise","Static Discharge+1","Melter+1","Defragment","Beam Cell","Gash","Conserve Battery","White Noise","All For One","Sweeping Beam","Beam Cell","Hologram","Undo","Cold Snap","Redo","Storm+1","Steam","Defragment","BootSequence","White Noise","Go for the Eyes+1","Trip","Buffer","Ball Lightning","Electrodynamics","Melter","Self Repair","Beam Cell+1","Leap+1","Beam Cell+1","Double Energy+1","Go for the Eyes+1"],"relics":["Cracked Core","WarpedTongs","Blood Vial","Art of War","Whetstone","Pandora\u0027s Box","Pen Nib","Bottled Lightning","Nuclear Battery","Bottled Flame","Red Mask","Vajra","Molten Egg 2","Strawberry"],"potions_floor_usage":[12,14,16,24,33,40,40],"damage_taken":[{"damage":6,"enemies":"Cultist","floor":1,"turns":3},{"damage":0,"enemies":"2 Louse","floor":3,"turns":2},{"damage":4,"enemies":"Small Slimes","floor":5,"turns":3},{"damage":30,"enemies":"Lagavulin","floor":6,"turns":5},{"damage":8,"enemies":"3 Louse","floor":11,"turns":3},{"damage":13,"enemies":"Exordium Thugs","floor":12,"turns":3},{"damage":19,"enemies":"Gremlin Nob","floor":14,"turns":3},{"damage":41,"enemies":"Hexaghost","floor":16,"turns":4},{"damage":32,"enemies":"Shell Parasite","floor":18,"turns":3},{"damage":11,"enemies":"Spheric Guardian","floor":21,"turns":3},{"damage":18,"enemies":"Centurion and Healer","floor":22,"turns":6},{"damage":0,"enemies":"Book of Stabbing","floor":24,"turns":1},{"damage":6,"enemies":"Cultist and Chosen","floor":25,"turns":4},{"damage":17,"enemies":"Gremlin Leader","floor":30,"turns":5},{"damage":12,"enemies":"Snake Plant","floor":31,"turns":5},{"damage":41,"enemies":"Champ","floor":33,"turns":7},{"damage":0,"enemies":"Orb Walker","floor":35,"turns":4},{"damage":9,"enemies":"3 Darklings","floor":36,"turns":2},{"damage":26,"enemies":"Spire Growth","floor":38,"turns":4},{"damage":48,"enemies":"Nemesis","floor":40,"turns":5},{"damage":61,"enemies":"Giant Head","floor":47,"turns":7},{"damage":4,"enemies":"Transient","floor":48,"turns":5},{"damage":83,"enemies":"Time Eater","floor":50,"turns":5}],"seed_played":"4258898276306549072","potions_obtained":[{"floor":3,"key":"Strength Potion"},{"floor":6,"key":"LiquidBronze"},{"floor":11,"key":"GamblersBrew"},{"floor":14,"key":"SkillPotion"},{"floor":21,"key":"SmokeBomb"},{"floor":31,"key":"AttackPotion"},{"floor":33,"key":"FairyPotion"},{"floor":36,"key":"Regen Potion"}],"is_trial":false,"path_per_floor":["M","?","M","?","M","E","?","$","T","R","M","M","R","E","R","B",null,"M","?","$","M","M","R","E","M","T","R","?","R","E","M","R","B",null,"M","M","$","M","?","E","R","?","T","R","$","R","E","M","R"],"character_chosen":"DEFECT","items_purchased":["Defragment","Beam Cell","Defragment","Bottled Flame","Beam Cell+1"],"campfire_rested":10,"item_purchase_floors":[8,8,20,37,45],"current_hp_per_floor":[62,62,62,62,58,28,28,28,28,50,44,33,55,38,60,21,62,32,32,32,23,7,29,31,27,27,49,35,57,42,32,54,15,60,62,55,55,38,38,20,42,42,42,64,64,64,22,27,51,0],"gold":43,"neow_bonus":"ONE_RANDOM_RARE_CARD","is_prod":false,"is_daily":false,"chose_seed":false,"campfire_upgraded":1,"win_rate":0,"timestamp":1539709045,"path_taken":["M","?","?","?","M","E","?","$","T","R","M","M","R","E","R","BOSS","M","?","$","?","M","R","E","M","T","R","?","R","E","M","R","BOSS","M","M","$","M","?","E","R","?","T","R","$","R","E","M","R","BOSS"],"build_version":"2018-10-11","purchased_purges":0,"victory":false,"max_hp_per_floor":[75,75,75,75,75,75,75,75,75,75,75,75,75,75,75,75,75,75,75,75,75,75,75,75,75,75,75,75,75,75,75,75,75,75,75,75,75,75,75,75,75,75,75,75,75,75,82,82,82,82],"card_choices":[{"not_picked":["Heatsinks","Lockon"],"picked":"Cold Snap","floor":1},{"not_picked":["Hello World","Self Repair"],"picked":"White Noise","floor":3},{"not_picked":["Lockon","Consume"],"picked":"Static Discharge","floor":5},{"not_picked":["Steam","Ball Lightning"],"picked":"Melter","floor":6},{"not_picked":["Compile Driver","Stack"],"picked":"Gash","floor":11},{"not_picked":["Steam","Steam Power"],"picked":"Conserve Battery","floor":12},{"not_picked":["Conserve Battery","Stack"],"picked":"White Noise","floor":14},{"not_picked":["Multi-Cast","Machine Learning"],"picked":"All For One","floor":16},{"not_picked":["Compile Driver+1","Coolheaded"],"picked":"Steam","floor":18},{"not_picked":["Steam","Rip and Tear"],"picked":"BootSequence","floor":21},{"not_picked":["Coolheaded","Steam Power+1"],"picked":"White Noise","floor":22},{"not_picked":["Glacier","Compile Driver"],"picked":"Go for the Eyes+1","floor":25},{"not_picked":["Beam Cell","Ball Lightning"],"picked":"Buffer","floor":30},{"not_picked":["BootSequence","Steam+1"],"picked":"Ball Lightning","floor":31},{"not_picked":["Fission","Multi-Cast"],"picked":"Electrodynamics","floor":33},{"not_picked":["Reprogram","Barrage"],"picked":"Melter","floor":35},{"not_picked":["Static Discharge","Redo"],"picked":"Self Repair","floor":36},{"not_picked":["Chill+1","Darkness+1"],"picked":"Beam Cell+1","floor":38},{"not_picked":["Steam","Turbo+1"],"picked":"Leap+1","floor":40},{"not_picked":["Darkness","Streamline+1"],"picked":"Double Energy+1","floor":47},{"not_picked":["Rebound+1","Sweeping Beam+1"],"picked":"Go for the Eyes+1","floor":48}],"player_experience":523362,"relics_obtained":[{"floor":6,"key":"Blood Vial"},{"floor":9,"key":"Art of War"},{"floor":14,"key":"Whetstone"},{"floor":26,"key":"Pen Nib"},{"floor":30,"key":"Bottled Lightning"},{"floor":40,"key":"Vajra"},{"floor":43,"key":"Molten Egg 2"},{"floor":47,"key":"Strawberry"}],"event_choices":[{"event_name":"The Cleric","player_choice":"Card Removal","floor":2,"damage_taken":0},{"event_name":"Accursed Blacksmith","player_choice":"Rummage","floor":4,"damage_taken":0},{"event_name":"Living Wall","player_choice":"Grow","floor":7,"damage_taken":0},{"event_name":"Designer","player_choice":"Full Service","floor":19,"damage_taken":0},{"event_name":"Knowing Skull","player_choice":"CARD ","floor":28,"damage_taken":0},{"event_name":"Tomb of Lord Red Mask","player_choice":"Paid","floor":39,"damage_taken":0},{"event_name":"Purifier","player_choice":"One Purge","floor":42,"damage_taken":0}],"is_beta":false,"boss_relics":[{"not_picked":["Snecko Eye","Runic Pyramid"],"picked":"Pandora\u0027s Box"},{"not_picked":["Sozu","Tiny House"],"picked":"Nuclear Battery"}],"items_purged_floors":[],"is_endless":false,"potions_floor_spawned":[3,6,11,14,21,31,33,36],"killed_by":"Time Eater","ascension_level":6}