{"gold_per_floor":[119,44,44,57,57,57,71,86,111,111,111,94,128,139,139,212,212,226,226,25,25,38,38,73,91,91,91],"floor_reached":27,"playtime":805,"items_purged":[],"score":419,"play_id":"1f809e94-38e2-4e93-b343-4d53f0e1198b","local_time":"20190111110733","is_ascension_mode":true,"campfire_choices":[{"data":"Terror","floor":6,"key":"SMITH"},{"data":"Well Laid Plans","floor":10,"key":"SMITH"},{"floor":15,"key":"REST"},{"floor":23,"key":"RECALL"}],"neow_cost":"NONE","seed_source_timestamp":199966716337778,"circlet_count":0,"master_deck":["AscendersBane","Defend_G","Defend_G","Defend_G","Defend_G","Strike_G","Strike_G","Strike_G","Strike_G","Survivor","Neutralize","Terror+1","Night Terror","Well Laid Plans+1","Underhanded Strike","Dagger Throw","Choke","Distraction","Backstab","Venomology","Decay","Apotheosis","Deflect","Bouncing Flask","Dodge and Roll+1"],"relics":["Ring of the Snake","Lantern","Blood Vial","Question Card","PreservedInsect","Fusion Hammer","Potion Belt","Sundial"],"potions_floor_usage":[7,12,14,18,18,22,24,24,25,27],"damage_taken":[{"damage":2,"enemies":"Jaw Worm","floor":1,"turns":4},{"damage":2,"enemies":"2 Louse","floor":4,"turns":4},{"damage":0,"enemies":"Small Slimes","floor":7,"turns":3},{"damage":5,"enemies":"Red Slaver","floor":8,"turns":5},{"damage":11,"enemies":"Exordium Thugs","floor":12,"turns":4},{"damage":7,"enemies":"Gremlin Nob","floor":13,"turns":3},{"damage":15,"enemies":"Gremlin Gang","floor":14,"turns":5},{"damage":30,"enemies":"Slime Boss","floor":16,"turns":8},{"damage":11,"enemies":"2 Thieves","floor":18,"turns":4},{"damage":6,"enemies":"Spheric Guardian","floor":22,"turns":4},{"damage":26,"enemies":"Book of Stabbing","floor":24,"turns":4},{"damage":7,"enemies":"Chosen and Byrds","floor":25,"turns":4},{"damage":16,"enemies":"Centurion and Healer","floor":27,"turns":4}],"seed_played":"-7100583943705243853","potions_obtained":[{"floor":4,"key":"SpeedPotion"},{"floor":7,"key":"SkillPotion"},{"floor":8,"key":"GhostInAJar"},{"floor":12,"key":"Fire Potion"},{"floor":14,"key":"SkillPotion"},{"floor":18,"key":"Energy Potion"},{"floor":24,"key":"Poison Potion"}],"is_trial":false,"path_per_floor":["M","?","?","M","?","R","M","M","T","R","T","M","E","M","R","B",null,"M","?","$","?","M","R","E","M","T","M"],"character_chosen":"THE_SILENT","items_purchased":["Apotheosis"],"campfire_rested":1,"item_purchase_floors":[20],"current_hp_per_floor":[57,57,57,55,55,55,55,50,50,50,50,41,36,23,42,14,53,44,44,44,44,40,40,16,11,11,0],"gold":91,"neow_bonus":"RANDOM_COMMON_RELIC","is_prod":false,"is_daily":false,"chose_seed":false,"campfire_upgraded":2,"win_rate":0,"timestamp":1547233653,"path_taken":["M","?","?","M","?","R","M","?","T","R","?","?","E","M","R","BOSS","M","?","$","?","?","R","E","?","T","M"],"build_version":"2019-01-10","purchased_purges":0,"victory":false,"max_hp_per_floor":[66,66,66,66,66,66,66,66,66,66,66,66,66,66,66,66,66,66,66,66,66,66,66,66,66,66,66],"card_choices":[{"not_picked":["Blade Dance","Calculated Gamble"],"picked":"Terror","floor":1},{"not_picked":["Sucker Punch","Eviscerate"],"picked":"Well Laid Plans","floor":4},{"not_picked":["Bane","Cloak And Dagger"],"picked":"Underhanded Strike","floor":7},{"not_picked":["Flechettes","Setup"],"picked":"Dagger Throw","floor":8},{"not_picked":["Expertise","Infinite Blades","PiercingWail"],"picked":"Choke","floor":12},{"not_picked":["Poisoned Stab","Concentrate","Sucker Punch"],"picked":"Distraction","floor":13},{"not_picked":["Leg Sweep","Crippling Poison","Die Die Die"],"picked":"Backstab","floor":14},{"not_picked":["Tools of the Trade","Storm of Steel","Grand Finale"],"picked":"Venomology","floor":16},{"not_picked":["Sucker Punch","Dodge and Roll","Underhanded Strike","Blade Dance"],"picked":"SKIP","floor":18},{"not_picked":["Deadly Poison","Bane","Flying Knee"],"picked":"Deflect","floor":22},{"not_picked":["Concentrate","Outmaneuver","Dagger Spray"],"picked":"Bouncing Flask","floor":24},{"not_picked":["Quick Slash","Deflect","Slice"],"picked":"Dodge and Roll+1","floor":25}],"player_experience":1063481,"relics_obtained":[{"floor":9,"key":"Blood Vial"},{"floor":11,"key":"Question Card"},{"floor":13,"key":"PreservedInsect"},{"floor":24,"key":"Potion Belt"},{"floor":26,"key":"Sundial"}],"event_choices":[{"cards_removed":["Strike_G"],"damage_healed":0,"gold_gain":0,"player_choice":"Card Removal","damage_taken":0,"max_hp_gain":0,"max_hp_loss":0,"event_name":"The Cleric","floor":2,"gold_loss":75},{"damage_healed":0,"gold_gain":0,"cards_transformed":["Defend_G"],"player_choice":"Change","damage_taken":0,"max_hp_gain":0,"max_hp_loss":0,"event_name":"Living Wall","floor":3,"gold_loss":0,"cards_obtained":["Night Terror"]},{"damage_healed":0,"gold_gain":0,"player_choice":"0 cards matched","damage_taken":0,"max_hp_gain":0,"max_hp_loss":0,"event_name":"Match and Keep!","floor":5,"gold_loss":0,"cards_obtained":[]},{"damage_healed":0,"gold_gain":0,"player_choice":"Smashed Altar","damage_taken":0,"max_hp_gain":0,"max_hp_loss":0,"event_name":"Forgotten Altar","floor":19,"gold_loss":0,"cards_obtained":["Decay"]},{"damage_healed":0,"gold_gain":0,"player_choice":"Ignored","damage_taken":0,"max_hp_gain":0,"max_hp_loss":0,"event_name":"Beggar","floor":21,"gold_loss":0}],"is_beta":false,"boss_relics":[{"not_picked":["Philosopher\u0027s Stone","Velvet Choker"],"picked":"Fusion Hammer"}],"items_purged_floors":[],"is_endless":false,"potions_floor_spawned":[4,7,8,12,14,18,24],"killed_by":"Centurion and Healer","ascension_level":16}