{"gold_per_floor":[114,141,168,255,282,309,351,35,35,35,35,50,65,80,80,180,180,195,210,225,240,255,285,285,265,265,280,295,125,140,155,155,155],"floor_reached":33,"playtime":1421,"items_purged":["Strike_G","Strike_G"],"score":329,"play_id":"996f1deb-e93b-4b5a-b7b8-10706bdcf5cd","local_time":"20180926155008","daily_mods":["Allstar","Time Dilation","Vintage"],"is_ascension_mode":false,"campfire_choices":[{"floor":11.0,"key":"REST"},{"floor":15.0,"key":"REST"},{"data":"Riddle With Holes","floor":32.0,"key":"SMITH"}],"neow_cost":"","seed_source_timestamp":0,"circlet_count":0,"master_deck":["Defend_G","Defend_G","Defend_G+1","Defend_G","Defend_G","Strike_G","Strike_G","Survivor+1","Neutralize","Secret Technique","Madness","Thinking Ahead","Deep Breath","Panache","Riddle With Holes+1","Flying Knee","Malaise"],"special_seed":17786,"relics":["Ring of the Snake","MawBank","Centennial Puzzle","Boot","Regal Pillow","Pear","Shuriken","TwistedFunnel","The Courier","Blood Vial","Ginger","Bag of Marbles","Anchor","Lizard Tail","Oddly Smooth Stone","Dream Catcher","Juzu Bracelet","Orichalcum","Kunai","War Paint","Smiling Mask","Bottled Flame","Ornamental Fan","Vajra","Ancient Tea Set","Mercury Hourglass"],"potions_floor_usage":[],"damage_taken":[{"damage":0.0,"enemies":"Jaw Worm","floor":1.0,"turns":3.0},{"damage":0.0,"enemies":"Small Slimes","floor":2.0,"turns":2.0},{"damage":0.0,"enemies":"Cultist","floor":3.0,"turns":3.0},{"damage":3.0,"enemies":"Red Slaver","floor":5.0,"turns":4.0},{"damage":10.0,"enemies":"Large Slime","floor":6.0,"turns":4.0},{"damage":40.0,"enemies":"3 Sentries","floor":7.0,"turns":15.0},{"damage":7.0,"enemies":"3 Louse","floor":12.0,"turns":2.0},{"damage":0.0,"enemies":"Gremlin Gang","floor":13.0,"turns":4.0},{"damage":0.0,"enemies":"Large Slime","floor":14.0,"turns":4.0},{"damage":44.0,"enemies":"The Guardian","floor":16.0,"turns":11.0},{"damage":0.0,"enemies":"Chosen","floor":18.0,"turns":3.0},{"damage":1.0,"enemies":"Spheric Guardian","floor":19.0,"turns":3.0},{"damage":1.0,"enemies":"Chosen and Byrds","floor":20.0,"turns":5.0},{"damage":1.0,"enemies":"Cultist and Chosen","floor":21.0,"turns":4.0},{"damage":30.0,"enemies":"Sentry and Sphere","floor":22.0,"turns":8.0},{"damage":10.0,"enemies":"Book of Stabbing","floor":23.0,"turns":5.0},{"damage":3.0,"enemies":"Snecko","floor":27.0,"turns":6.0},{"damage":4.0,"enemies":"3 Cultists","floor":28.0,"turns":5.0},{"damage":2.0,"enemies":"Centurion and Healer","floor":30.0,"turns":6.0},{"damage":0.0,"enemies":"Snake Plant","floor":31.0,"turns":4.0},{"damage":0,"enemies":"Collector","floor":33,"turns":1}],"seed_played":"104536176025665139","potions_obtained":[{"floor":5.0,"key":"LiquidBronze"},{"floor":6.0,"key":"SteroidPotion"},{"floor":12.0,"key":"PowerPotion"},{"floor":18.0,"key":"Weak Potion"},{"floor":20.0,"key":"GhostInAJar"},{"floor":25.0,"key":"Swift Potion"}],"is_trial":false,"path_per_floor":["M","M","M","?","M","M","E","$","T","$","R","M","M","M","R","B",null,"M","M","M","M","M","E","?","?","T","M","M","$","M","M","R"],"character_chosen":"THE_SILENT","items_purchased":["Flying Knee","TwistedFunnel","Vajra"],"campfire_rested":2,"item_purchase_floors":[8,8,29],"current_hp_per_floor":[70,70,70,59,56,56,16,16,16,16,55,48,50,52,80,36,80,80,79,79,79,50,42,42,42,42,41,39,39,39,41,41,43],"gold":155,"neow_bonus":"","is_prod":false,"is_daily":true,"chose_seed":false,"campfire_upgraded":1,"win_rate":0,"timestamp":1537991408,"path_taken":["M","M","M","?","M","M","E","?","T","$","R","M","M","M","R","BOSS","M","M","M","M","M","E","?","?","T","M","M","$","M","M","R","BOSS"],"build_version":"2018-09-20","purchased_purges":2,"victory":false,"max_hp_per_floor":[70,70,70,70,70,80,80,80,80,80,80,80,80,80,80,80,80,80,80,80,80,80,80,80,80,80,80,80,80,80,80,80,80],"card_choices":[{"not_picked":["Deadly Poison","Dagger Throw"],"picked":"Riddle With Holes","floor":7.0},{"not_picked":["Underhanded Strike","Reflex+1","PiercingWail+1"],"picked":"SKIP","floor":23.0}],"player_experience":192365,"relics_obtained":[{"floor":1.0,"key":"MawBank"},{"floor":2.0,"key":"Centennial Puzzle"},{"floor":3.0,"key":"Boot"},{"floor":5.0,"key":"Regal Pillow"},{"floor":6.0,"key":"Pear"},{"floor":7.0,"key":"Shuriken"},{"floor":9.0,"key":"The Courier"},{"floor":12.0,"key":"Blood Vial"},{"floor":13.0,"key":"Ginger"},{"floor":14.0,"key":"Bag of Marbles"},{"floor":16.0,"key":"Anchor"},{"floor":18.0,"key":"Oddly Smooth Stone"},{"floor":19.0,"key":"Dream Catcher"},{"floor":20.0,"key":"Juzu Bracelet"},{"floor":21.0,"key":"Orichalcum"},{"floor":22.0,"key":"Kunai"},{"floor":23.0,"key":"War Paint"},{"floor":26.0,"key":"Smiling Mask"},{"floor":27.0,"key":"Bottled Flame"},{"floor":28.0,"key":"Ornamental Fan"},{"floor":30.0,"key":"Ancient Tea Set"},{"floor":31.0,"key":"Mercury Hourglass"}],"event_choices":[{"event_name":"World of Goop","player_choice":"Gather Gold","floor":4.0,"damage_taken":0.0},{"event_name":"Transmorgrifier","player_choice":"Transform","floor":24.0,"damage_taken":0.0},{"event_name":"The Woman in Blue","player_choice":"Bought 1 Potion","floor":25.0,"damage_taken":0.0}],"is_beta":false,"boss_relics":[{"not_picked":["Runic Dome","Snecko Eye"],"picked":"Lizard Tail"}],"items_purged_floors":[8,29],"is_endless":false,"potions_floor_spawned":[5,6,12,14,18,20,22,27,30],"killed_by":"Collector","ascension_level":0}