{"gold_per_floor":[111,85,35,47,61,61,61,72,72,72,85,85,50,69,69,168,168,179,179,179,104,119,119,119,46,73,91,121,221,221,248,248,248],"floor_reached":33,"playtime":752,"items_purged":["Strike_B"],"score":278,"play_id":"747aad3e-ea32-48d3-8efc-ec8e08647c14","local_time":"20181014044028","is_ascension_mode":true,"campfire_choices":[{"data":"Sunder","floor":6,"key":"SMITH"},{"data":"Defragment","floor":12,"key":"SMITH"},{"data":"Beam Cell","floor":15,"key":"SMITH"},{"data":"Multi-Cast","floor":23,"key":"SMITH"},{"floor":32,"key":"REST"}],"neow_cost":"NONE","seed_source_timestamp":297580633694697,"circlet_count":0,"master_deck":["Strike_B","Strike_B+1","Defend_B","Defend_B","Defend_B","Defend_B+1","Zap+1","Dualcast","Rebound","Defragment+1","Sunder+1","Beam Cell+1","Ball Lightning","Storm","Ball Lightning","Multi-Cast+1","Hologram","Go for the Eyes","Storm","Go for the Eyes","Compile Driver","Beam Cell+1","Gash","Reinforced Body"],"relics":["Cracked Core","Mercury Hourglass","Meat on the Bone","Busted Crown","Smiling Mask","Regal Pillow","Shuriken","Calipers","Gremlin Horn","Red Mask"],"potions_floor_usage":[16,16,16,29,33,33],"damage_taken":[{"damage":5,"enemies":"Small Slimes","floor":1,"turns":3},{"damage":3,"enemies":"2 Louse","floor":4,"turns":2},{"damage":7,"enemies":"Jaw Worm","floor":5,"turns":3},{"damage":8,"enemies":"Blue Slaver","floor":8,"turns":2},{"damage":7,"enemies":"3 Louse","floor":11,"turns":2},{"damage":9,"enemies":"Red Slaver","floor":14,"turns":2},{"damage":41,"enemies":"The Guardian","floor":16,"turns":7},{"damage":48,"enemies":"Shell Parasite","floor":18,"turns":5},{"damage":11,"enemies":"2 Thieves","floor":22,"turns":2},{"damage":19,"enemies":"3 Cultists","floor":27,"turns":4},{"damage":18,"enemies":"Gremlin Leader","floor":28,"turns":5},{"damage":18,"enemies":"Colosseum Slavers","floor":29,"turns":2},{"damage":15,"enemies":"Colosseum Nobs","floor":29,"turns":4},{"damage":22,"enemies":"Masked Bandits","floor":31,"turns":3},{"damage":63,"enemies":"Champ","floor":33,"turns":7}],"seed_played":"4822907714925033175","potions_obtained":[{"floor":1,"key":"Swift Potion"},{"floor":11,"key":"AttackPotion"},{"floor":14,"key":"GamblersBrew"},{"floor":27,"key":"GamblersBrew"},{"floor":29,"key":"Ancient Potion"},{"floor":31,"key":"SpeedPotion"}],"is_trial":false,"path_per_floor":["M","?","?","M","M","R","?","M","T","?","M","R","$","M","R","B",null,"M","?","?","?","M","R","?","$","T","M","E","?","?","?","R"],"character_chosen":"DEFECT","items_purchased":["Storm","Go for the Eyes"],"campfire_rested":1,"item_purchase_floors":[13,25],"current_hp_per_floor":[70,70,70,67,60,60,57,49,49,34,39,39,39,42,42,13,75,39,64,64,64,53,53,53,53,53,46,40,31,31,21,58,0],"gold":248,"neow_bonus":"UPGRADE_CARD","is_prod":false,"is_daily":false,"chose_seed":false,"campfire_upgraded":4,"win_rate":0,"timestamp":1539517228,"path_taken":["M","?","?","M","M","R","?","M","T","?","M","R","$","M","R","BOSS","M","?","?","?","?","R","?","$","T","?","E","?","?","?","R","BOSS"],"build_version":"2018-10-11","purchased_purges":1,"victory":false,"max_hp_per_floor":[75,75,75,75,75,75,75,75,75,75,75,75,75,75,75,75,75,75,75,75,75,75,75,75,75,75,75,75,75,75,75,75,75],"card_choices":[{"not_picked":["Heatsinks","Leap"],"picked":"Rebound","floor":1},{"not_picked":["Streamline","Compile Driver"],"picked":"Defragment","floor":4},{"not_picked":["Scrape","Turbo"],"picked":"Sunder","floor":5},{"not_picked":["Blizzard","Go for the Eyes"],"picked":"Beam Cell","floor":8},{"not_picked":["Blizzard","Scrape"],"picked":"Ball Lightning","floor":11},{"not_picked":["Cold Snap","Consume"],"picked":"Ball Lightning","floor":14},{"not_picked":["Core Surge","Meteor Strike"],"picked":"Multi-Cast","floor":16},{"not_picked":[],"picked":"Hologram","floor":18},{"not_picked":[],"picked":"Go for the Eyes","floor":22},{"not_picked":[],"picked":"Compile Driver","floor":27},{"not_picked":[],"picked":"Beam Cell+1","floor":28},{"not_picked":[],"picked":"Gash","floor":29},{"not_picked":[],"picked":"Reinforced Body","floor":31}],"player_experience":494045,"relics_obtained":[{"floor":9,"key":"Meat on the Bone"},{"floor":26,"key":"Regal Pillow"},{"floor":28,"key":"Shuriken"},{"floor":29,"key":"Calipers"},{"floor":29,"key":"Gremlin Horn"},{"floor":31,"key":"Red Mask"}],"event_choices":[{"event_name":"World of Goop","player_choice":"Left","floor":2,"damage_taken":0},{"event_name":"The Cleric","player_choice":"Card Removal","floor":3,"damage_taken":0},{"event_name":"Scrap Ooze","player_choice":"success","floor":7,"damage_taken":3},{"event_name":"Shining Light","player_choice":"Entered Light","floor":10,"damage_taken":0},{"event_name":"The Library","player_choice":"Heal","floor":19,"damage_taken":0},{"event_name":"The Mausoleum","player_choice":"Yes","floor":20,"damage_taken":0},{"event_name":"Beggar","player_choice":"Gave Gold","floor":21,"damage_taken":0},{"event_name":"Duplicator","player_choice":"One dupe","floor":24,"damage_taken":0},{"event_name":"Colosseum","player_choice":"Fight","floor":29,"damage_taken":0},{"event_name":"Colosseum","player_choice":"Fought Nobs","floor":29,"damage_taken":0},{"event_name":"Ghosts","player_choice":"Ignored","floor":30,"damage_taken":0},{"event_name":"Masked Bandits","player_choice":"Fought Bandits","floor":31,"damage_taken":0}],"is_beta":false,"boss_relics":[{"not_picked":["Fusion Hammer","Runic Dome"],"picked":"Busted Crown"}],"items_purged_floors":[25],"is_endless":false,"potions_floor_spawned":[1,11,14,27,29,31],"killed_by":"Champ","ascension_level":2}