{"gold_per_floor":[114,131,281,281,30,30,55,73,73,137,172,186,186],"floor_reached":13,"playtime":355,"items_purged":["Doubt"],"score":163,"play_id":"f6b533d8-11c1-4bc9-9b98-d070310cdf28","local_time":"20181206134930","is_ascension_mode":true,"campfire_choices":[{"data":"Deadly Poison","floor":6,"key":"SMITH"}],"neow_cost":"NONE","seed_source_timestamp":80707278761652,"circlet_count":0,"master_deck":["AscendersBane","Defend_G","Defend_G","Defend_G","Defend_G","Defend_G","Strike_G","Strike_G","Strike_G","Strike_G","Survivor","Neutralize","Madness","Skewer","Riddle With Holes","Skewer","Backstab","Deadly Poison+1","Die Die Die","Noxious Fumes","Deadly Poison","Venomology","Predator"],"relics":["Ring of the Snake","Bottled Flame","Paper Crane","Bag of Preparation","Prayer Wheel"],"potions_floor_usage":[7,10,11,13,13],"damage_taken":[{"damage":0,"enemies":"2 Louse","floor":1,"turns":3},{"damage":7,"enemies":"Jaw Worm","floor":2,"turns":5},{"damage":32,"enemies":"3 Sentries","floor":7,"turns":8},{"damage":0,"enemies":"Cultist","floor":8,"turns":2},{"damage":0,"enemies":"Gremlin Nob","floor":10,"turns":2},{"damage":16,"enemies":"Gremlin Nob","floor":11,"turns":3},{"damage":0,"enemies":"3 Louse","floor":12,"turns":2},{"damage":5,"enemies":"3 Sentries","floor":13,"turns":2}],"seed_played":"3985585486965699991","potions_obtained":[{"floor":2,"key":"GamblersBrew"},{"floor":7,"key":"FearPotion"},{"floor":10,"key":"Energy Potion"},{"floor":11,"key":"SpeedPotion"}],"is_trial":false,"path_per_floor":["M","M","?","?","$","R","E","M","T","?","E","M","E"],"character_chosen":"THE_SILENT","items_purchased":["Backstab","Deadly Poison","Poison Potion"],"campfire_rested":0,"item_purchase_floors":[5,5,5],"current_hp_per_floor":[59,52,52,52,52,52,20,20,20,20,4,4,0],"gold":186,"neow_bonus":"RANDOM_COLORLESS","is_prod":false,"is_daily":false,"chose_seed":false,"campfire_upgraded":1,"win_rate":0,"timestamp":1544132970,"path_taken":["M","M","?","?","?","R","E","M","T","?","E","M","E"],"build_version":"2018-11-15","purchased_purges":1,"victory":false,"max_hp_per_floor":[66,66,66,66,66,66,66,66,66,66,66,66,66],"card_choices":[{"not_picked":["Cloak And Dagger","Backflip"],"picked":"Skewer","floor":1},{"not_picked":["PiercingWail","Dodge and Roll"],"picked":"Riddle With Holes","floor":2},{"not_picked":["Deadly Poison","Deflect"],"picked":"Die Die Die","floor":7},{"not_picked":["Leg Sweep","Dagger Throw"],"picked":"Noxious Fumes","floor":8},{"not_picked":["Dagger Throw","Eviscerate"],"picked":"Deadly Poison","floor":10},{"not_picked":["Deadly Poison","Well Laid Plans"],"picked":"Venomology","floor":11},{"not_picked":["Deadly Poison","Dagger Throw"],"picked":"Predator","floor":12},{"not_picked":["Flying Knee","Bane","Acrobatics"],"picked":"SKIP","floor":12}],"player_experience":993163,"relics_obtained":[{"floor":7,"key":"Bottled Flame"},{"floor":9,"key":"Paper Crane"},{"floor":11,"key":"Prayer Wheel"}],"event_choices":[{"damage_healed":0,"gold_gain":150,"player_choice":"AGREE","damage_taken":0,"max_hp_gain":0,"max_hp_loss":0,"event_name":"Liars Game","floor":3,"gold_loss":0,"cards_obtained":["Doubt"]},{"damage_healed":0,"gold_gain":0,"cards_transformed":["Strike_G"],"player_choice":"Change","damage_taken":0,"max_hp_gain":0,"max_hp_loss":0,"event_name":"Living Wall","floor":4,"gold_loss":0,"cards_obtained":["Skewer"]},{"damage_healed":0,"gold_gain":0,"player_choice":"Searched \u00273\u0027 times","damage_taken":0,"relics_obtained":["Bag of Preparation"],"max_hp_gain":0,"max_hp_loss":0,"event_name":"Dead Adventurer","floor":10,"gold_loss":0}],"is_beta":false,"boss_relics":[],"items_purged_floors":[5],"is_endless":false,"potions_floor_spawned":[2,7,10,11],"killed_by":"3 Sentries","ascension_level":15}