{"gold_per_floor":[216,288,304,322,35,35,68,68,68,98,113,139,189,200,200,279,279,279,10,10,10,10,10,10,10,10,10,10,10,10,10,10,10],"floor_reached":33,"playtime":2073,"items_purged":["Strike_R","Strike_R"],"score":576,"play_id":"e5a31549-f121-43bc-8cfc-cf107c6c43b2","local_time":"20190416020941","is_ascension_mode":true,"campfire_choices":[{"data":"Bash","floor":6.0,"key":"SMITH"},{"floor":8.0,"key":"REST"},{"floor":15.0,"key":"REST"},{"data":"Whirlwind","floor":23.0,"key":"SMITH"},{"data":"Flame Barrier","floor":25.0,"key":"SMITH"},{"floor":29.0,"key":"REST"},{"floor":32.0,"key":"REST"}],"neow_cost":"NONE","seed_source_timestamp":0,"circlet_count":0,"master_deck":["AscendersBane","Strike_R","Strike_R","Strike_R+1","Defend_R","Defend_R","Defend_R","Defend_R","Bash+1","Carnage","Cleave","Flame Barrier+1","Clothesline","Bludgeon","Inflame","Whirlwind+1","True Grit+1","Spot Weakness+1","Immolate+1","Pommel Strike+1","Sentinel+1","Burning Pact+1","Feel No Pain","Cleave+1","Metallicize"],"special_seed":0,"relics":["Burning Blood","Oddly Smooth Stone","Toxic Egg 2","Blood Vial","Bag of Preparation","Happy Flower","Ectoplasm","Regal Pillow","Mummified Hand","Whetstone","Molten Egg 2"],"potions_floor_usage":[33,33],"damage_taken":[{"damage":14.0,"enemies":"Jaw Worm","floor":1.0,"turns":3.0},{"damage":22.0,"enemies":"Small Slimes","floor":3.0,"turns":4.0},{"damage":1.0,"enemies":"Cultist","floor":4.0,"turns":3.0},{"damage":4.0,"enemies":"Lagavulin","floor":7.0,"turns":7.0},{"damage":35.0,"enemies":"3 Sentries","floor":10.0,"turns":9.0},{"damage":4.0,"enemies":"3 Louse","floor":11.0,"turns":4.0},{"damage":32.0,"enemies":"Gremlin Nob","floor":12.0,"turns":4.0},{"damage":0.0,"enemies":"Looter","floor":14.0,"turns":3.0},{"damage":42.0,"enemies":"The Guardian","floor":16.0,"turns":11.0},{"damage":23.0,"enemies":"Shell Parasite","floor":18.0,"turns":4.0},{"damage":0.0,"enemies":"3 Byrds","floor":22.0,"turns":4.0},{"damage":5.0,"enemies":"Snake Plant","floor":24.0,"turns":3.0},{"damage":17.0,"enemies":"Slavers","floor":28.0,"turns":4.0},{"damage":6.0,"enemies":"3 Cultists","floor":30.0,"turns":3.0},{"damage":41.0,"enemies":"Book of Stabbing","floor":31.0,"turns":5.0},{"damage":100,"enemies":"Champ","floor":33,"turns":9}],"seed_played":"696552222970418167","potions_obtained":[{"floor":1.0,"key":"PowerPotion"},{"floor":3.0,"key":"Block Potion"},{"floor":7.0,"key":"BloodPotion"},{"floor":11.0,"key":"Block Potion"},{"floor":24.0,"key":"Explosive Potion"},{"floor":30.0,"key":"Strength Potion"},{"floor":31.0,"key":"Regen Potion"}],"is_trial":false,"path_per_floor":["M","?","M","M","$","R","E","R","T","E","M","E","?","M","R","B",null,"M","$","?","?","M","R","M","R","T","?","E","R","M","E","R","B"],"character_chosen":"IRONCLAD","items_purchased":["Oddly Smooth Stone","Clothesline","Regal Pillow"],"campfire_rested":4,"item_purchase_floors":[5,5,19],"current_hp_per_floor":[60,60,44,49,49,49,51,73,73,53,57,33,33,41,63,29,64,49,49,49,49,57,57,60,60,60,39,30,69,71,38,77,0],"gold":10,"neow_bonus":"HUNDRED_GOLD","is_prod":false,"is_daily":false,"chose_seed":false,"campfire_upgraded":3,"win_rate":0,"timestamp":1555394981,"path_taken":["M","?","M","M","$","R","E","R","T","E","M","E","?","M","R","BOSS","M","$","?","?","M","R","M","R","T","?","E","R","M","E","R","BOSS"],"build_version":"2019-01-23","purchased_purges":2,"victory":false,"max_hp_per_floor":[75,75,75,75,75,75,75,75,75,75,75,75,75,75,75,75,75,75,75,75,75,75,75,75,75,75,80,80,80,80,80,80,80],"card_choices":[{"not_picked":["Burning Pact","Inflame"],"picked":"Carnage","floor":1.0},{"not_picked":["Flex","Searing Blow"],"picked":"Cleave","floor":3.0},{"not_picked":["Burning Pact","Whirlwind"],"picked":"Flame Barrier","floor":4.0},{"not_picked":["True Grit","Infernal Blade"],"picked":"Bludgeon","floor":7.0},{"not_picked":["Searing Blow","Headbutt"],"picked":"Inflame","floor":10.0},{"not_picked":["Bloodletting+1","Anger"],"picked":"Whirlwind","floor":11.0},{"not_picked":["Havoc+1","Warcry+1"],"picked":"True Grit+1","floor":12.0},{"not_picked":["Armaments+1","Carnage"],"picked":"Spot Weakness+1","floor":14.0},{"not_picked":["Barricade","Berserk"],"picked":"Immolate","floor":16.0},{"not_picked":["Blood for Blood","Searing Blow"],"picked":"Pommel Strike+1","floor":18.0},{"not_picked":["Sword Boomerang","Cleave"],"picked":"Sentinel+1","floor":22.0},{"not_picked":["Intimidate+1","Perfected Strike+1"],"picked":"Burning Pact+1","floor":24.0},{"not_picked":["Corruption+1","Entrench+1"],"picked":"Feel No Pain","floor":28.0},{"not_picked":["Twin Strike","Wild Strike"],"picked":"Cleave+1","floor":30.0},{"not_picked":["True Grit+1","Clash"],"picked":"Metallicize","floor":31.0}],"player_experience":368909,"relics_obtained":[{"floor":7.0,"key":"Toxic Egg 2"},{"floor":9.0,"key":"Blood Vial"},{"floor":10.0,"key":"Bag of Preparation"},{"floor":12.0,"key":"Happy Flower"},{"floor":26.0,"key":"Mummified Hand"},{"floor":28.0,"key":"Whetstone"},{"floor":31.0,"key":"Molten Egg 2"}],"event_choices":[{"damage_healed":0.0,"max_hp_gain":0.0,"max_hp_loss":0.0,"gold_gain":72.0,"event_name":"Golden Wing","player_choice":"Gained Gold","floor":2.0,"gold_loss":0.0,"damage_taken":0.0},{"damage_healed":0.0,"max_hp_gain":0.0,"max_hp_loss":0.0,"gold_gain":50.0,"event_name":"Golden Shrine","player_choice":"Pray","floor":13.0,"gold_loss":0.0,"damage_taken":0.0},{"damage_healed":0.0,"max_hp_gain":0.0,"max_hp_loss":0.0,"gold_gain":0.0,"event_name":"Beggar","player_choice":"Ignored","floor":20.0,"gold_loss":0.0,"damage_taken":0.0},{"damage_healed":0.0,"max_hp_gain":0.0,"max_hp_loss":0.0,"gold_gain":0.0,"event_name":"Ghosts","player_choice":"Ignored","floor":21.0,"gold_loss":0.0,"damage_taken":0.0},{"damage_healed":0.0,"max_hp_gain":5.0,"max_hp_loss":0.0,"gold_gain":0.0,"event_name":"Forgotten Altar","player_choice":"Shed Blood","floor":27.0,"gold_loss":0.0,"damage_taken":26.0}],"is_beta":false,"boss_relics":[{"not_picked":["Eternal Feather","Runic Dome"],"picked":"Ectoplasm"}],"items_purged_floors":[5,19],"is_endless":false,"potions_floor_spawned":[1,3,7,11,24,30,31],"killed_by":"Champ","ascension_level":18}