{"gold_per_floor":[215,12,12,30,55,99,99,123,123,123,159,159,230,230,230,230],"floor_reached":16,"playtime":836,"items_purged":[],"score":130,"play_id":"8baf4ba8-e1f3-4c87-9ea7-94b90f30846f","local_time":"20190404144849","is_ascension_mode":true,"campfire_choices":[{"data":"Body Slam","floor":7.0,"key":"SMITH"},{"data":"Bash","floor":10.0,"key":"SMITH"},{"data":"Armaments","floor":12.0,"key":"SMITH"},{"data":"Warcry","floor":15.0,"key":"SMITH"}],"neow_cost":"NONE","seed_source_timestamp":0,"circlet_count":0,"master_deck":["Strike_R","Strike_R","Strike_R","Strike_R","Strike_R","Defend_R","Defend_R","Defend_R","Defend_R","Bash+1","Cleave","Body Slam+1","Dropkick","Armaments+1","Warcry+1"],"special_seed":0,"relics":["Burning Blood","Sling","Golden Idol","Potion Belt","Centennial Puzzle","Matryoshka","Anchor"],"potions_floor_usage":[],"damage_taken":[{"damage":4.0,"enemies":"Small Slimes","floor":1.0,"turns":4.0},{"damage":1.0,"enemies":"2 Louse","floor":4.0,"turns":3.0},{"damage":1.0,"enemies":"Cultist","floor":5.0,"turns":3.0},{"damage":16.0,"enemies":"Gremlin Nob","floor":6.0,"turns":3.0},{"damage":1.0,"enemies":"2 Fungi Beasts","floor":8.0,"turns":3.0},{"damage":20.0,"enemies":"3 Sentries","floor":11.0,"turns":5.0},{"damage":16.0,"enemies":"Gremlin Nob","floor":13.0,"turns":3.0},{"damage":50,"enemies":"The Guardian","floor":16,"turns":13}],"seed_played":"-5190620664441141817","potions_obtained":[{"floor":5.0,"key":"PowerPotion"},{"floor":11.0,"key":"Poison Potion"}],"is_trial":false,"path_per_floor":["M","$","?","M","M","E","R","M","T","R","E","R","?","?","R","B"],"character_chosen":"IRONCLAD","items_purchased":["Sling"],"campfire_rested":0,"item_purchase_floors":[2],"current_hp_per_floor":[80,80,60,65,70,60,60,65,65,65,51,51,41,46,46,0],"gold":230,"neow_bonus":"HUNDRED_GOLD","is_prod":false,"is_daily":false,"chose_seed":false,"campfire_upgraded":4,"win_rate":0,"timestamp":1554385729,"path_taken":["M","$","?","M","M","E","R","M","T","R","E","R","?","?","R","BOSS"],"build_version":"2019-01-23","purchased_purges":0,"victory":false,"max_hp_per_floor":[80,80,80,80,80,80,80,80,80,80,80,80,80,85,85,85],"card_choices":[{"not_picked":["Sword Boomerang","Hemokinesis"],"picked":"Cleave","floor":1.0},{"not_picked":["Wild Strike","Rage"],"picked":"Body Slam","floor":4.0},{"not_picked":["Thunderclap","Seeing Red","Flex"],"picked":"SKIP","floor":5.0},{"not_picked":["Bludgeon","Second Wind"],"picked":"Dropkick","floor":6.0},{"not_picked":["Second Wind","Rupture","Seeing Red"],"picked":"SKIP","floor":8.0},{"not_picked":["Whirlwind","Rage"],"picked":"Armaments","floor":11.0},{"not_picked":["Intimidate","Clash"],"picked":"Warcry","floor":13.0}],"player_experience":905511,"relics_obtained":[{"floor":6.0,"key":"Potion Belt"},{"floor":9.0,"key":"Centennial Puzzle"},{"floor":11.0,"key":"Matryoshka"},{"floor":13.0,"key":"Anchor"}],"event_choices":[{"damage_healed":0.0,"max_hp_gain":0.0,"max_hp_loss":0.0,"gold_gain":0.0,"event_name":"Golden Idol","player_choice":"Take Damage","floor":3.0,"gold_loss":0.0,"damage_taken":20.0,"relics_obtained":["Golden Idol"]},{"damage_healed":0.0,"max_hp_gain":0.0,"max_hp_loss":0.0,"gold_gain":0.0,"event_name":"Dead Adventurer","player_choice":"Searched \u00271\u0027 times","floor":13.0,"gold_loss":0.0,"damage_taken":0.0},{"damage_healed":0.0,"max_hp_gain":5.0,"max_hp_loss":0.0,"gold_gain":0.0,"event_name":"Big Fish","player_choice":"Donut","floor":14.0,"gold_loss":0.0,"damage_taken":0.0}],"is_beta":false,"boss_relics":[],"items_purged_floors":[],"is_endless":false,"potions_floor_spawned":[5,11],"killed_by":"The Guardian","ascension_level":4}