{"gold_per_floor":[118,148,164,164,19,19,0,14,14,42,42,58,93,104,104,176,176,192,192,107,122,122,122,122],"floor_reached":24,"playtime":591,"items_purged":[],"score":433,"play_id":"9e0f1f93-b0f5-44b3-8811-7e544cd2e39a","local_time":"20190410180457","is_ascension_mode":true,"campfire_choices":[{"data":"Zap","floor":6,"key":"SMITH"},{"floor":11,"key":"REST"},{"floor":15,"key":"REST"},{"floor":23,"key":"REST"}],"neow_cost":"TEN_PERCENT_HP_LOSS","seed_source_timestamp":52272077716641,"circlet_count":0,"master_deck":["AscendersBane","Defend_B+1","Defend_B","Defend_B","Defend_B+1","Zap+1","Dualcast","BootSequence","Beam Cell","Sweeping Beam","Ball Lightning","Coolheaded","Rip and Tear","Sweeping Beam","Compile Driver","Machine Learning","Doom and Gloom","Biased Cognition","Hologram","Bite","Bite","Bite","Bite","Bite"],"relics":["Cracked Core","Tiny Chest","Pear","Peace Pipe","Ornamental Fan","Black Star","Nilry\u0027s Codex","Anchor"],"potions_floor_usage":[14,24],"damage_taken":[{"damage":0,"enemies":"2 Louse","floor":1,"turns":3},{"damage":7,"enemies":"Small Slimes","floor":3,"turns":3},{"damage":0,"enemies":"Jaw Worm","floor":8,"turns":3},{"damage":28,"enemies":"Gremlin Nob","floor":10,"turns":4},{"damage":0,"enemies":"Large Slime","floor":12,"turns":4},{"damage":17,"enemies":"3 Sentries","floor":13,"turns":5},{"damage":1,"enemies":"Looter","floor":14,"turns":3},{"damage":29,"enemies":"Slime Boss","floor":16,"turns":9},{"damage":9,"enemies":"Chosen","floor":18,"turns":5},{"damage":20,"enemies":"2 Thieves","floor":21,"turns":3},{"damage":34,"enemies":"Slavers","floor":24,"turns":3}],"seed_played":"-4450402387792455617","potions_obtained":[{"floor":3,"key":"SpeedPotion"},{"floor":12,"key":"FearPotion"},{"floor":13,"key":"SkillPotion"},{"floor":16,"key":"Strength Potion"}],"is_trial":false,"path_per_floor":["M","?","M","?","$","R","?","M","T","E","R","M","E","M","R","B",null,"M","?","?","M","?","R","E"],"character_chosen":"DEFECT","items_purchased":["Coolheaded","Rip and Tear"],"campfire_rested":3,"item_purchase_floors":[5,5],"current_hp_per_floor":[64,59,52,33,33,33,33,33,43,15,37,37,20,19,41,12,59,50,29,29,9,9,24,0],"gold":122,"neow_bonus":"TRANSFORM_TWO_CARDS","is_prod":false,"is_daily":false,"chose_seed":false,"campfire_upgraded":1,"win_rate":0,"timestamp":1554944697,"path_taken":["M","?","M","?","$","R","?","M","T","E","R","M","E","M","R","BOSS","M","?","?","M","?","R","E"],"build_version":"2019-01-23","purchased_purges":0,"victory":false,"max_hp_per_floor":[64,64,64,64,64,64,64,64,74,74,74,74,74,74,74,74,74,74,74,74,74,51,51,51],"card_choices":[{"not_picked":["Barrage","Hologram"],"picked":"Sweeping Beam","floor":1},{"not_picked":["Rebound","Streamline"],"picked":"Ball Lightning","floor":3},{"not_picked":["Go for the Eyes","Consume"],"picked":"Sweeping Beam","floor":8},{"not_picked":["Lockon","Gash"],"picked":"Compile Driver","floor":10},{"not_picked":["Redo","Barrage","Streamline"],"picked":"SKIP","floor":12},{"not_picked":["Heatsinks","Rebound"],"picked":"Machine Learning","floor":13},{"not_picked":["Stack","Compile Driver"],"picked":"Doom and Gloom","floor":14},{"not_picked":["Core Surge","Hyperbeam"],"picked":"Biased Cognition","floor":16},{"not_picked":["Compile Driver","Stack+1","Heatsinks"],"picked":"SKIP","floor":18},{"not_picked":["Gash","Sunder","Hologram"],"picked":"SKIP","floor":21},{"not_picked":["Gash","Sunder"],"picked":"Hologram","floor":21}],"player_experience":1167814,"relics_obtained":[{"floor":9,"key":"Pear"},{"floor":10,"key":"Peace Pipe"},{"floor":13,"key":"Ornamental Fan"},{"floor":19,"key":"Nilry\u0027s Codex"}],"event_choices":[{"damage_healed":0,"gold_gain":0,"player_choice":"Success","damage_taken":5,"relics_obtained":["Tiny Chest"],"max_hp_gain":0,"max_hp_loss":0,"event_name":"Scrap Ooze","floor":2,"gold_loss":0},{"damage_healed":0,"gold_gain":0,"player_choice":"Entered Light","damage_taken":19,"max_hp_gain":0,"max_hp_loss":0,"event_name":"Shining Light","floor":4,"gold_loss":0,"cards_upgraded":["Defend_B","Defend_B"]},{"damage_healed":0,"gold_gain":0,"player_choice":"Left Gold","damage_taken":0,"max_hp_gain":0,"max_hp_loss":0,"event_name":"World of Goop","floor":7,"gold_loss":19},{"damage_healed":0,"gold_gain":0,"player_choice":"Obtained Book","damage_taken":21,"max_hp_gain":0,"max_hp_loss":0,"event_name":"Cursed Tome","floor":19,"gold_loss":0},{"damage_healed":0,"gold_gain":0,"player_choice":"Obtained Relic","damage_taken":0,"relics_obtained":["Anchor"],"max_hp_gain":0,"max_hp_loss":0,"event_name":"Addict","floor":20,"gold_loss":85},{"damage_healed":0,"gold_gain":0,"player_choice":"Became a vampire","damage_taken":0,"max_hp_gain":0,"max_hp_loss":23,"event_name":"Vampires","floor":22,"gold_loss":0,"cards_obtained":["Bite","Bite","Bite","Bite","Bite"]}],"is_beta":false,"boss_relics":[{"not_picked":["Pandora\u0027s Box","White Beast Statue"],"picked":"Black Star"}],"items_purged_floors":[],"is_endless":false,"potions_floor_spawned":[3,12,13,16,21],"killed_by":"Slavers","ascension_level":20}