{"gold_per_floor":[119,130,130,130,141,141,175,175,226,226,52,52,78,93,93,166,166,181,193,293,309,0,0,33,33,85,31,63,63,81,92,92,169,169,181,200,31,31,31,31,48,81,105,105,105,132,147,14,14,14,14,14,14,14,39,39],"floor_reached":56,"playtime":4318,"items_purged":["Strike_G","Strike_G","Strike_G"],"score":2002,"play_id":"dfd7ba65-0cd6-4216-9dec-a9d9d988ee2f","local_time":"20190403213321","is_ascension_mode":true,"campfire_choices":[{"data":"Noxious Fumes","floor":6.0,"key":"SMITH"},{"data":"Corpse Explosion","floor":10.0,"key":"SMITH"},{"data":"Neutralize","floor":12.0,"key":"SMITH"},{"data":"Footwork","floor":15.0,"key":"SMITH"},{"floor":23.0,"key":"REST"},{"floor":25.0,"key":"REST"},{"floor":29.0,"key":"REST"},{"floor":32.0,"key":"REST"},{"data":"After Image","floor":40,"key":"SMITH"},{"floor":44,"key":"RECALL"},{"data":"Secret Technique","floor":49,"key":"SMITH"},{"data":"Footwork","floor":53,"key":"SMITH"}],"neow_cost":"NONE","seed_source_timestamp":959448645400468,"circlet_count":0,"master_deck":["AscendersBane","Defend_G","Defend_G","Defend_G+1","Defend_G","Defend_G","Strike_G","Survivor","Neutralize","Dagger Throw","Infinite Blades","Noxious Fumes+1","Corpse Explosion+1","Neutralize+1","Bullet Time+1","Bandage Up","Footwork+1","Dash","Tools of the Trade","Crippling Poison","Noxious Fumes","Dagger Spray+1","Malaise","Noxious Fumes","PiercingWail","Adrenaline","Crippling Poison","Deflect+1","Cloak And Dagger","Cloak And Dagger","Acrobatics","After Image+1","Prepared+1","Escape Plan","Footwork+1","Footwork+1","Secret Technique+1","After Image","Quick Slash+1","Leg Sweep","Panacea","Footwork"],"special_seed":0,"relics":["Ring of the Snake","NeowsBlessing","Potion Belt","Boot","Happy Flower","Runic Dome","Nunchaku","Molten Egg 2","Mummified Hand","Snake Skull","Dream Catcher","Eternal Feather","War Paint","Vajra","Bronze Scales"],"potions_floor_usage":[33,42,51,56,56,56,56],"damage_taken":[{"damage":0.0,"enemies":"Jaw Worm","floor":1.0,"turns":1.0},{"damage":0.0,"enemies":"Small Slimes","floor":2.0,"turns":1.0},{"damage":0.0,"enemies":"Cultist","floor":5.0,"turns":1.0},{"damage":14.0,"enemies":"3 Sentries","floor":7.0,"turns":5.0},{"damage":13.0,"enemies":"Lagavulin","floor":13.0,"turns":6.0},{"damage":3.0,"enemies":"Looter","floor":14.0,"turns":4.0},{"damage":3.0,"enemies":"Hexaghost","floor":16.0,"turns":9.0},{"damage":13.0,"enemies":"Spheric Guardian","floor":18.0,"turns":4.0},{"damage":11.0,"enemies":"2 Thieves","floor":19.0,"turns":3.0},{"damage":15.0,"enemies":"Colosseum Slavers","floor":20.0,"turns":3.0},{"damage":0.0,"enemies":"Colosseum Nobs","floor":20.0,"turns":3.0},{"damage":21.0,"enemies":"Shelled Parasite and Fungi","floor":21.0,"turns":5.0},{"damage":30.0,"enemies":"Slavers","floor":24.0,"turns":3.0},{"damage":7.0,"enemies":"Gremlin Leader","floor":28.0,"turns":5.0},{"damage":20.0,"enemies":"Cultist and Chosen","floor":30.0,"turns":6.0},{"damage":0.0,"enemies":"3 Cultists","floor":31.0,"turns":3.0},{"damage":47,"enemies":"Collector","floor":33,"turns":10},{"damage":28,"enemies":"3 Darklings","floor":35,"turns":3},{"damage":0,"enemies":"3 Shapes","floor":36,"turns":3},{"damage":4,"enemies":"Sphere and 2 Shapes","floor":41,"turns":5},{"damage":5,"enemies":"Nemesis","floor":42,"turns":7},{"damage":0,"enemies":"Giant Head","floor":46,"turns":9},{"damage":0,"enemies":"Writhing Mass","floor":47,"turns":7},{"damage":45,"enemies":"Time Eater","floor":50,"turns":17},{"damage":23,"enemies":"Donu and Deca","floor":51,"turns":10},{"damage":52,"enemies":"Shield and Spear","floor":55,"turns":7},{"damage":40,"enemies":"The Heart","floor":56,"turns":2}],"seed_played":"9069277903012461447","potions_obtained":[{"floor":5.0,"key":"PowerPotion"},{"floor":7.0,"key":"Energy Potion"},{"floor":13.0,"key":"Swift Potion"},{"floor":16.0,"key":"FearPotion"},{"floor":19.0,"key":"Energy Potion"},{"floor":30.0,"key":"Block Potion"},{"floor":31.0,"key":"SteroidPotion"},{"floor":36,"key":"Poison Potion"},{"floor":38,"key":"EntropicBrew"},{"floor":38,"key":"Weak Potion"},{"floor":42,"key":"Dexterity Potion"},{"floor":46,"key":"Swift Potion"}],"is_trial":false,"path_per_floor":["M","M","?","?","M","R","E","?","T","R","$","R","E","M","R","B",null,"M","M","?","M","$","R","E","R","T","$","E","R","M","M","R","B",null,"M","M","$","?","$","R","M","E","T","R","?","E","M","$","R","B","B",null,"R","$","E","B"],"character_chosen":"THE_SILENT","items_purchased":["Bandage Up","Malaise","Noxious Fumes","PiercingWail","Swift Potion","Footwork","Leg Sweep","Panacea"],"campfire_rested":4,"item_purchase_floors":[11,22,22,22,27,37,48,48],"current_hp_per_floor":[59,59,64,57,57,57,43,43,43,43,43,43,34,35,35,36,62,53,46,35,18,18,39,13,34,34,34,31,52,36,36,57,14,57,33,33,33,33,33,54,54,53,53,71,66,70,71,71,71,30,11,56,71,71,23,0],"gold":39,"neow_bonus":"THREE_ENEMY_KILL","is_prod":false,"is_daily":false,"chose_seed":false,"campfire_upgraded":7,"win_rate":0,"timestamp":1554348801,"path_taken":["M","M","?","?","?","R","E","?","T","R","$","R","E","M","R","BOSS","M","?","?","M","$","R","E","R","T","$","E","R","M","M","R","BOSS","M","M","$","?","?","R","M","E","T","R","?","E","M","$","R","BOSS","BOSS","R","$","E","BOSS"],"build_version":"2019-03-15","purchased_purges":3,"victory":false,"max_hp_per_floor":[66,66,71,71,71,71,71,71,71,71,71,71,71,71,71,71,71,71,71,71,71,71,71,71,71,71,71,71,71,71,71,71,71,71,71,71,71,71,71,71,71,71,71,71,71,71,71,71,71,71,71,71,71,71,71,71],"card_choices":[{"not_picked":["All Out Attack","Bane"],"picked":"Dagger Throw","floor":1.0},{"not_picked":["Prepared","Sucker Punch"],"picked":"Infinite Blades","floor":2.0},{"not_picked":["PiercingWail","Underhanded Strike"],"picked":"Noxious Fumes","floor":5.0},{"not_picked":["Skewer","Phantasmal Killer"],"picked":"Corpse Explosion","floor":7.0},{"not_picked":["Distraction","Doppelganger"],"picked":"Footwork","floor":13.0},{"not_picked":["Expertise","Dodge and Roll"],"picked":"Dash","floor":14.0},{"not_picked":["Envenom","Bullet Time"],"picked":"Tools of the Trade","floor":16.0},{"not_picked":["Dagger Throw","Blade Dance","Endless Agony"],"picked":"SKIP","floor":18.0},{"not_picked":["Deflect","Reflex"],"picked":"Crippling Poison","floor":19.0},{"not_picked":["Acrobatics","Slice"],"picked":"Noxious Fumes","floor":20.0},{"not_picked":["Outmaneuver","Underhanded Strike+1"],"picked":"Dagger Spray+1","floor":21.0},{"not_picked":["Riddle With Holes+1","Poisoned Stab+1"],"picked":"Adrenaline","floor":24.0},{"not_picked":["All Out Attack+1","Eviscerate+1"],"picked":"Crippling Poison","floor":28.0},{"not_picked":["Bane+1","Slice+1"],"picked":"Deflect+1","floor":29.0},{"not_picked":["Concentrate","Deflect"],"picked":"Cloak And Dagger","floor":30.0},{"not_picked":["Blade Dance","Prepared"],"picked":"Cloak And Dagger","floor":31.0},{"not_picked":["Distraction","Poisoned Stab+1"],"picked":"Acrobatics","floor":32.0},{"not_picked":["Malaise","A Thousand Cuts"],"picked":"After Image","floor":33},{"not_picked":["Outmaneuver","Reflex"],"picked":"Prepared+1","floor":35},{"not_picked":["Heel Hook+1","Blade Dance"],"picked":"Escape Plan","floor":36},{"not_picked":["Deflect","Endless Agony+1","Slice+1"],"picked":"SKIP","floor":41},{"not_picked":["Flying Knee+1","Bane+1"],"picked":"Footwork+1","floor":42},{"not_picked":["Jack Of All Trades","Dramatic Entrance+1"],"picked":"Secret Technique","floor":45},{"not_picked":["Deadly Poison","Dagger Throw+1"],"picked":"After Image","floor":46},{"not_picked":["Setup","Flying Knee+1"],"picked":"Quick Slash+1","floor":47},{"not_picked":["Dodge and Roll","Distraction+1"],"picked":"Footwork","floor":55}],"player_experience":2740586,"relics_obtained":[{"floor":7.0,"key":"Potion Belt"},{"floor":9.0,"key":"Boot"},{"floor":13.0,"key":"Happy Flower"},{"floor":20.0,"key":"Nunchaku"},{"floor":20.0,"key":"Molten Egg 2"},{"floor":24.0,"key":"Mummified Hand"},{"floor":26.0,"key":"Snake Skull"},{"floor":28.0,"key":"Dream Catcher"},{"floor":42,"key":"War Paint"},{"floor":46,"key":"Vajra"},{"floor":55,"key":"Bronze Scales"}],"event_choices":[{"damage_healed":0.0,"max_hp_gain":5.0,"max_hp_loss":0.0,"gold_gain":0.0,"event_name":"Big Fish","player_choice":"Donut","floor":3.0,"gold_loss":0.0,"damage_taken":0.0},{"cards_removed":["Strike_G"],"damage_healed":0.0,"max_hp_gain":0.0,"max_hp_loss":0.0,"gold_gain":0.0,"event_name":"Golden Wing","player_choice":"Card Removal","floor":4.0,"gold_loss":0.0,"damage_taken":7.0},{"damage_healed":0.0,"max_hp_gain":0.0,"max_hp_loss":0.0,"gold_gain":0.0,"event_name":"Match and Keep!","player_choice":"2 cards matched","floor":8.0,"gold_loss":0.0,"damage_taken":0.0,"cards_obtained":["Neutralize","Bullet Time"]},{"damage_healed":0.0,"max_hp_gain":0.0,"max_hp_loss":0.0,"gold_gain":0.0,"event_name":"Colosseum","player_choice":"Fight","floor":20.0,"gold_loss":0.0,"damage_taken":0.0},{"damage_healed":0.0,"max_hp_gain":0.0,"max_hp_loss":0.0,"gold_gain":0.0,"event_name":"Colosseum","player_choice":"Fought Nobs","floor":20.0,"gold_loss":0.0,"damage_taken":0.0},{"damage_healed":0,"gold_gain":0,"player_choice":"Got Potions","damage_taken":0,"max_hp_gain":0,"max_hp_loss":0,"event_name":"Lab","floor":38,"gold_loss":0},{"damage_healed":0,"gold_gain":0,"player_choice":"Memory 2","damage_taken":5,"max_hp_gain":0,"max_hp_loss":0,"event_name":"SensoryStone","floor":45,"gold_loss":0}],"is_beta":true,"boss_relics":[{"not_picked":["WristBlade","Sozu"],"picked":"Runic Dome"},{"not_picked":["Philosopher\u0027s Stone","Velvet Choker"],"picked":"Eternal Feather"}],"items_purged_floors":[11,22,37],"is_endless":false,"potions_floor_spawned":[5,7,13,16,19,20,30,31,36,42,46,47],"killed_by":"The Heart","ascension_level":20}