{"gold_per_floor":[119,65,82,232,232,232,249,249,249,277,277,289,321,334,334,408,408,428,101,118,136,36,36,50,50,50,50,50],"floor_reached":28,"playtime":2392,"items_purged":["Strike_G","Strike_G"],"score":456,"play_id":"7bb0c6c9-f226-4c45-9d11-cd2b6a665c25","local_time":"20190415140648","is_ascension_mode":true,"campfire_choices":[{"data":"Skewer","floor":6.0,"key":"SMITH"},{"data":"Neutralize","floor":8.0,"key":"SMITH"},{"floor":15,"key":"REST"},{"floor":23,"key":"REST"},{"data":"Noxious Fumes","floor":25,"key":"SMITH"},{"floor":27,"key":"REST"}],"neow_cost":"NONE","seed_source_timestamp":275452022635624,"circlet_count":0,"master_deck":["AscendersBane","Defend_G","Defend_G","Defend_G","Defend_G","Defend_G","Strike_G","Strike_G","Strike_G","Survivor","Neutralize+1","Skewer+1","PiercingWail","Doubt","Terror","Dash","Footwork","Dagger Throw","Bouncing Flask","Malaise","Flechettes+1","Noxious Fumes+1","Caltrops","Die Die Die"],"special_seed":0,"relics":["Ring of the Snake","Bag of Preparation","Question Card","Bag of Marbles","Blue Candle","Sozu","Regal Pillow","The Courier"],"potions_floor_usage":[13,13,18,28],"damage_taken":[{"damage":1.0,"enemies":"Cultist","floor":1.0,"turns":4.0},{"damage":4.0,"enemies":"Jaw Worm","floor":3.0,"turns":6.0},{"damage":0.0,"enemies":"2 Louse","floor":7.0,"turns":3.0},{"damage":8.0,"enemies":"Gremlin Nob","floor":10.0,"turns":3.0},{"damage":4.0,"enemies":"Lots of Slimes","floor":12.0,"turns":5.0},{"damage":21,"enemies":"3 Sentries","floor":13,"turns":8},{"damage":0,"enemies":"2 Fungi Beasts","floor":14,"turns":3},{"damage":21,"enemies":"Hexaghost","floor":16,"turns":12},{"damage":16,"enemies":"3 Byrds","floor":18,"turns":6},{"damage":12,"enemies":"2 Thieves","floor":20,"turns":4},{"damage":40,"enemies":"Chosen and Byrds","floor":21,"turns":7},{"damage":14,"enemies":"Centurion and Healer","floor":24,"turns":8},{"damage":62,"enemies":"Slavers","floor":28,"turns":6}],"seed_played":"4732455207902808276","potions_obtained":[{"floor":10.0,"key":"Strength Potion"},{"floor":11.0,"key":"Energy Potion"},{"floor":14,"key":"FearPotion"},{"floor":16,"key":"Regen Potion"}],"is_trial":false,"path_per_floor":["M","$","M","?","?","R","M","R","T","E","?","M","E","M","R","B",null,"M","$","M","M","$","R","M","R","T","R","E"],"character_chosen":"THE_SILENT","items_purchased":["Explosive Potion","Noxious Fumes","Regal Pillow"],"campfire_rested":3,"item_purchase_floors":[2,19,19],"current_hp_per_floor":[64,64,60,60,42,42,42,42,42,34,34,30,9,9,30,9,56,55,55,43,3,3,39,25,25,25,61,0],"gold":50,"neow_bonus":"TEN_PERCENT_HP_BONUS","is_prod":false,"is_daily":false,"chose_seed":false,"campfire_upgraded":3,"win_rate":0,"timestamp":1555333608,"path_taken":["M","?","M","?","?","R","M","R","T","E","?","M","E","M","R","BOSS","M","$","?","M","?","R","M","R","T","R","E"],"build_version":"2019-01-23","purchased_purges":2,"victory":false,"max_hp_per_floor":[72,72,72,72,72,72,72,72,72,72,72,72,72,72,72,72,72,72,72,72,72,72,72,72,72,72,72,72],"card_choices":[{"not_picked":["Flying Knee","Acrobatics"],"picked":"Skewer","floor":1.0},{"not_picked":["Sucker Punch","Cloak And Dagger"],"picked":"PiercingWail","floor":3.0},{"not_picked":["Burst","Underhanded Strike"],"picked":"Terror","floor":7.0},{"not_picked":["Skewer","Infinite Blades","Distraction"],"picked":"Dash","floor":10.0},{"not_picked":["Flying Knee","Concentrate","Dodge and Roll"],"picked":"Footwork","floor":12.0},{"not_picked":["Bane","Setup","Heel Hook"],"picked":"Dagger Throw","floor":13},{"not_picked":["Dagger Spray","Quick Slash","Escape Plan"],"picked":"Bouncing Flask","floor":14},{"not_picked":["Burst","Die Die Die","Storm of Steel"],"picked":"Malaise","floor":16},{"not_picked":["Bane","Blade Dance","Terror"],"picked":"Flechettes+1","floor":18},{"not_picked":["Poisoned Stab","Deflect+1","Dagger Throw+1"],"picked":"Caltrops","floor":20},{"not_picked":["Endless Agony","Outmaneuver","Deadly Poison","Setup"],"picked":"SKIP","floor":21},{"not_picked":["Quick Slash","Outmaneuver","Underhanded Strike"],"picked":"Die Die Die","floor":24}],"player_experience":1079820,"relics_obtained":[{"floor":9.0,"key":"Question Card"},{"floor":10.0,"key":"Bag of Marbles"},{"floor":13,"key":"Blue Candle"},{"floor":26,"key":"The Courier"}],"event_choices":[{"damage_healed":0.0,"max_hp_gain":0.0,"max_hp_loss":0.0,"gold_gain":150.0,"event_name":"Liars Game","player_choice":"AGREE","floor":4.0,"gold_loss":0.0,"damage_taken":0.0,"cards_obtained":["Doubt"]},{"damage_healed":0.0,"max_hp_gain":0.0,"max_hp_loss":0.0,"gold_gain":0.0,"event_name":"Scrap Ooze","player_choice":"Success","floor":5.0,"gold_loss":0.0,"damage_taken":18.0,"relics_obtained":["Bag of Preparation"]},{"damage_healed":0.0,"max_hp_gain":0.0,"max_hp_loss":0.0,"gold_gain":0.0,"event_name":"Lab","player_choice":"Got Potions","floor":11.0,"gold_loss":0.0,"damage_taken":0.0}],"is_beta":false,"boss_relics":[{"not_picked":["Black Star","Runic Dome"],"picked":"Sozu"}],"items_purged_floors":[19,22],"is_endless":false,"potions_floor_spawned":[10,14,16,21,24],"killed_by":"Slavers","ascension_level":20}