{"path_per_floor":["M","?","$","M","?","R","?","E","T","E","$","R","E","M","R","B",null,"M","?","?","M","?","R","E","$","T","?","E","M","?","M","R","B",null,"M","?","?","?","M","E","R","M","T","E","R","$","M","M","R","B"],"character_chosen":"THE_SILENT","items_purchased":["Cloak And Dagger","Sucker Punch","Mind Blast","War Paint","Heel Hook","Bottled Lightning","Regal Pillow"],"gold_per_floor":[116,116,62,74,74,74,74,117,144,183,59,59,97,118,118,247,247,262,177,177,200,200,200,244,11,11,11,52,66,66,90,90,216,216,237,237,237,293,318,358,358,383,383,427,427,21,44,68,68,68],"floor_reached":51,"campfire_rested":4,"playtime":1779,"current_hp_per_floor":[69,55,55,55,55,55,55,36,36,13,13,35,32,32,54,47,68,67,67,67,67,67,67,54,54,54,38,35,33,33,33,55,33,65,44,44,44,44,44,33,33,35,35,25,48,48,45,45,45,28],"items_purged":[],"gold":68,"score":774,"play_id":"7a10a653-0418-4fd9-b32e-ce2d9db2b30d","is_prod":false,"is_daily":false,"is_ascension_mode":true,"campfire_upgraded":1,"path_taken":["M","?","$","M","?","R","?","E","T","E","$","R","E","M","R","BOSS","M","?","?","M","?","R","E","$","T","?","E","M","?","M","R","BOSS","M","?","?","?","M","E","R","M","T","E","R","$","M","M","R","BOSS"],"build_version":"2018-02-22-PROD2","purchased_purges":0,"victory":true,"master_deck":["Defend_G+1","Defend_G+1","Defend_G+1","Defend_G+1","Defend_G+1","Strike_G+1","Strike_G+1","Strike_G+1","Strike_G+1","Strike_G+1","Survivor+1","Neutralize","Backstab","Cloak And Dagger+1","A Thousand Cuts+1","Dagger Throw+1","Backflip+1","Sucker Punch+1","Mind Blast","Poisoned Stab","Slice","Glass Knife","Slice","Noxious Fumes","Writhe","Prepared+1","Heel Hook","Calculated Gamble","Calculated Gamble+1","Prepared","Envenom+1","Backstab","Dagger Spray+1","Cloak And Dagger+1","Prepared+1","Deflect","Accuracy+1","Blade Dance+1"],"max_hp_per_floor":[70,70,70,70,65,65,65,75,75,75,75,75,75,75,75,75,75,75,75,75,75,75,75,75,75,75,75,75,75,75,75,75,75,75,75,75,75,75,75,75,75,77,77,77,77,77,77,77,77,77],"relics":["Ring of the Snake","Golden Idol","Pear","Bag of Preparation","Vajra","Lantern","Sozu","Singing Bowl","Girya","Matryoshka","War Paint","Juzu Bracelet","Unceasing Top","Enchiridion","Whetstone","Question Card","Tingsha","Thread and Needle","Oddly Smooth Stone","Dead Branch","Kunai","Bottled Lightning","Regal Pillow"],"card_choices":[{"not_picked":["Prepared","Dodge and Roll"],"picked":"Backstab"},{"not_picked":["Dodge and Roll","Flying Knee"],"picked":"A Thousand Cuts"},{"not_picked":["Poisoned Stab","Bane"],"picked":"Dagger Throw"},{"not_picked":["Poisoned Stab","Accuracy"],"picked":"Backflip"},{"not_picked":["Underhanded Strike","Skewer"],"picked":"Poisoned Stab"},{"not_picked":["Prepared","Deadly Poison"],"picked":"Slice"},{"not_picked":["Unload","A Thousand Cuts"],"picked":"Glass Knife"},{"not_picked":["Eviscerate","Outmaneuver"],"picked":"Slice"},{"not_picked":["Bane","Leg Sweep"],"picked":"Noxious Fumes"},{"not_picked":["Eviscerate","Predator"],"picked":"Prepared"},{"not_picked":["Slice","Flying Knee"],"picked":"Calculated Gamble"},{"not_picked":["Catalyst","Malaise"],"picked":"Calculated Gamble"},{"not_picked":["Deadly Poison","Burst"],"picked":"Prepared"},{"not_picked":["Phantasmal Killer","Wraith Form"],"picked":"Envenom"},{"not_picked":["Slice","Bane","Blur"],"picked":"Backstab"},{"not_picked":["Underhanded Strike","Acrobatics","PiercingWail"],"picked":"Dagger Spray"},{"not_picked":["Skewer","Bane","Eviscerate"],"picked":"Cloak And Dagger"},{"not_picked":["Flying Knee","Acrobatics","Calculated Gamble"],"picked":"Prepared"},{"not_picked":["Choke","Glass Knife","Distraction"],"picked":"Deflect"},{"not_picked":["Cloak And Dagger","Dagger Spray","Backflip"],"picked":"Accuracy"},{"not_picked":["Infinite Blades","Slice","All Out Attack"],"picked":"Blade Dance"}],"player_experience":200845,"potions_floor_usage":[8,8,10,10],"damage_taken":[{"damage":1,"enemies":"Jaw Worm","floor":1,"turns":4},{"damage":0,"enemies":"2 Louse","floor":4,"turns":2},{"damage":29,"enemies":"Gremlin Nob","floor":8,"turns":6},{"damage":23,"enemies":"Lagavulin","floor":10,"turns":7},{"damage":3,"enemies":"3 Sentries","floor":13,"turns":4},{"damage":0,"enemies":"Small Slimes","floor":14,"turns":1},{"damage":7,"enemies":"Slime Boss","floor":16,"turns":7},{"damage":1,"enemies":"Spheric Guardian","floor":18,"turns":3},{"damage":0,"enemies":"Chosen","floor":21,"turns":2},{"damage":13,"enemies":"Book of Stabbing","floor":24,"turns":4},{"damage":3,"enemies":"Slavers","floor":28,"turns":4},{"damage":2,"enemies":"Centurion and Healer","floor":29,"turns":3},{"damage":0,"enemies":"Slaver and Parasite","floor":31,"turns":3},{"damage":22,"enemies":"Automaton","floor":33,"turns":7},{"damage":21,"enemies":"3 Darklings","floor":35,"turns":3},{"damage":0,"enemies":"Mysterious Sphere","floor":38,"turns":4},{"damage":0,"enemies":"Orb Walker","floor":39,"turns":1},{"damage":11,"enemies":"2 Orb Walkers","floor":40,"turns":2},{"damage":0,"enemies":"3 Darklings","floor":42,"turns":2},{"damage":10,"enemies":"Nemesis","floor":44,"turns":4},{"damage":3,"enemies":"4 Shapes","floor":47,"turns":2},{"damage":0,"enemies":"Sphere and 2 Shapes","floor":48,"turns":3},{"damage":17,"enemies":"Donu and Deca","floor":50,"turns":6}],"event_choices":[{"event_name":"Shining Light","player_choice":"Entered Light","floor":2,"damage_taken":0},{"event_name":"Golden Idol","player_choice":"Lose Max HP","floor":5,"damage_taken":0},{"event_name":"Living Wall","player_choice":"Grow","floor":7,"damage_taken":0},{"event_name":"Addict","player_choice":"Obtained Relic","floor":19,"damage_taken":0},{"event_name":"Back to Basics","player_choice":"Simplicity","floor":20,"damage_taken":0},{"event_name":"The Mausoleum","player_choice":"Yes","floor":22,"damage_taken":0},{"event_name":"Cursed Tome","player_choice":"Obtained Book","floor":27,"damage_taken":0},{"event_name":"Drug Dealer","player_choice":"Ignored","floor":30,"damage_taken":0},{"event_name":"Tomb of Lord Red Mask","player_choice":"Ignored","floor":36,"damage_taken":0},{"event_name":"Accursed Blacksmith","player_choice":"Forge","floor":37,"damage_taken":0},{"event_name":"Mysterious Sphere","player_choice":"Fight","floor":38,"damage_taken":0}],"boss_relics":[{"not_picked":["Philosopher\u0027s Stone","White Beast Statue"],"picked":"Sozu"},{"not_picked":["Astrolabe","Velvet Choker"],"picked":"Question Card"}],"potions_floor_spawned":[1,8,29,33,35,39,47],"seed_played":"944406177337385524","ascension_level":5,"is_trial":false}