{"gold_per_floor":[109,127,147,166,241,269,30,60,87,152,152,162,194,206,206,281,281,300,316,316,336,97,97,117,127,198,198,224,237,24,38,38,116,116,131,131,181,12,25,25,51,51,51,51,61,11,61,61],"floor_reached":48,"playtime":1731,"items_purged":["Strike_G","Doubt","Doubt"],"score":965,"play_id":"883c7522-6d6a-4184-a804-bcc569732fd1","local_time":"20181205153617","is_ascension_mode":true,"campfire_choices":[{"data":"Catalyst","floor":15.0,"key":"SMITH"},{"floor":23.0,"key":"REST"},{"floor":27.0,"key":"REST"},{"data":"Catalyst","floor":32.0,"key":"SMITH"},{"floor":40,"key":"REST"},{"data":"Well Laid Plans","floor":42,"key":"SMITH"}],"neow_cost":"NONE","seed_source_timestamp":0,"circlet_count":0,"master_deck":["AscendersBane","Defend_G","Defend_G","Defend_G","Defend_G+1","Defend_G","Strike_G","Strike_G","Strike_G","Survivor","Neutralize","Poisoned Stab","Catalyst+1","Well Laid Plans+1","Flying Knee","Noxious Fumes","Footwork","Caltrops","Dash","Die Die Die","Deflect","Deflect","Adrenaline+1","Dodge and Roll","Blur","Poisoned Stab","Injury","After Image","Backflip+1","Catalyst+1","Noxious Fumes","Burst","Catalyst+1","Thinking Ahead","Terror+1","Crippling Poison","Writhe"],"special_seed":0,"relics":["Ring of the Snake","NeowsBlessing","Meat on the Bone","Sling","Potion Belt","Ancient Tea Set","Tiny Chest","The Courier","Cursed Key","Bronze Scales","Pantograph","Sundial","Lee\u0027s Waffle","Lizard Tail","Smiling Mask","War Paint","Orichalcum","Mummified Hand","Pear"],"potions_floor_usage":[],"damage_taken":[{"damage":0.0,"enemies":"Small Slimes","floor":1.0,"turns":1.0},{"damage":0.0,"enemies":"Cultist","floor":2.0,"turns":1.0},{"damage":0.0,"enemies":"2 Louse","floor":3.0,"turns":1.0},{"damage":9.0,"enemies":"Red Slaver","floor":4.0,"turns":4.0},{"damage":24.0,"enemies":"Gremlin Nob","floor":6.0,"turns":4.0},{"damage":3.0,"enemies":"3 Sentries","floor":8.0,"turns":6.0},{"damage":16.0,"enemies":"Lagavulin","floor":10.0,"turns":7.0},{"damage":1.0,"enemies":"Looter","floor":12.0,"turns":3.0},{"damage":26.0,"enemies":"Gremlin Nob","floor":13.0,"turns":4.0},{"damage":1.0,"enemies":"Blue Slaver","floor":14.0,"turns":4.0},{"damage":13.0,"enemies":"The Guardian","floor":16.0,"turns":9.0},{"damage":1.0,"enemies":"Chosen","floor":18.0,"turns":7.0},{"damage":4.0,"enemies":"3 Byrds","floor":19.0,"turns":4.0},{"damage":39.0,"enemies":"Snecko","floor":21.0,"turns":7.0},{"damage":5.0,"enemies":"Cultist and Chosen","floor":24.0,"turns":7.0},{"damage":16.0,"enemies":"Snake Plant","floor":25.0,"turns":4.0},{"damage":15.0,"enemies":"Slavers","floor":28.0,"turns":6.0},{"damage":23.0,"enemies":"Centurion and Healer","floor":29.0,"turns":8.0},{"damage":13.0,"enemies":"3 Cultists","floor":31.0,"turns":5.0},{"damage":45.0,"enemies":"Automaton","floor":33.0,"turns":9.0},{"damage":5.0,"enemies":"Orb Walker","floor":35.0,"turns":3.0},{"damage":27.0,"enemies":"3 Darklings","floor":39.0,"turns":7.0},{"damage":73,"enemies":"Giant Head","floor":41,"turns":8},{"damage":41,"enemies":"Spire Growth","floor":45,"turns":6},{"damage":25,"enemies":"Nemesis","floor":48,"turns":4}],"seed_played":"4235300480020552209","potions_obtained":[{"floor":2.0,"key":"Fire Potion"},{"floor":4.0,"key":"FearPotion"},{"floor":6.0,"key":"Energy Potion"},{"floor":12.0,"key":"SneckoOil"},{"floor":16.0,"key":"Explosive Potion"},{"floor":20.0,"key":"Dexterity Potion"},{"floor":20.0,"key":"Ancient Potion"},{"floor":21.0,"key":"Dexterity Potion"},{"floor":28.0,"key":"Dexterity Potion"},{"floor":31.0,"key":"AttackPotion"},{"floor":35.0,"key":"Fire Potion"},{"floor":45,"key":"Fire Potion"}],"is_trial":false,"path_per_floor":["M","M","M","M","?","E","$","E","T","E","?","M","E","M","R","B",null,"M","M","?","M","$","R","M","M","T","R","E","M","$","M","R","B",null,"M","?","T","$","M","R","E","R","T","T","M","$","?","E"],"character_chosen":"THE_SILENT","items_purchased":["Footwork","Sling","GhostInAJar","Bronze Scales","Lee\u0027s Waffle","Catalyst","War Paint"],"campfire_rested":3,"item_purchase_floors":[7,7,22,22,30,30,38],"current_hp_per_floor":[59,59,59,50,39,15,15,24,24,20,20,31,17,28,28,27,56,55,51,51,24,24,43,38,34,34,53,38,27,73,60,60,40,65,60,60,60,60,45,66,43,43,43,53,24,24,24,0],"gold":61,"neow_bonus":"THREE_ENEMY_KILL","is_prod":false,"is_daily":false,"chose_seed":false,"campfire_upgraded":3,"win_rate":0,"timestamp":1544052977,"path_taken":["M","M","M","M","?","E","$","E","T","E","?","M","E","M","R","BOSS","M","?","?","M","$","R","?","M","T","R","E","M","$","M","R","BOSS","M","?","?","$","M","R","E","R","T","?","M","$","?","E"],"build_version":"2018-11-15","purchased_purges":3,"victory":false,"max_hp_per_floor":[66,66,66,66,66,66,66,66,66,66,66,66,66,66,66,66,66,66,66,66,66,66,66,66,66,66,66,66,66,73,73,73,73,73,73,73,73,73,73,73,73,73,73,83,83,83,83,83],"card_choices":[{"not_picked":["Reflex","Deflect"],"picked":"Poisoned Stab","floor":1.0},{"not_picked":["Poisoned Stab","Dagger Throw"],"picked":"Catalyst","floor":2.0},{"not_picked":["Prepared","Backstab"],"picked":"Well Laid Plans","floor":3.0},{"not_picked":["Tactician","Prepared"],"picked":"Flying Knee","floor":4.0},{"not_picked":["Flechettes","Escape Plan"],"picked":"Noxious Fumes","floor":6.0},{"not_picked":["Poisoned Stab","Slice"],"picked":"Caltrops","floor":8.0},{"not_picked":["Dodge and Roll","Blade Dance"],"picked":"Dash","floor":10.0},{"not_picked":["Cloak And Dagger","Slice"],"picked":"Deflect","floor":12.0},{"not_picked":["Bane","Dagger Throw"],"picked":"Deflect","floor":13.0},{"not_picked":["Cloak And Dagger","Skewer","Heel Hook"],"picked":"SKIP","floor":14.0},{"not_picked":["Storm of Steel","Tools of the Trade"],"picked":"Adrenaline","floor":16.0},{"not_picked":["Prepared","Slice"],"picked":"Dodge and Roll","floor":18.0},{"not_picked":["Dagger Throw","Underhanded Strike+1","Deflect"],"picked":"SKIP","floor":19.0},{"not_picked":["Flechettes","Flying Knee","Acrobatics"],"picked":"SKIP","floor":21.0},{"not_picked":["Phantasmal Killer","Flechettes"],"picked":"Blur","floor":24.0},{"not_picked":["Bane","Dagger Spray"],"picked":"Poisoned Stab","floor":25.0},{"not_picked":["Slice","Cloak And Dagger"],"picked":"After Image","floor":28.0},{"not_picked":["Deflect","Sucker Punch+1"],"picked":"Backflip+1","floor":29.0},{"not_picked":["Catalyst","Bane"],"picked":"Noxious Fumes","floor":31.0},{"not_picked":["After Image","A Thousand Cuts"],"picked":"Burst","floor":33.0},{"not_picked":["Slice","Finisher"],"picked":"Catalyst+1","floor":35.0},{"not_picked":["Deep Breath","PanicButton"],"picked":"Thinking Ahead","floor":36.0},{"not_picked":["Underhanded Strike","Skewer"],"picked":"Terror+1","floor":39.0},{"not_picked":["Flechettes","Backflip"],"picked":"Crippling Poison","floor":41},{"not_picked":["Bane","Heel Hook","Slice"],"picked":"SKIP","floor":45}],"player_experience":984531,"relics_obtained":[{"floor":6.0,"key":"Meat on the Bone"},{"floor":8.0,"key":"Potion Belt"},{"floor":9.0,"key":"Ancient Tea Set"},{"floor":10.0,"key":"Tiny Chest"},{"floor":13.0,"key":"The Courier"},{"floor":26.0,"key":"Pantograph"},{"floor":28.0,"key":"Sundial"},{"floor":37.0,"key":"Smiling Mask"},{"floor":41,"key":"Orichalcum"},{"floor":43,"key":"Mummified Hand"},{"floor":44,"key":"Pear"}],"event_choices":[{"damage_healed":0.0,"max_hp_gain":0.0,"max_hp_loss":0.0,"gold_gain":75.0,"event_name":"World of Goop","player_choice":"Gather Gold","floor":5.0,"gold_loss":0.0,"damage_taken":11.0},{"damage_healed":0.0,"max_hp_gain":0.0,"max_hp_loss":0.0,"gold_gain":0.0,"cards_transformed":["Strike_G"],"event_name":"Transmorgrifier","player_choice":"Transformed","floor":11.0,"gold_loss":0.0,"damage_taken":0.0,"cards_obtained":["Die Die Die"]},{"damage_healed":0.0,"max_hp_gain":0.0,"max_hp_loss":0.0,"gold_gain":0.0,"event_name":"Lab","player_choice":"Got Potions","floor":20.0,"gold_loss":0.0,"damage_taken":0.0},{"damage_healed":0.0,"max_hp_gain":0.0,"max_hp_loss":0.0,"gold_gain":0.0,"event_name":"SensoryStone","player_choice":"Memory 1","floor":36.0,"gold_loss":0.0,"damage_taken":0.0},{"damage_healed":0,"gold_gain":50,"player_choice":"Pray","damage_taken":0,"max_hp_gain":0,"max_hp_loss":0,"event_name":"Golden Shrine","floor":47,"gold_loss":0}],"is_beta":false,"boss_relics":[{"not_picked":["Orrery","Black Star"],"picked":"Cursed Key"},{"not_picked":["Philosopher\u0027s Stone","Runic Pyramid"],"picked":"Lizard Tail"}],"items_purged_floors":[22,38,46],"is_endless":false,"potions_floor_spawned":[2,4,6,12,16,21,28,31,35,45],"killed_by":"Nemesis","ascension_level":15}