{"gold_per_floor":[209,384,384,17,36,36,12,12,12,26,26,26,44,76,88,202,214,246,11,27,27,44,44,44,44,44,44,44,6,6,34,34,129,129,148,148,148,25,43,73,88,388,388,402,402],"floor_reached":45,"playtime":2731,"items_purged":[],"score":507,"play_id":"10d2ce47-70bc-4288-a520-eee6e4b4a21b","local_time":"20181012043818","is_ascension_mode":false,"campfire_choices":[{"data":"Genetic Algorithm","floor":6,"key":"SMITH"},{"data":"Genetic Algorithm","floor":11,"key":"SMITH"},{"floor":15,"key":"REST"},{"floor":23,"key":"REST"},{"data":"Barricade","floor":25,"key":"SMITH"},{"data":"Loop","floor":27,"key":"SMITH"},{"data":"Hologram","floor":30,"key":"SMITH"},{"data":"Distraction","floor":32,"key":"SMITH"}],"neow_cost":"NONE","seed_source_timestamp":122671932860963,"circlet_count":0,"master_deck":["Strike_B","Strike_B","Strike_B","Strike_B","Defend_B","Defend_B","Defend_B","Zap","Dualcast+1","Hologram+1","Compile Driver","Genetic Algorithm+1","Sweeping Beam+1","Genetic Algorithm+1","Distraction+1","Slice","Barricade+1","Iron Wave+1","Genetic Algorithm+1","Go for the Eyes","Seeing Red","Well Laid Plans","Loop+1","BootSequence","Flame Barrier+1","Exhume","Glacier+1","White Noise","Steam","Ghostly Armor+1","Headbutt","Discovery+1","Thunderclap+1"],"relics":["FrozenCore","PrismaticShard","Omamori","Bottled Flame","MawBank","DollysMirror","Singing Bowl","Gambling Chip","Inserter","Bottled Lightning","Old Coin","Vajra"],"potions_floor_usage":[14,41,41,45,45],"damage_taken":[{"damage":3,"enemies":"Jaw Worm","floor":1,"turns":3},{"damage":8,"enemies":"2 Louse","floor":5,"turns":3},{"damage":1,"enemies":"Cultist","floor":10,"turns":4},{"damage":13,"enemies":"3 Louse","floor":13,"turns":3},{"damage":16,"enemies":"3 Sentries","floor":14,"turns":6},{"damage":30,"enemies":"Hexaghost","floor":16,"turns":9},{"damage":23,"enemies":"Chosen","floor":18,"turns":7},{"damage":14,"enemies":"Spheric Guardian","floor":20,"turns":8},{"damage":2,"enemies":"Centurion and Healer","floor":22,"turns":11},{"damage":1,"enemies":"Slavers","floor":31,"turns":8},{"damage":15,"enemies":"Automaton","floor":33,"turns":21},{"damage":0,"enemies":"3 Shapes","floor":35,"turns":7},{"damage":13,"enemies":"3 Darklings","floor":39,"turns":10},{"damage":0,"enemies":"Giant Head","floor":40,"turns":14},{"damage":21,"enemies":"Reptomancer","floor":41,"turns":12},{"damage":0,"enemies":"Mind Bloom Boss Battle","floor":42,"turns":15},{"damage":0,"enemies":"Spire Growth","floor":44,"turns":12},{"damage":51,"enemies":"2 Orb Walkers","floor":45,"turns":6}],"seed_played":"-6182511481110412932","potions_obtained":[{"floor":10,"key":"GamblersBrew"},{"floor":13,"key":"Dexterity Potion"},{"floor":22,"key":"Energy Potion"},{"floor":39,"key":"Strength Potion"},{"floor":41,"key":"Block Potion"},{"floor":44,"key":"Dexterity Potion"}],"is_trial":false,"path_per_floor":["M","?","?","$","M","R","$","?","T","M","R","?","M","E","R","B",null,"M","$","M","$","M","R","?","R","T","R","?","$","R","E","R","B",null,"M","$","?","$","M","E","M","?","T","M"],"character_chosen":"DEFECT","items_purchased":["Compile Driver","PrismaticShard","Omamori","Sweeping Beam","DollysMirror","Go for the Eyes","BootSequence","White Noise","Steam"],"campfire_rested":2,"item_purchase_floors":[4,4,4,7,19,19,29,38,38],"current_hp_per_floor":[72,72,65,65,57,57,57,42,42,41,41,41,28,12,34,4,75,52,52,38,38,36,58,58,58,58,58,58,58,58,57,57,42,75,75,75,75,75,64,64,43,43,43,43,0],"gold":402,"neow_bonus":"HUNDRED_GOLD","is_prod":false,"is_daily":false,"chose_seed":false,"campfire_upgraded":6,"win_rate":0.0,"timestamp":1539344298,"path_taken":["M","?","?","$","M","R","$","?","T","M","R","?","M","E","R","BOSS","M","$","M","?","M","R","?","R","T","R","?","$","R","E","R","BOSS","M","$","?","$","?","E","M","?","T","M","E"],"build_version":"2018-10-11","purchased_purges":0,"victory":false,"max_hp_per_floor":[75,75,75,75,75,75,75,75,75,75,75,75,75,75,75,75,75,75,75,75,75,75,75,75,75,75,75,75,75,75,75,75,75,75,75,75,75,75,77,77,77,77,77,77,77],"card_choices":[{"not_picked":["Compile Driver","Redo"],"picked":"Hologram","floor":1},{"not_picked":["Warcry","Bane"],"picked":"Genetic Algorithm","floor":5},{"not_picked":["Underhanded Strike","Clothesline"],"picked":"Genetic Algorithm","floor":10},{"not_picked":["Bane","BootSequence"],"picked":"Distraction","floor":13},{"not_picked":["Grand Finale","Dodge and Roll"],"picked":"Slice","floor":14},{"not_picked":["Bullet Time","Envenom"],"picked":"Barricade","floor":16},{"not_picked":["Lockon","PiercingWail"],"picked":"Iron Wave+1","floor":18},{"not_picked":["Ball Lightning+1","Flying Knee"],"picked":"Seeing Red","floor":20},{"not_picked":["Bane","Ball Lightning"],"picked":"Well Laid Plans","floor":22},{"not_picked":["Go for the Eyes","Genetic Algorithm"],"picked":"Flame Barrier+1","floor":31},{"not_picked":["Thinking Ahead","Core Surge"],"picked":"Exhume","floor":33},{"not_picked":["Wild Strike+1","Coolheaded+1"],"picked":"Glacier+1","floor":35},{"not_picked":["Backflip","Hologram","Undo+1"],"picked":"Singing Bowl","floor":39},{"not_picked":["Outmaneuver+1","All Out Attack+1"],"picked":"Ghostly Armor+1","floor":40},{"not_picked":["Coolheaded+1","Lockon+1"],"picked":"Headbutt","floor":41},{"not_picked":["Havoc+1","Cold Snap"],"picked":"Discovery+1","floor":42},{"not_picked":["Go for the Eyes","Ghostly Armor"],"picked":"Thunderclap+1","floor":44}],"player_experience":468055,"relics_obtained":[{"floor":9,"key":"Bottled Flame"},{"floor":14,"key":"MawBank"},{"floor":26,"key":"Singing Bowl"},{"floor":31,"key":"Gambling Chip"},{"floor":40,"key":"Bottled Lightning"},{"floor":42,"key":"Old Coin"},{"floor":43,"key":"Vajra"}],"event_choices":[{"event_name":"Liars Game","player_choice":"agreed","floor":2,"damage_taken":0},{"event_name":"Golden Wing","player_choice":"Card Removal","floor":3,"damage_taken":0},{"event_name":"Shining Light","player_choice":"Entered Light","floor":8,"damage_taken":0},{"event_name":"Dead Adventurer","player_choice":"Searched \u00272\u0027 times","floor":12,"damage_taken":0},{"event_name":"The Library","player_choice":"Read","floor":24,"damage_taken":0},{"event_name":"Purifier","player_choice":"One Purge","floor":28,"damage_taken":0},{"event_name":"Tomb of Lord Red Mask","player_choice":"Ignored","floor":37,"damage_taken":0},{"event_name":"MindBloom","player_choice":"Fight","floor":42,"damage_taken":0}],"is_beta":false,"boss_relics":[{"not_picked":["Busted Crown","Velvet Choker"],"picked":"FrozenCore"},{"not_picked":["Fusion Hammer","Snecko Eye"],"picked":"Inserter"}],"items_purged_floors":[],"is_endless":false,"potions_floor_spawned":[10,13,22,39,41,44],"killed_by":"2 Orb Walkers","ascension_level":0}