{"path_per_floor":["M","M","$","?","?","E","T","$","T","E","M","M","R","M","R","B",null,"M","?","$","?","?","E","T","R","T","E","R","E","R","M","R","B",null,"M","M","?","?","?","E","?"],"character_chosen":"THE_SILENT","items_purchased":["Noxious Fumes","Cloak And Dagger","Fire Potion","Gremlin Horn","Concentrate"],"gold_per_floor":[109,125,24,24,24,52,52,2,302,334,349,361,361,381,381,480,480,480,380,39,39,39,39,39,39,39,39,39,39,39,39,39,39,39,39,39,39,0,0,0,0],"floor_reached":42,"campfire_rested":2,"playtime":1494,"current_hp_per_floor":[66,59,59,45,50,23,23,23,23,11,11,8,30,29,51,29,75,65,65,65,65,65,61,75,75,75,82,82,79,79,76,76,58,99,83,72,60,60,60,23,23],"items_purged":[],"gold":0,"score":576,"play_id":"2574b0e4-eb3f-4a1c-826e-281dfc6a1c37","is_prod":false,"is_daily":false,"is_ascension_mode":true,"campfire_upgraded":4,"path_taken":["M","?","$","?","?","E","?","$","T","E","M","M","R","M","R","BOSS","M","?","$","?","?","E","?","R","T","E","R","E","R","M","R","BOSS","M","M","?","?","?","E","?","E"],"build_version":"2018-02-15-PROD1","purchased_purges":0,"victory":false,"master_deck":["Defend_G","Defend_G","Defend_G+1","Strike_G","Strike_G","Strike_G","Survivor","Neutralize","Bouncing Flask","Dash+1","Slice","Deflect+1","Noxious Fumes+1","Cloak And Dagger","Cloak And Dagger","Terror","Dodge and Roll","Backflip","Deflect","Venomology+1","Backflip+1","J.A.X.","Concentrate","PiercingWail","Poisoned Stab","Dagger Spray+1","Slice","Catalyst+1","A Thousand Cuts","Prepared+1","Venomology","Madness","Madness"],"max_hp_per_floor":[70,70,70,70,75,75,75,75,75,75,75,75,75,75,75,75,75,75,75,75,75,75,75,89,89,89,99,99,99,99,99,99,99,99,99,99,99,99,99,101,101],"relics":["Ring of the Snake","Calipers","Unceasing Top","Old Coin","Art of War","Ectoplasm","Gremlin Horn","Anchor","Mango","Ancient Tea Set","Pear","Singing Bowl","The Specimen","Red Mask","Bird Faced Urn"],"card_choices":[{"not_picked":["Cloak And Dagger","Doppelganger"],"picked":"Slice"},{"not_picked":["Backflip","All Out Attack"],"picked":"Deflect"},{"not_picked":["Heel Hook","Predator"],"picked":"Cloak And Dagger"},{"not_picked":["Reflex","Crippling Poison"],"picked":"Terror"},{"not_picked":["Flying Knee","Dash"],"picked":"Dodge and Roll"},{"not_picked":["Poisoned Stab","All Out Attack"],"picked":"Backflip"},{"not_picked":["Bane","Dodge and Roll"],"picked":"Deflect"},{"not_picked":["Doppelganger","Night Terror"],"picked":"Venomology"},{"not_picked":["Predator","Dodge and Roll"],"picked":"Backflip"},{"not_picked":["Infinite Blades","Backflip"],"picked":"Poisoned Stab"},{"not_picked":["Flying Knee","Deflect"],"picked":"Dagger Spray"},{"not_picked":["PiercingWail","Deadly Poison"],"picked":"Slice"},{"not_picked":["Slice","PiercingWail"],"picked":"Catalyst"},{"not_picked":["Burst","Adrenaline"],"picked":"A Thousand Cuts"},{"not_picked":["Outmaneuver","Riddle With Holes"],"picked":"Prepared"},{"not_picked":["Acrobatics","Sucker Punch"],"picked":"Venomology"}],"player_experience":158091,"potions_floor_usage":[16,16,18,23,27,27,27,29,35,36,40,40,40,40,42,42],"damage_taken":[{"damage":4,"enemies":"Cultist","floor":1,"turns":4},{"damage":7,"enemies":"Jaw Worm","floor":2,"turns":3},{"damage":27,"enemies":"3 Sentries","floor":6,"turns":9},{"damage":12,"enemies":"Lagavulin","floor":10,"turns":8},{"damage":0,"enemies":"Small Slimes","floor":11,"turns":3},{"damage":3,"enemies":"2 Fungi Beasts","floor":12,"turns":5},{"damage":1,"enemies":"Looter","floor":14,"turns":3},{"damage":22,"enemies":"Hexaghost","floor":16,"turns":8},{"damage":10,"enemies":"3 Byrds","floor":18,"turns":7},{"damage":4,"enemies":"Book of Stabbing","floor":23,"turns":7},{"damage":3,"enemies":"Slavers","floor":27,"turns":6},{"damage":3,"enemies":"Book of Stabbing","floor":29,"turns":5},{"damage":3,"enemies":"Spheric Guardian","floor":31,"turns":3},{"damage":18,"enemies":"Automaton","floor":33,"turns":7},{"damage":16,"enemies":"3 Darklings","floor":35,"turns":3},{"damage":11,"enemies":"3 Shapes","floor":36,"turns":3},{"damage":51,"enemies":"2 Orb Walkers","floor":40,"turns":5},{"damage":17,"enemies":"Nemesis","floor":42,"turns":4}],"event_choices":[{"event_name":"Shining Light","player_choice":"Entered Light","floor":4,"damage_taken":0},{"event_name":"Big Fish","player_choice":"Donut","floor":5,"damage_taken":0},{"event_name":"Drug Dealer","player_choice":"Got JAXXED","floor":19,"damage_taken":0},{"event_name":"Transmorgrifier","player_choice":"Transform","floor":21,"damage_taken":0},{"event_name":"Fountain of Cleansing","player_choice":"Removed Curse","floor":22,"damage_taken":0},{"event_name":"Winding Halls","player_choice":"Embrace Madness","floor":37,"damage_taken":0},{"event_name":"Tomb of Lord Red Mask","player_choice":"Paid","floor":38,"damage_taken":0},{"event_name":"Mysterious Sphere","player_choice":"Ignore","floor":41,"damage_taken":0}],"boss_relics":[{"not_picked":["Question Card","Pandora\u0027s Box"],"picked":"Ectoplasm"},{"not_picked":["Calling Bell","Runic Dome"],"picked":"The Specimen"}],"potions_floor_spawned":[10,11,14,18,35,40],"seed_played":"7643401343774261070","killed_by":"Nemesis","ascension_level":4,"is_trial":false}