{"gold_per_floor":[112,127,127,106,30,68,87,87,87,87,107,120,120,139,139,139],"floor_reached":16,"playtime":445,"items_purged":[],"score":168,"play_id":"6588004b-da45-438b-9d5a-a082f84b717c","local_time":"20181012065146","is_ascension_mode":true,"campfire_choices":[{"data":"Skewer","floor":10,"key":"SMITH"},{"data":"Dagger Spray","floor":13,"key":"SMITH"},{"floor":15,"key":"REST"}],"neow_cost":"NONE","seed_source_timestamp":132967095185633,"circlet_count":0,"master_deck":["Defend_G","Defend_G","Defend_G","Defend_G","Defend_G","Strike_G","Strike_G","Strike_G","Strike_G","Strike_G","Survivor","Neutralize","AscendersBane","Bullet Time","Acrobatics","Dagger Spray+1","Dash","Skewer+1","Slice","Parasite","Flying Knee","Dagger Throw","Prepared"],"relics":["Ring of the Snake","Golden Idol","Strawberry","Letter Opener"],"potions_floor_usage":[6,16],"damage_taken":[{"damage":0,"enemies":"Jaw Worm","floor":1,"turns":5},{"damage":4,"enemies":"2 Louse","floor":2,"turns":3},{"damage":38,"enemies":"Lagavulin","floor":6,"turns":10},{"damage":0,"enemies":"Small Slimes","floor":7,"turns":4},{"damage":0,"enemies":"2 Fungi Beasts","floor":11,"turns":3},{"damage":0,"enemies":"Looter","floor":12,"turns":2},{"damage":8,"enemies":"Exordium Wildlife","floor":14,"turns":4},{"damage":73,"enemies":"The Guardian","floor":16,"turns":11}],"seed_played":"5091355329105199898","potions_obtained":[{"floor":2,"key":"Strength Potion"},{"floor":7,"key":"SpeedPotion"},{"floor":14,"key":"Regen Potion"}],"is_trial":false,"path_per_floor":["M","M","?","?","$","E","M","?","T","R","M","M","R","M","R"],"character_chosen":"THE_SILENT","items_purchased":["Dash"],"campfire_rested":1,"item_purchase_floors":[5],"current_hp_per_floor":[63,59,59,59,59,28,28,46,46,46,46,46,46,38,59,0],"gold":139,"neow_bonus":"ONE_RANDOM_RARE_CARD","is_prod":false,"is_daily":false,"chose_seed":false,"campfire_upgraded":2,"win_rate":0,"timestamp":1539352306,"path_taken":["M","M","?","?","$","E","M","?","T","R","M","M","R","?","R","BOSS"],"build_version":"2018-10-11","purchased_purges":0,"victory":false,"max_hp_per_floor":[70,70,65,65,65,72,72,72,72,72,72,72,72,72,72,72],"card_choices":[{"not_picked":["Prepared","Bane"],"picked":"Acrobatics","floor":1},{"not_picked":["Acrobatics","Outmaneuver"],"picked":"Dagger Spray","floor":2},{"not_picked":["Poisoned Stab","Quick Slash"],"picked":"Skewer","floor":6},{"not_picked":["Leg Sweep","All Out Attack"],"picked":"Slice","floor":7},{"not_picked":["Blade Dance","Masterful Stab"],"picked":"Flying Knee","floor":11},{"not_picked":["Underhanded Strike","Infinite Blades"],"picked":"Dagger Throw","floor":12},{"not_picked":["Catalyst","Reflex"],"picked":"Prepared","floor":14}],"player_experience":478180,"relics_obtained":[{"floor":6,"key":"Strawberry"},{"floor":9,"key":"Letter Opener"}],"event_choices":[{"event_name":"Golden Idol","player_choice":"Lose Max HP","floor":3,"damage_taken":0},{"event_name":"World of Goop","player_choice":"Left","floor":4,"damage_taken":0},{"event_name":"Mushrooms","player_choice":"Healed and dodged fight","floor":8,"damage_taken":0}],"is_beta":false,"boss_relics":[],"items_purged_floors":[],"is_endless":false,"potions_floor_spawned":[2,7,14],"killed_by":"The Guardian","ascension_level":13}