{"gold_per_floor":[116,126,144,163,174,209,228,228,255,284,284,318,66,86,86,188,188,177,277,277,288,298,298],"floor_reached":23,"playtime":2195,"items_purged":["Strike_R"],"score":215,"play_id":"ae497d1c-553c-4111-b74a-6d90ba774028","local_time":"20190414185133","is_ascension_mode":false,"campfire_choices":[{"data":"Seeing Red","floor":8,"key":"SMITH"},{"floor":15,"key":"REST"}],"neow_cost":"NONE","seed_source_timestamp":69759550132200,"circlet_count":0,"master_deck":["Strike_R","Strike_R","Defend_R","Defend_R","Defend_R","Defend_R","Bash+1","Seeing Red+1","Metallicize","Spot Weakness","Iron Wave","Thunderclap","Apotheosis","Juggernaut","Rampage+1","Barricade"],"relics":["Burning Blood","Bottled Lightning","Ancient Tea Set","Bag of Marbles","Red Skull","Pen Nib","Empty Cage","WingedGreaves","Molten Egg 2"],"potions_floor_usage":[6,10,12,16,22],"damage_taken":[{"damage":6,"enemies":"Cultist","floor":1,"turns":3},{"damage":8,"enemies":"Jaw Worm","floor":2,"turns":3},{"damage":4,"enemies":"Small Slimes","floor":3,"turns":5},{"damage":3,"enemies":"Red Slaver","floor":4,"turns":4},{"damage":7,"enemies":"Lots of Slimes","floor":5,"turns":5},{"damage":38,"enemies":"Lagavulin","floor":6,"turns":7},{"damage":7,"enemies":"Blue Slaver","floor":7,"turns":5},{"damage":15,"enemies":"3 Sentries","floor":10,"turns":7},{"damage":23,"enemies":"Gremlin Nob","floor":12,"turns":5},{"damage":0,"enemies":"Looter","floor":14,"turns":1},{"damage":30,"enemies":"Hexaghost","floor":16,"turns":11},{"damage":22,"enemies":"2 Thieves","floor":18,"turns":4},{"damage":29,"enemies":"Colosseum Slavers","floor":19,"turns":6},{"damage":8,"enemies":"Colosseum Nobs","floor":19,"turns":5},{"damage":19,"enemies":"3 Byrds","floor":21,"turns":4},{"damage":3,"enemies":"Snecko","floor":22,"turns":6},{"damage":35,"enemies":"Slavers","floor":23,"turns":2}],"seed_played":"-2305208182137482869","potions_obtained":[{"floor":1,"key":"Regen Potion"},{"floor":3,"key":"Energy Potion"},{"floor":5,"key":"Weak Potion"},{"floor":7,"key":"PowerPotion"},{"floor":10,"key":"FearPotion"},{"floor":19,"key":"Energy Potion"}],"is_trial":false,"path_per_floor":["M","M","M","M","M","E","M","R","T","E","?","E","$","M","R","B",null,"M","?","?","M","M","E"],"character_chosen":"IRONCLAD","items_purchased":["Apotheosis"],"campfire_rested":1,"item_purchase_floors":[13],"current_hp_per_floor":[80,78,80,80,79,61,60,60,60,51,48,31,31,37,61,37,80,64,39,39,26,29,0],"gold":298,"neow_bonus":"UPGRADE_CARD","is_prod":false,"is_daily":false,"chose_seed":false,"campfire_upgraded":1,"win_rate":0.0,"timestamp":1555293093,"path_taken":["M","?","M","M","M","E","M","R","T","E","?","E","$","M","R","BOSS","M","?","?","?","M","E"],"build_version":"2019-01-23","purchased_purges":1,"victory":false,"max_hp_per_floor":[80,80,80,80,80,80,80,80,80,80,80,80,80,80,80,80,80,80,80,80,80,80,80],"card_choices":[{"not_picked":["Corruption","Uppercut"],"picked":"Seeing Red","floor":1},{"not_picked":["True Grit","Armaments"],"picked":"Metallicize","floor":2},{"not_picked":["Rupture","Heavy Blade"],"picked":"Spot Weakness","floor":3},{"not_picked":["Flex","Sentinel"],"picked":"Iron Wave","floor":4},{"not_picked":["Warcry","Feel No Pain"],"picked":"Thunderclap","floor":5},{"not_picked":["Armaments","Demon Form","Body Slam"],"picked":"SKIP","floor":6},{"not_picked":["Searing Blow","Flex","Headbutt"],"picked":"SKIP","floor":7},{"not_picked":["Burning Pact","Cleave","Warcry"],"picked":"SKIP","floor":10},{"not_picked":["Intimidate","Thunderclap","Clothesline"],"picked":"SKIP","floor":12},{"not_picked":["Anger","Shrug It Off","Disarm"],"picked":"SKIP","floor":14},{"not_picked":["Exhume","Berserk"],"picked":"Juggernaut","floor":16},{"not_picked":["Clothesline","Intimidate","Armaments+1"],"picked":"SKIP","floor":18},{"not_picked":["Inflame","Twin Strike+1"],"picked":"Rampage+1","floor":19},{"not_picked":["Havoc+1","Clothesline+1","Intimidate"],"picked":"SKIP","floor":21},{"not_picked":["Clothesline+1","Clash+1","Metallicize"],"picked":"SKIP","floor":22}],"player_experience":65705,"relics_obtained":[{"floor":6,"key":"Bottled Lightning"},{"floor":9,"key":"Ancient Tea Set"},{"floor":10,"key":"Bag of Marbles"},{"floor":12,"key":"Pen Nib"},{"floor":19,"key":"WingedGreaves"},{"floor":19,"key":"Molten Egg 2"}],"event_choices":[{"damage_healed":0,"gold_gain":0,"player_choice":"Success","damage_taken":3,"relics_obtained":["Red Skull"],"max_hp_gain":0,"max_hp_loss":0,"event_name":"Scrap Ooze","floor":11,"gold_loss":0},{"damage_healed":0,"gold_gain":0,"player_choice":"Fight","damage_taken":0,"max_hp_gain":0,"max_hp_loss":0,"event_name":"Colosseum","floor":19,"gold_loss":0},{"damage_healed":0,"gold_gain":0,"player_choice":"Fought Nobs","damage_taken":0,"max_hp_gain":0,"max_hp_loss":0,"event_name":"Colosseum","floor":19,"gold_loss":0},{"damage_healed":0,"gold_gain":0,"player_choice":"1 cards matched","damage_taken":0,"max_hp_gain":0,"max_hp_loss":0,"event_name":"Match and Keep!","floor":20,"gold_loss":0,"cards_obtained":["Barricade"]}],"is_beta":false,"boss_relics":[{"not_picked":["Runic Pyramid","Calling Bell"],"picked":"Empty Cage"}],"items_purged_floors":[13],"is_endless":false,"potions_floor_spawned":[1,3,5,7,10,19],"killed_by":"Slavers","ascension_level":0}