{"gold_per_floor":[14,114,128,139,149,175,175,208,262,262,278,298,298,313,313,410,410,426,426,442,465,105,105],"floor_reached":23,"playtime":1876,"items_purged":["Strike_R"],"score":304,"play_id":"4dceebf5-2a19-4ec4-a643-7d9c6f57a9c1","local_time":"20190222162941","is_ascension_mode":true,"campfire_choices":[{"data":"Uppercut","floor":7,"key":"SMITH"},{"data":"Inflame","floor":10,"key":"SMITH"},{"floor":13,"key":"REST"},{"data":"Pommel Strike","floor":15,"key":"SMITH"}],"neow_cost":"NO_GOLD","seed_source_timestamp":3141497358463749,"circlet_count":0,"master_deck":["Strike_R","Strike_R","Defend_R","Defend_R","Defend_R+1","Defend_R","Bash","Reckless Charge","Inflame+1","Uppercut+1","Pommel Strike+1","Clothesline","Intimidate+1","Whirlwind","Combust","Clothesline","Heavy Blade","Reaper","Inflame+1","Rupture","Heavy Blade+1","Pommel Strike"],"relics":["Burning Blood","War Paint","Gremlin Horn","Omamori","Black Star","Boot","Bottled Tornado"],"potions_floor_usage":[11,12,16,16,23],"damage_taken":[{"damage":7,"enemies":"Small Slimes","floor":1,"turns":3},{"damage":0,"enemies":"Cultist","floor":3,"turns":3},{"damage":0,"enemies":"2 Louse","floor":4,"turns":2},{"damage":16,"enemies":"Exordium Wildlife","floor":5,"turns":5},{"damage":18,"enemies":"Gremlin Nob","floor":6,"turns":4},{"damage":15,"enemies":"Lagavulin","floor":8,"turns":4},{"damage":24,"enemies":"Exordium Thugs","floor":11,"turns":3},{"damage":9,"enemies":"Large Slime","floor":12,"turns":4},{"damage":8,"enemies":"Looter","floor":14,"turns":2},{"damage":11,"enemies":"Slime Boss","floor":16,"turns":5},{"damage":9,"enemies":"Chosen","floor":18,"turns":4},{"damage":55,"enemies":"3 Byrds","floor":20,"turns":5},{"damage":59,"enemies":"Book of Stabbing","floor":23,"turns":5}],"seed_played":"-5134242303839040091","potions_obtained":[{"floor":1,"key":"Explosive Potion"},{"floor":4,"key":"BloodPotion"},{"floor":8,"key":"Energy Potion"},{"floor":11,"key":"SkillPotion"},{"floor":18,"key":"Strength Potion"}],"is_trial":false,"path_per_floor":["M","?","M","M","M","E","R","E","T","R","M","M","R","M","R","B",null,"M","?","M","T","$","E"],"character_chosen":"IRONCLAD","items_purchased":["Bottled Tornado","Pommel Strike"],"campfire_rested":1,"item_purchase_floors":[22,22],"current_hp_per_floor":[79,79,80,80,70,58,58,49,49,49,39,36,60,58,58,53,80,80,80,39,39,39,0],"gold":105,"neow_bonus":"TRANSFORM_TWO_CARDS","is_prod":false,"is_daily":false,"chose_seed":false,"campfire_upgraded":3,"win_rate":0,"timestamp":1550870981,"path_taken":["M","?","M","M","M","E","R","E","T","R","?","M","R","M","R","BOSS","M","?","M","?","$","E"],"build_version":"2019-01-23","purchased_purges":1,"victory":false,"max_hp_per_floor":[80,80,80,80,80,80,80,80,80,80,80,80,80,80,80,80,80,80,80,80,80,80,80],"card_choices":[{"not_picked":["Bloodletting","Havoc"],"picked":"Uppercut","floor":1},{"not_picked":["Headbutt","Cleave"],"picked":"Pommel Strike","floor":3},{"not_picked":["Perfected Strike","Dual Wield"],"picked":"Clothesline","floor":4},{"not_picked":["Twin Strike","Cleave"],"picked":"Intimidate","floor":5},{"not_picked":["Reckless Charge","Body Slam","True Grit"],"picked":"SKIP","floor":6},{"not_picked":["Pommel Strike","Cleave"],"picked":"Whirlwind","floor":8},{"not_picked":["Clash","Entrench"],"picked":"Combust","floor":11},{"not_picked":["Burning Pact","Intimidate"],"picked":"Clothesline","floor":12},{"not_picked":["Infernal Blade","Sentinel"],"picked":"Heavy Blade","floor":14},{"not_picked":["Double Tap","Limit Break"],"picked":"Reaper","floor":16},{"not_picked":["Combust","Seeing Red"],"picked":"Inflame+1","floor":18},{"not_picked":["Clothesline","Flex"],"picked":"Heavy Blade+1","floor":20}],"player_experience":189214,"relics_obtained":[{"floor":6,"key":"War Paint"},{"floor":8,"key":"Gremlin Horn"},{"floor":9,"key":"Omamori"},{"floor":21,"key":"Boot"}],"event_choices":[{"damage_healed":0,"gold_gain":100,"player_choice":"Pray","damage_taken":0,"max_hp_gain":0,"max_hp_loss":0,"event_name":"Golden Shrine","floor":2,"gold_loss":0},{"damage_healed":0,"gold_gain":0,"player_choice":"Read","damage_taken":0,"max_hp_gain":0,"max_hp_loss":0,"event_name":"The Library","floor":19,"gold_loss":0,"cards_obtained":["Rupture"]}],"is_beta":false,"boss_relics":[{"not_picked":["Orrery","Ectoplasm"],"picked":"Black Star"}],"items_purged_floors":[22],"is_endless":false,"potions_floor_spawned":[1,4,8,11,18],"killed_by":"Book of Stabbing","ascension_level":4}