{"gold_per_floor":[115,40,60,60,80,80,101,140,164,179,212,212,212,248,248,346,346,365,389,47,72,90,90,90],"floor_reached":24,"playtime":2876,"items_purged":[],"score":436,"play_id":"cffeba0e-c672-4bf1-80f6-6634b35a128d","local_time":"20190402093654","is_ascension_mode":true,"campfire_choices":[{"data":"Armaments","floor":6,"key":"SMITH"},{"floor":12,"key":"REST"},{"floor":13,"key":"REST"},{"data":"Metallicize","floor":15,"key":"SMITH"},{"data":"Disarm","floor":23,"key":"SMITH"}],"neow_cost":"TEN_PERCENT_HP_LOSS","seed_source_timestamp":831706437385209,"circlet_count":0,"master_deck":["AscendersBane","Strike_R","Strike_R","Strike_R","Strike_R","Defend_R","Defend_R","Defend_R","Defend_R","Bash","Armaments+1","Evolve","Metallicize+1","Carnage","Ghostly Armor","Shockwave","Pommel Strike","Body Slam","True Grit","Impervious","Impervious","Bloodletting","Disarm+1"],"relics":["Burning Blood","WingedGreaves","Golden Idol","Smiling Mask","Dream Catcher","Orichalcum","Du-Vu Doll","Runic Pyramid","Ice Cream"],"potions_floor_usage":[10,11,14,19,19,24],"damage_taken":[{"damage":4,"enemies":"2 Louse","floor":1,"turns":3},{"damage":5,"enemies":"Small Slimes","floor":3,"turns":3},{"damage":9,"enemies":"Jaw Worm","floor":5,"turns":5},{"damage":26,"enemies":"Gremlin Gang","floor":7,"turns":7},{"damage":10,"enemies":"3 Sentries","floor":8,"turns":8},{"damage":10,"enemies":"Exordium Wildlife","floor":10,"turns":5},{"damage":36,"enemies":"Gremlin Nob","floor":11,"turns":6},{"damage":31,"enemies":"Lagavulin","floor":14,"turns":12},{"damage":5,"enemies":"The Guardian","floor":16,"turns":15},{"damage":4,"enemies":"Spheric Guardian","floor":18,"turns":10},{"damage":18,"enemies":"3 Byrds","floor":19,"turns":6},{"damage":4,"enemies":"Cultist and Chosen","floor":21,"turns":10},{"damage":3,"enemies":"Centurion and Healer","floor":22,"turns":6},{"damage":53,"enemies":"Slavers","floor":24,"turns":9}],"seed_played":"2764309992758946786","potions_obtained":[{"floor":3,"key":"Fruit Juice"},{"floor":8,"key":"BloodPotion"},{"floor":10,"key":"Weak Potion"},{"floor":14,"key":"Explosive Potion"},{"floor":18,"key":"SkillPotion"},{"floor":21,"key":"FearPotion"}],"is_trial":false,"path_per_floor":["M","?","M","?","M","R","M","E","T","M","E","R","R","E","R","B",null,"M","M","$","M","M","R","E"],"character_chosen":"IRONCLAD","items_purchased":["Ice Cream"],"campfire_rested":2,"item_purchase_floors":[20],"current_hp_per_floor":[68,68,68,62,59,59,39,35,35,36,12,32,52,27,27,28,57,59,47,47,49,52,52,0],"gold":90,"neow_bonus":"ONE_RARE_RELIC","is_prod":false,"is_daily":false,"chose_seed":false,"campfire_upgraded":3,"win_rate":0,"timestamp":1554219414,"path_taken":["M","?","M","?","M","R","?","E","T","M","E","R","R","E","R","BOSS","M","?","$","M","M","R","E"],"build_version":"2019-03-15","purchased_purges":0,"victory":false,"max_hp_per_floor":[68,68,68,62,62,62,62,62,62,67,67,67,67,67,67,67,67,67,67,67,67,67,67,67],"card_choices":[{"not_picked":["Twin Strike","Second Wind"],"picked":"Armaments","floor":1},{"not_picked":["True Grit","Thunderclap"],"picked":"Evolve","floor":3},{"not_picked":["Perfected Strike","Fire Breathing"],"picked":"Metallicize","floor":5},{"not_picked":["Warcry","Pommel Strike"],"picked":"Carnage","floor":7},{"not_picked":["Wild Strike","Limit Break"],"picked":"Ghostly Armor","floor":8},{"not_picked":["Perfected Strike","Bloodletting"],"picked":"Shockwave","floor":10},{"not_picked":["Clash","Rupture"],"picked":"Pommel Strike","floor":11},{"not_picked":["Thunderclap","Clothesline"],"picked":"Body Slam","floor":12},{"not_picked":["Havoc","Rupture"],"picked":"True Grit","floor":13},{"not_picked":["Disarm","Iron Wave"],"picked":"Impervious","floor":14},{"not_picked":["Dark Embrace","Bludgeon"],"picked":"Impervious","floor":16},{"not_picked":["Spot Weakness","Sword Boomerang","Havoc"],"picked":"SKIP","floor":18},{"not_picked":["Iron Wave","Havoc","Twin Strike"],"picked":"SKIP","floor":19},{"not_picked":["Rampage","Iron Wave"],"picked":"Bloodletting","floor":21},{"not_picked":["Inflame","Heavy Blade"],"picked":"Disarm","floor":22}],"player_experience":2711372,"relics_obtained":[{"floor":8,"key":"Smiling Mask"},{"floor":9,"key":"Dream Catcher"},{"floor":11,"key":"Orichalcum"},{"floor":14,"key":"Du-Vu Doll"}],"event_choices":[{"cards_removed":["Strike_R"],"damage_healed":0,"gold_gain":0,"player_choice":"Card Removal","damage_taken":0,"max_hp_gain":0,"max_hp_loss":0,"event_name":"The Cleric","floor":2,"gold_loss":75},{"damage_healed":0,"gold_gain":0,"player_choice":"Lose Max HP","damage_taken":0,"relics_obtained":["Golden Idol"],"max_hp_gain":0,"max_hp_loss":6,"event_name":"Golden Idol","floor":4,"gold_loss":0}],"is_beta":true,"boss_relics":[{"not_picked":["Empty Cage","Orrery"],"picked":"Runic Pyramid"}],"items_purged_floors":[],"is_endless":false,"potions_floor_spawned":[3,8,10,14,18,21],"killed_by":"Slavers","ascension_level":20}