{"gold_per_floor":[117,117,141,166,187,208,208,248,260,272,284,296,166,184,184,313,313,329,329,377,62,86,117,136,136],"floor_reached":25,"playtime":807,"items_purged":["Strike_G"],"score":223,"play_id":"61981357-ab00-422b-a4e2-b448722a6745","local_time":"20181024165828","is_ascension_mode":false,"campfire_choices":[{"data":"Crippling Poison","floor":7,"key":"SMITH"},{"floor":12,"key":"REST"},{"floor":15,"key":"REST"}],"neow_cost":"NONE","seed_source_timestamp":1212280682470315,"circlet_count":0,"master_deck":["Defend_G","Defend_G","Defend_G","Defend_G","Defend_G+1","Strike_G","Strike_G+1","Strike_G","Strike_G","Survivor","Neutralize","Backflip","Crippling Poison+1","Bane","Deadly Poison","Backflip","Crippling Poison","Flying Knee","Escape Plan+1","Noxious Fumes","Apotheosis","Poisoned Stab"],"relics":["Ring of the Snake","NeowsBlessing","Golden Idol","MawBank","Paper Crane","Black Star","Strawberry","Boot","Lantern"],"potions_floor_usage":[22,22,22,24],"damage_taken":[{"damage":0,"enemies":"2 Louse","floor":1,"turns":1},{"damage":0,"enemies":"Cultist","floor":3,"turns":1},{"damage":0,"enemies":"Small Slimes","floor":4,"turns":1},{"damage":2,"enemies":"Looter","floor":5,"turns":3},{"damage":10,"enemies":"3 Louse","floor":6,"turns":4},{"damage":20,"enemies":"3 Sentries","floor":8,"turns":9},{"damage":0,"enemies":"2 Fungi Beasts","floor":14,"turns":2},{"damage":18,"enemies":"The Guardian","floor":16,"turns":11},{"damage":11,"enemies":"Spheric Guardian","floor":18,"turns":4},{"damage":18,"enemies":"2 Thieves","floor":22,"turns":3},{"damage":42,"enemies":"Gremlin Leader","floor":23,"turns":8},{"damage":12,"enemies":"Centurion and Healer","floor":24,"turns":7},{"damage":5,"enemies":"Shelled Parasite and Fungi","floor":25,"turns":3}],"seed_played":"-5018464647771813803","potions_obtained":[{"floor":3,"key":"PowerPotion"},{"floor":5,"key":"Fire Potion"},{"floor":8,"key":"Explosive Potion"},{"floor":14,"key":"SkillPotion"},{"floor":23,"key":"PowerPotion"},{"floor":24,"key":"Poison Potion"}],"is_trial":false,"path_per_floor":["M","?","M","M","M","M","R","E","T","?","?","R","$","M","R","B",null,"M","?","T","$","M","E","M"],"character_chosen":"THE_SILENT","items_purchased":["Crippling Poison","Noxious Fumes","Apotheosis","Poisoned Stab"],"campfire_rested":2,"item_purchase_floors":[13,21,21,21],"current_hp_per_floor":[70,53,53,53,51,41,41,21,21,7,7,28,28,28,49,31,70,59,70,77,77,59,17,5,0],"gold":136,"neow_bonus":"THREE_ENEMY_KILL","is_prod":false,"is_daily":false,"chose_seed":false,"campfire_upgraded":1,"win_rate":0,"timestamp":1540414708,"path_taken":["M","?","M","?","?","M","R","E","T","?","?","R","$","M","R","BOSS","M","?","?","$","M","E","M","M"],"build_version":"2018-10-18","purchased_purges":1,"victory":false,"max_hp_per_floor":[70,70,70,70,70,70,70,70,70,70,70,70,70,70,70,70,70,70,70,77,77,77,77,77,77],"card_choices":[{"not_picked":["Cloak And Dagger","Underhanded Strike"],"picked":"Backflip","floor":1},{"not_picked":["Finisher","Flechettes"],"picked":"Crippling Poison","floor":3},{"not_picked":["Underhanded Strike","Tactician"],"picked":"Bane","floor":4},{"not_picked":["Flechettes","Tactician"],"picked":"Deadly Poison","floor":5},{"not_picked":["Heel Hook","Leg Sweep"],"picked":"Backflip","floor":6},{"not_picked":["Wraith Form v2","Endless Agony","Heel Hook"],"picked":"SKIP","floor":8},{"not_picked":["Calculated Gamble","Quick Slash"],"picked":"Flying Knee","floor":14},{"not_picked":["Quick Slash+1","Cloak And Dagger+1"],"picked":"Escape Plan+1","floor":18},{"not_picked":["Outmaneuver","Slice+1","Dagger Throw"],"picked":"SKIP","floor":22},{"not_picked":["Dodge and Roll+1","Blade Dance","Bane"],"picked":"SKIP","floor":23},{"not_picked":["Outmaneuver+1","Caltrops","Dodge and Roll"],"picked":"SKIP","floor":24}],"player_experience":256297,"relics_obtained":[{"floor":8,"key":"MawBank"},{"floor":9,"key":"Paper Crane"},{"floor":20,"key":"Strawberry"},{"floor":23,"key":"Boot"},{"floor":23,"key":"Lantern"}],"event_choices":[{"damage_healed":0,"gold_gain":0,"player_choice":"Take Damage","damage_taken":17,"relics_obtained":["Golden Idol"],"max_hp_gain":0,"max_hp_loss":0,"event_name":"Golden Idol","floor":2,"gold_loss":0},{"damage_healed":0,"gold_gain":0,"player_choice":"Entered Light","damage_taken":14,"max_hp_gain":0,"max_hp_loss":0,"event_name":"Shining Light","floor":10,"gold_loss":0,"cards_upgraded":["Defend_G","Strike_G"]},{"damage_healed":0,"gold_gain":0,"player_choice":"Ignored","damage_taken":0,"max_hp_gain":0,"max_hp_loss":0,"event_name":"Liars Game","floor":11,"gold_loss":0},{"damage_healed":23,"gold_gain":0,"player_choice":"Heal","damage_taken":0,"max_hp_gain":0,"max_hp_loss":0,"event_name":"The Library","floor":19,"gold_loss":0}],"is_beta":false,"boss_relics":[{"not_picked":["Busted Crown","White Beast Statue"],"picked":"Black Star"}],"items_purged_floors":[13],"is_endless":false,"potions_floor_spawned":[3,5,8,14,16,23,24],"killed_by":"Shelled Parasite and Fungi","ascension_level":0}