{"path_per_floor":["M","M","M","?","?","E","R","E","T","R","$","M","E","M","R","B",null,"M","?","?","M","?","R"],"character_chosen":"THE_SILENT","items_purchased":["Deflect","Footwork","Poisoned Stab"],"gold_per_floor":[118,137,151,151,116,144,144,169,169,169,17,35,63,80,80,181,181,194,244,244,257,182,182],"floor_reached":24,"campfire_rested":2,"playtime":727,"current_hp_per_floor":[61,56,56,42,59,49,49,24,24,45,45,41,38,38,59,52,66,66,66,66,43,43,53],"items_purged":[],"gold":182,"score":289,"play_id":"b6c9e10b-3ce9-4628-9fd3-64a422591438","is_prod":false,"is_daily":false,"is_ascension_mode":true,"campfire_upgraded":2,"path_taken":["M","M","M","?","?","E","R","E","T","R","$","M","E","?","R","BOSS","M","?","?","?","?","R","E"],"build_version":"2018-02-22-PROD2","purchased_purges":0,"victory":false,"master_deck":["Defend_G+1","Defend_G","Defend_G","Defend_G","Defend_G","Strike_G","Strike_G+1","Strike_G+1","Strike_G+1","Survivor","Neutralize","Bouncing Flask+1","Deflect","Slice","Cloak And Dagger","Cloak And Dagger","Deflect","Footwork","Poisoned Stab","Slice","Wraith Form+1","Bane","Tools of the Trade","Bane","Escape Plan+1"],"max_hp_per_floor":[70,70,70,70,70,70,70,70,70,70,70,70,70,70,70,70,70,70,70,70,70,70,70],"relics":["Ring of the Snake","Ornamental Fan","Whetstone","Anchor","Paper Crane","Eternal Feather"],"card_choices":[{"not_picked":["Blade Dance","Dagger Spray"],"picked":"Bouncing Flask"},{"not_picked":["Well Laid Plans","Endless Agony"],"picked":"Deflect"},{"not_picked":["Masterful Stab","Prepared"],"picked":"Slice"},{"not_picked":["Caltrops","Predator"],"picked":"Cloak And Dagger"},{"not_picked":["Acrobatics","Bane"],"picked":"Cloak And Dagger"},{"not_picked":["Masterful Stab","Flying Knee"],"picked":"Slice"},{"not_picked":["Flying Knee","Dagger Throw"],"picked":"Wraith Form"},{"not_picked":["Dagger Throw","Eviscerate"],"picked":"Bane"},{"not_picked":["Night Terror","Grand Finale"],"picked":"Tools of the Trade"},{"not_picked":["Dodge and Roll","Backflip"],"picked":"Bane"},{"not_picked":["Backflip","Deflect"],"picked":"Escape Plan"}],"player_experience":269603,"potions_floor_usage":[6,6,13,16,21],"damage_taken":[{"damage":2,"enemies":"Small Slimes","floor":1,"turns":5},{"damage":5,"enemies":"Jaw Worm","floor":2,"turns":4},{"damage":0,"enemies":"Cultist","floor":3,"turns":3},{"damage":10,"enemies":"Lagavulin","floor":6,"turns":6},{"damage":25,"enemies":"Gremlin Nob","floor":8,"turns":5},{"damage":4,"enemies":"Exordium Wildlife","floor":12,"turns":5},{"damage":3,"enemies":"Lagavulin","floor":13,"turns":7},{"damage":0,"enemies":"Red Slaver","floor":14,"turns":2},{"damage":7,"enemies":"Hexaghost","floor":16,"turns":9},{"damage":0,"enemies":"3 Byrds","floor":18,"turns":7},{"damage":23,"enemies":"2 Thieves","floor":21,"turns":5},{"damage":70,"enemies":"Gremlin Leader","floor":24,"turns":6}],"event_choices":[{"event_name":"Shining Light","player_choice":"Entered Light","floor":4,"damage_taken":0},{"event_name":"The Cleric","player_choice":"Healed","floor":5,"damage_taken":0},{"event_name":"The Joust","player_choice":"Bet on Murderer","floor":19,"damage_taken":0},{"event_name":"Vampires","player_choice":"Ignored","floor":20,"damage_taken":0},{"event_name":"Beggar","player_choice":"Gave Gold","floor":22,"damage_taken":0}],"boss_relics":[{"not_picked":["Snecko Eye","Question Card"],"picked":"Eternal Feather"}],"potions_floor_spawned":[1,2,8,13,14],"seed_played":"4936603989901799896","killed_by":"Gremlin Leader","ascension_level":7,"is_trial":false}