{"path_per_floor":["M","$","?","M","$","E","R","?","T","E","M","?","E","M","R","B",null,"M","?","M","?","M","E","?","R","T","$","E","?","E","$","R","B",null,"M","?","?","M","$","R"],"character_chosen":"THE_SILENT","items_purchased":["Mind Blast","Footwork","Bottled Lightning","Fire Potion","Kunai","Backstab","Prepared"],"gold_per_floor":[113,22,22,42,5,43,43,43,66,104,125,95,134,158,158,283,283,307,232,257,172,197,230,230,230,303,14,55,55,95,20,20,148,148,172,505,505,517,31,31],"floor_reached":41,"campfire_rested":1,"playtime":4994,"current_hp_per_floor":[67,67,65,59,59,52,52,52,52,47,47,47,39,39,39,36,65,63,63,48,48,48,29,29,39,39,39,36,20,27,27,56,33,65,37,37,29,35,35,47],"items_purged":["Survivor","Normality"],"gold":31,"score":521,"play_id":"04a397d1-0a5c-4083-8add-9b3f20f3e71b","is_prod":false,"is_daily":false,"is_ascension_mode":true,"campfire_upgraded":4,"path_taken":["M","?","?","M","$","E","R","?","T","E","M","?","E","?","R","BOSS","M","?","M","?","?","E","?","R","T","$","E","?","E","$","R","BOSS","M","?","?","M","$","R","E"],"build_version":"2018-02-15-PROD1","purchased_purges":2,"victory":false,"master_deck":["Defend_G+1","Defend_G+1","Defend_G+1","Defend_G+1","Defend_G+1","Strike_G+1","Strike_G+1","Strike_G+1","Neutralize","Noxious Fumes+1","Prepared","Mind Blast+1","Leg Sweep","Footwork","Poisoned Stab","Tools of the Trade","Poisoned Stab","Dagger Throw","Quick Slash","Escape Plan","Venomology+1","Poisoned Stab","Predator+1","Escape Plan+1","A Thousand Cuts","Prepared+1","Accuracy+1","After Image+1","Parasite","Normality","Madness+1","Madness+1","Backstab","Prepared+1"],"max_hp_per_floor":[70,70,65,65,65,65,65,65,65,65,65,65,65,65,65,65,65,65,65,65,65,65,65,65,65,65,65,65,65,65,65,65,65,65,65,65,65,65,65,65],"relics":["Ring of the Snake","Bag of Marbles","Orichalcum","Ancient Tea Set","Anchor","Eternal Feather","Toxic Egg 2","Happy Flower","Meat on the Bone","Bottled Lightning","Bronze Scales","Nilry\u0027s Codex","Bag of Preparation","Calling Bell","Snake Skull","Omamori","Frozen Egg 2","Kunai"],"card_choices":[{"not_picked":["Outmaneuver","Dagger Spray"],"picked":"Noxious Fumes"},{"not_picked":["Flechettes","Eviscerate"],"picked":"Prepared"},{"not_picked":["Night Terror","Malaise"],"picked":"Leg Sweep"},{"not_picked":["Underhanded Strike","PiercingWail"],"picked":"Poisoned Stab"},{"not_picked":["Dagger Throw","Acrobatics"],"picked":"Poisoned Stab"},{"not_picked":["Deadly Poison","Acrobatics"],"picked":"Dagger Throw"},{"not_picked":["Underhanded Strike","Terror"],"picked":"Quick Slash"},{"not_picked":["Flying Knee","Cloak And Dagger"],"picked":"Escape Plan"},{"not_picked":["Envenom","Grand Finale"],"picked":"Venomology"},{"not_picked":["Leg Sweep","Dagger Throw"],"picked":"Poisoned Stab"},{"not_picked":["Quick Slash","Crippling Poison"],"picked":"Predator"},{"not_picked":["Outmaneuver","Flying Knee"],"picked":"Escape Plan"},{"not_picked":["Quick Slash","Underhanded Strike"],"picked":"A Thousand Cuts"},{"not_picked":["Skewer","Poisoned Stab"],"picked":"Prepared"},{"not_picked":["Expertise","Blade Dance"],"picked":"Accuracy"},{"not_picked":["Tools of the Trade","Phantasmal Killer"],"picked":"After Image"}],"player_experience":170657,"potions_floor_usage":[6,6,13,16,18,20,22,23,23,23,28,28,30,30,33,33,38,41,41],"damage_taken":[{"damage":3,"enemies":"Cultist","floor":1,"turns":4},{"damage":6,"enemies":"Small Slimes","floor":4,"turns":4},{"damage":7,"enemies":"Lagavulin","floor":6,"turns":8},{"damage":5,"enemies":"3 Sentries","floor":10,"turns":6},{"damage":0,"enemies":"2 Louse","floor":11,"turns":3},{"damage":8,"enemies":"Gremlin Nob","floor":13,"turns":3},{"damage":0,"enemies":"Exordium Thugs","floor":14,"turns":3},{"damage":3,"enemies":"The Guardian","floor":16,"turns":10},{"damage":2,"enemies":"Chosen","floor":18,"turns":4},{"damage":15,"enemies":"Shell Parasite","floor":20,"turns":4},{"damage":0,"enemies":"Cultist and Chosen","floor":22,"turns":7},{"damage":19,"enemies":"Book of Stabbing","floor":23,"turns":5},{"damage":15,"enemies":"Gremlin Leader","floor":28,"turns":7},{"damage":5,"enemies":"Book of Stabbing","floor":30,"turns":6},{"damage":38,"enemies":"Automaton","floor":33,"turns":10},{"damage":28,"enemies":"Orb Walker","floor":35,"turns":5},{"damage":6,"enemies":"3 Shapes","floor":38,"turns":5},{"damage":75,"enemies":"Giant Head","floor":41,"turns":8}],"event_choices":[{"event_name":"Golden Idol","player_choice":"Lose Max HP","floor":3,"damage_taken":0},{"event_name":"Transmorgrifier","player_choice":"Transform","floor":8,"damage_taken":0},{"event_name":"The Woman in Blue","player_choice":"Bought 2 Potions","floor":12,"damage_taken":0},{"event_name":"Beggar","player_choice":"Gave Gold","floor":19,"damage_taken":0},{"event_name":"Addict","player_choice":"Obtained Relic","floor":21,"damage_taken":0},{"event_name":"Back to Basics","player_choice":"Simplicity","floor":24,"damage_taken":0},{"event_name":"Cursed Tome","player_choice":"Obtained Book","floor":29,"damage_taken":0},{"event_name":"The Moai Head","player_choice":"Gave Idol","floor":36,"damage_taken":0},{"event_name":"Winding Halls","player_choice":"Embrace Madness","floor":37,"damage_taken":0}],"boss_relics":[{"not_picked":["Sozu","Tiny House"],"picked":"Eternal Feather"},{"not_picked":["Runic Dome","Snecko Eye"],"picked":"Calling Bell"}],"potions_floor_spawned":[1,4,6,10,18,28,30,33],"seed_played":"1895774762190027292","killed_by":"Giant Head","ascension_level":4,"is_trial":false}