{"gold_per_floor":[111,111,121,121,121,121,170,170,170,183,208,208,240,240,240,342,342,356,367,53,70,90,90,423,423,423,423,455,473,473,488,488,583,633,646,646,52,52,68,82,98,118,118,173,173,173,192,212,212,212],"floor_reached":50,"playtime":2267,"items_purged":["Strike_R","Strike_R"],"score":640,"play_id":"1a4a740c-7109-465b-a99a-c7631cc4056c","local_time":"20181020175333","is_ascension_mode":true,"campfire_choices":[{"data":"True Grit","floor":6,"key":"SMITH"},{"data":"Rampage","floor":8,"key":"SMITH"},{"data":"Body Slam","floor":12,"key":"SMITH"},{"data":"Inflame","floor":15,"key":"SMITH"},{"data":"Shockwave","floor":23,"key":"SMITH"},{"data":"Impervious","floor":25,"key":"SMITH"},{"data":"Bash","floor":27,"key":"SMITH"},{"data":"Battle Trance","floor":32,"key":"SMITH"},{"floor":46,"key":"REST"},{"floor":49,"key":"REST"}],"neow_cost":"NONE","seed_source_timestamp":862524552024041,"circlet_count":0,"master_deck":["Strike_R+1","Defend_R+1","Defend_R+1","Defend_R+1","Defend_R+1","Bash+1","True Grit+1","Rampage+1","Body Slam+1","Inflame+1","Immolate","Impervious+1","Shockwave+1","Cleave+1","Shrug It Off+1","Battle Trance+1","Limit Break","Whirlwind+1","Shrug It Off","Feel No Pain"],"relics":["Burning Blood","Vajra","Centennial Puzzle","Shuriken","Pear","Torii","Sozu","Molten Egg 2","Old Coin","Gremlin Horn","War Paint","Tiny House","Prayer Wheel","ClockworkSouvenir","Kunai","Sundial","Peace Pipe"],"potions_floor_usage":[11],"damage_taken":[{"damage":7,"enemies":"Jaw Worm","floor":1,"turns":4},{"damage":0,"enemies":"2 Louse","floor":3,"turns":3},{"damage":0,"enemies":"Small Slimes","floor":10,"turns":2},{"damage":21,"enemies":"3 Sentries","floor":11,"turns":9},{"damage":30,"enemies":"Lagavulin","floor":13,"turns":7},{"damage":29,"enemies":"Hexaghost","floor":16,"turns":8},{"damage":12,"enemies":"Chosen","floor":18,"turns":4},{"damage":8,"enemies":"2 Thieves","floor":19,"turns":3},{"damage":11,"enemies":"Centurion and Healer","floor":21,"turns":6},{"damage":1,"enemies":"Snecko","floor":22,"turns":4},{"damage":3,"enemies":"Book of Stabbing","floor":24,"turns":4},{"damage":1,"enemies":"Gremlin Leader","floor":28,"turns":4},{"damage":1,"enemies":"Shelled Parasite and Fungi","floor":29,"turns":4},{"damage":0,"enemies":"3 Cultists","floor":31,"turns":2},{"damage":8,"enemies":"Champ","floor":33,"turns":8},{"damage":19,"enemies":"3 Darklings","floor":35,"turns":4},{"damage":3,"enemies":"Mind Bloom Boss Battle","floor":36,"turns":7},{"damage":1,"enemies":"3 Shapes","floor":39,"turns":3},{"damage":19,"enemies":"Maw","floor":40,"turns":6},{"damage":0,"enemies":"Spire Growth","floor":41,"turns":6},{"damage":11,"enemies":"Jaw Worm Horde","floor":42,"turns":3},{"damage":80,"enemies":"2 Orb Walkers","floor":44,"turns":6},{"damage":26,"enemies":"Transient","floor":47,"turns":5},{"damage":12,"enemies":"4 Shapes","floor":48,"turns":3},{"damage":46,"enemies":"Time Eater","floor":50,"turns":7}],"seed_played":"8662062553277133127","potions_obtained":[{"floor":11,"key":"Fruit Juice"},{"floor":16,"key":"Weak Potion"}],"is_trial":false,"path_per_floor":["M","?","M","?","?","R","T","R","T","M","E","R","E","?","R","B",null,"M","M","$","M","M","R","E","R","T","R","E","M","?","M","R","B",null,"M","?","$","?","M","M","M","M","T","?","?","R","M","M","R"],"character_chosen":"IRONCLAD","items_purchased":["Molten Egg 2","Shrug It Off","ClockworkSouvenir","Kunai"],"campfire_rested":2,"item_purchase_floors":[20,37,37,37],"current_hp_per_floor":[79,63,69,62,62,62,62,62,62,68,68,68,44,44,44,21,95,89,87,87,82,87,87,90,90,90,90,95,95,95,95,95,93,100,87,90,90,90,95,82,88,83,83,9,9,37,17,11,39,0],"gold":212,"neow_bonus":"RANDOM_COMMON_RELIC","is_prod":false,"is_daily":false,"chose_seed":false,"campfire_upgraded":8,"win_rate":0,"timestamp":1540072413,"path_taken":["M","?","M","?","?","R","?","R","T","?","E","R","E","?","R","BOSS","M","M","$","M","?","R","E","R","T","R","E","M","?","M","R","BOSS","M","?","$","?","M","M","M","M","T","?","?","R","M","M","R","BOSS"],"build_version":"2018-10-18","purchased_purges":2,"victory":false,"max_hp_per_floor":[80,80,80,80,80,80,80,80,80,80,95,95,95,95,95,95,95,95,95,95,95,95,95,95,95,95,95,95,95,95,95,95,95,100,100,100,100,95,95,95,95,95,95,95,95,95,95,95,95,95],"card_choices":[{"not_picked":["Perfected Strike","Twin Strike"],"picked":"True Grit","floor":1},{"not_picked":["Shrug It Off","Feel No Pain"],"picked":"Rampage","floor":3},{"not_picked":["Reckless Charge","Thunderclap"],"picked":"Body Slam","floor":10},{"not_picked":["Fiend Fire","Flex"],"picked":"Inflame","floor":11},{"not_picked":["Body Slam","Warcry","Combust"],"picked":"SKIP","floor":13},{"not_picked":["Dark Embrace","Berserk"],"picked":"Impervious","floor":16},{"not_picked":["Iron Wave+1","Combust+1"],"picked":"Shockwave","floor":18},{"not_picked":["Second Wind","Wild Strike","Headbutt"],"picked":"SKIP","floor":19},{"not_picked":["Flex","Fiend Fire+1"],"picked":"Cleave+1","floor":21},{"not_picked":["Anger+1","Havoc","Blood for Blood+1"],"picked":"SKIP","floor":22},{"not_picked":["Bludgeon+1","Havoc","Pommel Strike+1"],"picked":"SKIP","floor":24},{"not_picked":["Heavy Blade+1","Intimidate","Cleave+1"],"picked":"SKIP","floor":28},{"not_picked":["Feel No Pain","Power Through"],"picked":"Shrug It Off+1","floor":29},{"not_picked":["Havoc","Heavy Blade+1"],"picked":"Battle Trance","floor":31},{"not_picked":["Bludgeon+1","Exhume"],"picked":"Limit Break","floor":33},{"not_picked":["Sword Boomerang+1","Iron Wave+1","Heavy Blade+1"],"picked":"SKIP","floor":35},{"not_picked":["Perfected Strike+1","True Grit"],"picked":"Whirlwind+1","floor":36},{"not_picked":["True Grit","Wild Strike+1","Headbutt+1"],"picked":"SKIP","floor":39},{"not_picked":["Metallicize","Havoc","Evolve+1"],"picked":"SKIP","floor":39},{"not_picked":["Seeing Red","Whirlwind+1","Carnage+1"],"picked":"SKIP","floor":40},{"not_picked":["Thunderclap+1","Impervious","Clash+1"],"picked":"SKIP","floor":40},{"not_picked":["Perfected Strike+1","Second Wind+1","Cleave+1"],"picked":"SKIP","floor":41},{"not_picked":["Flex+1","Entrench","Seeing Red"],"picked":"SKIP","floor":41},{"not_picked":["Second Wind","Heavy Blade+1"],"picked":"Feel No Pain","floor":42},{"not_picked":["Sword Boomerang+1","Uppercut+1","Twin Strike+1"],"picked":"SKIP","floor":42},{"not_picked":["Dual Wield+1","Whirlwind+1","Combust"],"picked":"SKIP","floor":47},{"not_picked":["Clothesline+1","Anger+1","Clash+1"],"picked":"SKIP","floor":47},{"not_picked":["Reckless Charge+1","True Grit","Heavy Blade+1"],"picked":"SKIP","floor":48},{"not_picked":["Sentinel","Dropkick+1","Sever Soul+1"],"picked":"SKIP","floor":48}],"player_experience":244900,"relics_obtained":[{"floor":7,"key":"Centennial Puzzle"},{"floor":9,"key":"Shuriken"},{"floor":11,"key":"Pear"},{"floor":13,"key":"Torii"},{"floor":24,"key":"Old Coin"},{"floor":26,"key":"Gremlin Horn"},{"floor":28,"key":"War Paint"},{"floor":36,"key":"Prayer Wheel"},{"floor":43,"key":"Sundial"},{"floor":44,"key":"Peace Pipe"}],"event_choices":[{"damage_healed":0,"gold_gain":0,"player_choice":"Entered Light","damage_taken":16,"max_hp_gain":0,"max_hp_loss":0,"event_name":"Shining Light","floor":2,"gold_loss":0,"cards_upgraded":["Defend_R","Strike_R"]},{"cards_removed":["Strike_R"],"damage_healed":0,"gold_gain":0,"player_choice":"Card Removal","damage_taken":7,"max_hp_gain":0,"max_hp_loss":0,"event_name":"Golden Wing","floor":4,"gold_loss":0},{"damage_healed":0,"gold_gain":0,"player_choice":"Ignored","damage_taken":0,"max_hp_gain":0,"max_hp_loss":0,"event_name":"Liars Game","floor":5,"gold_loss":0},{"damage_healed":0,"gold_gain":0,"cards_transformed":["Strike_R"],"player_choice":"Transformed","damage_taken":0,"max_hp_gain":0,"max_hp_loss":0,"event_name":"Transmorgrifier","floor":14,"gold_loss":0,"cards_obtained":["Immolate"]},{"damage_healed":0,"gold_gain":0,"player_choice":"Ignored","damage_taken":0,"max_hp_gain":0,"max_hp_loss":0,"event_name":"Vampires","floor":30,"gold_loss":0},{"damage_healed":0,"gold_gain":0,"player_choice":"Fight","damage_taken":0,"max_hp_gain":0,"max_hp_loss":0,"event_name":"MindBloom","floor":36,"gold_loss":0},{"damage_healed":0,"gold_gain":0,"player_choice":"Max HP","damage_taken":0,"max_hp_gain":0,"max_hp_loss":5,"event_name":"Winding Halls","floor":38,"gold_loss":0},{"damage_healed":0,"gold_gain":0,"player_choice":"Fight","damage_taken":0,"max_hp_gain":0,"max_hp_loss":0,"event_name":"Mysterious Sphere","floor":44,"gold_loss":0},{"damage_healed":0,"gold_gain":0,"player_choice":"Memory 1","damage_taken":0,"max_hp_gain":0,"max_hp_loss":0,"event_name":"SensoryStone","floor":45,"gold_loss":0}],"is_beta":false,"boss_relics":[{"not_picked":["Philosopher\u0027s Stone","Lizard Tail"],"picked":"Sozu"},{"not_picked":["Pandora\u0027s Box","Black Blood"],"picked":"Tiny House"}],"items_purged_floors":[20,37],"is_endless":false,"potions_floor_spawned":[11,16,18,24,28,29,36,39,42,47,48],"killed_by":"Time Eater","ascension_level":4}