{"gold_per_floor":[111,111,130,80,98,98,98,131,205,218,17,17,17,34,34,130,130,140,140,34,34,34,65,65,65,115,130,140,150,150],"floor_reached":30,"playtime":765,"items_purged":[],"score":248,"play_id":"f9ddda8a-33c5-4ba6-8ac3-1db482066c1d","local_time":"20181014014611","is_ascension_mode":false,"campfire_choices":[{"data":"Electrodynamics","floor":6,"key":"SMITH"},{"data":"Streamline","floor":12,"key":"SMITH"},{"data":"Hologram","floor":15,"key":"SMITH"},{"floor":24,"key":"REST"}],"neow_cost":"NONE","seed_source_timestamp":287110728169522,"circlet_count":0,"master_deck":["Strike_B+1","Strike_B+1","Strike_B+1","Defend_B+1","Defend_B+1","Defend_B+1","Defend_B+1","Zap+1","Electrodynamics+1","Barrage","Ball Lightning","Self Repair","Streamline+1","Hologram+1","Electrodynamics+1","Ball Lightning","Echo Form","Leap","Madness","Shame","Loop+1","Streamline+1","Storm","White Noise","Stack+1"],"relics":["Cracked Core","Blood Vial","Regal Pillow","Pantograph","DollysMirror","Empty Cage","Nilry\u0027s Codex","Dead Branch","Prayer Wheel","Pocketwatch","Bag of Marbles"],"potions_floor_usage":[8,16,16,27,29,30],"damage_taken":[{"damage":8,"enemies":"Jaw Worm","floor":1,"turns":3},{"damage":0,"enemies":"Cultist","floor":3,"turns":2},{"damage":5,"enemies":"Small Slimes","floor":5,"turns":3},{"damage":14,"enemies":"Gremlin Nob","floor":8,"turns":3},{"damage":7,"enemies":"Blue Slaver","floor":10,"turns":2},{"damage":6,"enemies":"Large Slime","floor":14,"turns":3},{"damage":52,"enemies":"The Guardian","floor":16,"turns":7},{"damage":10,"enemies":"Chosen","floor":18,"turns":3},{"damage":44,"enemies":"Gremlin Leader","floor":23,"turns":5},{"damage":17,"enemies":"2 Thieves","floor":27,"turns":3},{"damage":19,"enemies":"Centurion and Healer","floor":28,"turns":4},{"damage":19,"enemies":"Snake Plant","floor":29,"turns":4},{"damage":18,"enemies":"Book of Stabbing","floor":30,"turns":2}],"seed_played":"6489658078676104985","potions_obtained":[{"floor":1,"key":"FocusPotion"},{"floor":8,"key":"FearPotion"},{"floor":14,"key":"Fire Potion"},{"floor":18,"key":"SpeedPotion"},{"floor":23,"key":"LiquidBronze"},{"floor":28,"key":"PowerPotion"}],"is_trial":false,"path_per_floor":["M","?","M","?","M","R","?","E","T","M","$","R","$","M","R","B",null,"M","?","$","?","?","E","R","T","T","M","M","M"],"character_chosen":"DEFECT","items_purchased":["DollysMirror","Madness"],"campfire_rested":1,"item_purchase_floors":[11,20],"current_hp_per_floor":[67,67,69,69,66,66,66,61,61,56,56,56,56,52,52,30,75,65,49,49,49,49,14,51,51,51,43,33,16,0],"gold":150,"neow_bonus":"ONE_RANDOM_RARE_CARD","is_prod":false,"is_daily":false,"chose_seed":false,"campfire_upgraded":3,"win_rate":0.0,"timestamp":1539506771,"path_taken":["M","?","?","?","M","R","?","E","T","M","$","R","?","M","R","BOSS","M","?","$","?","?","E","R","?","T","M","M","?","E"],"build_version":"2018-10-11","purchased_purges":0,"victory":false,"max_hp_per_floor":[75,75,75,75,75,75,75,75,75,75,75,75,75,75,75,75,75,75,75,75,75,75,75,75,75,75,75,75,75,75],"card_choices":[{"not_picked":["Tempest","Steam"],"picked":"Barrage","floor":1},{"not_picked":["Leap","Rebound"],"picked":"Ball Lightning","floor":3},{"not_picked":["Scrape","Fusion"],"picked":"Self Repair","floor":5},{"not_picked":["Redo","Undo"],"picked":"Streamline","floor":8},{"not_picked":["Force Field","Amplify"],"picked":"Hologram","floor":10},{"not_picked":["Gash","Force Field"],"picked":"Ball Lightning","floor":14},{"not_picked":["Seek","Machine Learning"],"picked":"Echo Form","floor":16},{"not_picked":["Force Field","Heatsinks"],"picked":"Leap","floor":18},{"not_picked":["Heatsinks","Compile Driver+1"],"picked":"Loop+1","floor":23},{"not_picked":["Force Field","Compile Driver"],"picked":"Streamline+1","floor":27},{"not_picked":["Gash","Force Field"],"picked":"Storm","floor":27},{"not_picked":["Blizzard+1","Reprogram+1"],"picked":"White Noise","floor":28},{"not_picked":["Darkness","Streamline","Core Surge"],"picked":"SKIP","floor":28},{"not_picked":["Coolheaded+1","Steam"],"picked":"Stack+1","floor":29},{"not_picked":["Conserve Battery","Hologram","Turbo+1"],"picked":"SKIP","floor":29}],"player_experience":484439,"relics_obtained":[{"floor":8,"key":"Regal Pillow"},{"floor":9,"key":"Pantograph"},{"floor":19,"key":"Nilry\u0027s Codex"},{"floor":23,"key":"Prayer Wheel"},{"floor":25,"key":"Pocketwatch"},{"floor":26,"key":"Bag of Marbles"}],"event_choices":[{"event_name":"Big Fish","player_choice":"Box","floor":2,"damage_taken":0},{"event_name":"The Cleric","player_choice":"Card Removal","floor":4,"damage_taken":0},{"event_name":"Upgrade Shrine","player_choice":"Upgraded","floor":7,"damage_taken":0},{"event_name":"Cursed Tome","player_choice":"Obtained Book","floor":19,"damage_taken":0},{"event_name":"Addict","player_choice":"Stole Relic","floor":21,"damage_taken":0},{"event_name":"Back to Basics","player_choice":"Simplicity","floor":22,"damage_taken":0}],"is_beta":false,"boss_relics":[{"not_picked":["Pandora\u0027s Box","Philosopher\u0027s Stone"],"picked":"Empty Cage"}],"items_purged_floors":[],"is_endless":false,"potions_floor_spawned":[1,8,14,18,23,28],"killed_by":"Book of Stabbing","ascension_level":0}