{"gold_per_floor":[109,109,122,136,149,174,189,223,223,251,263,263,279,354,354,450,450,463,28,28,41,54,54,65,65,65,84,98,98,18,48,48,145,145,158,258,258,276,276,276,304,316,340,352,0,12,24,14,14,14],"floor_reached":50,"playtime":3534,"items_purged":["Strike_R","Strike_R"],"score":729,"play_id":"81808954-8300-4d48-a0ca-e41569e8c303","local_time":"20190222172852","is_ascension_mode":true,"campfire_choices":[{"floor":12,"key":"REST"},{"floor":15,"key":"REST"},{"floor":23,"key":"REST"},{"floor":25,"key":"REST"},{"data":"Shockwave","floor":32,"key":"SMITH"},{"data":"Shockwave","floor":40,"key":"SMITH"},{"floor":44,"key":"REST"},{"floor":49,"key":"REST"}],"neow_cost":"NONE","seed_source_timestamp":3143390474939752,"circlet_count":0,"master_deck":["Strike_R","Strike_R","Defend_R","Defend_R","Defend_R","Defend_R","Bash+1","Anger","Shrug It Off","Infernal Blade","Pommel Strike","Inflame","Havoc","Pommel Strike","Disarm","Iron Wave","Bludgeon","Exhume","Pommel Strike+1","Mayhem","Shockwave+1","Perfected Strike","Shockwave+1","Whirlwind","Power Through+1","Bludgeon","Brutality+1","Chrysalis","Dark Shackles","Metamorphosis","Wild Strike","Metallicize+1","Armaments","Clothesline"],"relics":["Burning Blood","Strawberry","Blue Candle","Pen Nib","Paper Frog","Bronze Scales","Snecko Eye","Medical Kit","Pocketwatch","The Courier","Frozen Egg 2","Magic Flower","Mark of Pain","StoneCalendar","Vajra","Juzu Bracelet","MawBank","Red Mask"],"potions_floor_usage":[6,10,11,16,31,33,33,41,42],"damage_taken":[{"damage":12,"enemies":"Jaw Worm","floor":1,"turns":2},{"damage":1,"enemies":"Cultist","floor":3,"turns":3},{"damage":7,"enemies":"2 Louse","floor":4,"turns":2},{"damage":13,"enemies":"Red Slaver","floor":5,"turns":3},{"damage":5,"enemies":"Gremlin Nob","floor":6,"turns":3},{"damage":20,"enemies":"Gremlin Gang","floor":7,"turns":4},{"damage":22,"enemies":"Lagavulin","floor":8,"turns":4},{"damage":35,"enemies":"3 Sentries","floor":10,"turns":7},{"damage":25,"enemies":"Exordium Wildlife","floor":11,"turns":3},{"damage":3,"enemies":"Exordium Thugs","floor":13,"turns":4},{"damage":43,"enemies":"Hexaghost","floor":16,"turns":5},{"damage":16,"enemies":"Shell Parasite","floor":18,"turns":3},{"damage":28,"enemies":"2 Thieves","floor":21,"turns":2},{"damage":35,"enemies":"Snake Plant","floor":22,"turns":3},{"damage":16,"enemies":"Snecko","floor":24,"turns":3},{"damage":4,"enemies":"Centurion and Healer","floor":27,"turns":2},{"damage":0,"enemies":"3 Cultists","floor":28,"turns":3},{"damage":19,"enemies":"Book of Stabbing","floor":31,"turns":4},{"damage":0,"enemies":"Champ","floor":33,"turns":5},{"damage":8,"enemies":"Orb Walker","floor":35,"turns":1},{"damage":6,"enemies":"Mind Bloom Boss Battle","floor":36,"turns":4},{"damage":15,"enemies":"3 Darklings","floor":38,"turns":3},{"damage":35,"enemies":"Giant Head","floor":41,"turns":7},{"damage":27,"enemies":"Writhing Mass","floor":42,"turns":4},{"damage":82,"enemies":"Awakened One","floor":50,"turns":8}],"seed_played":"256101791292732998","potions_obtained":[{"floor":1,"key":"Explosive Potion"},{"floor":3,"key":"BloodPotion"},{"floor":8,"key":"LiquidBronze"},{"floor":10,"key":"BloodPotion"},{"floor":11,"key":"FearPotion"},{"floor":13,"key":"Strength Potion"},{"floor":22,"key":"AttackPotion"},{"floor":28,"key":"Energy Potion"},{"floor":35,"key":"PowerPotion"},{"floor":36,"key":"PowerPotion"}],"is_trial":false,"path_per_floor":["M","?","M","M","M","E","M","E","T","E","M","R","M","?","R","B",null,"M","$","?","M","M","R","M","R","T","M","M","T","$","E","R","B",null,"M","?","?","M","T","R","E","M","T","R","?","?","?","$","R","B"],"character_chosen":"IRONCLAD","items_purchased":["Mayhem","Medical Kit","Clothesline"],"campfire_rested":6,"item_purchase_floors":[19,19,48],"current_hp_per_floor":[81,81,86,85,78,79,65,49,49,28,17,43,46,35,61,24,87,77,77,77,55,26,52,42,68,68,70,76,76,76,63,63,72,87,87,87,77,71,71,71,45,27,27,53,53,53,53,53,79,0],"gold":14,"neow_bonus":"RANDOM_COMMON_RELIC","is_prod":false,"is_daily":false,"chose_seed":false,"campfire_upgraded":2,"win_rate":0,"timestamp":1550874532,"path_taken":["M","?","M","M","M","E","?","E","T","E","?","R","M","?","R","BOSS","M","$","?","?","?","R","?","R","T","M","M","?","?","E","R","BOSS","M","?","?","M","?","R","E","M","T","R","?","?","?","?","R","BOSS"],"build_version":"2019-01-23","purchased_purges":2,"victory":false,"max_hp_per_floor":[87,87,87,87,87,87,87,87,87,87,87,87,87,87,87,87,87,87,87,87,87,87,87,87,87,87,87,87,87,87,87,87,87,87,87,87,87,87,87,87,87,87,87,87,87,87,87,87,87,87],"card_choices":[{"not_picked":["Reckless Charge","Flame Barrier"],"picked":"Anger","floor":1},{"not_picked":["Body Slam","Havoc"],"picked":"Shrug It Off","floor":3},{"not_picked":["Fire Breathing","Seeing Red"],"picked":"Infernal Blade","floor":4},{"not_picked":["Feel No Pain","Searing Blow"],"picked":"Pommel Strike","floor":5},{"not_picked":["Clash","Flex"],"picked":"Inflame","floor":6},{"not_picked":["Hemokinesis","Shrug It Off"],"picked":"Havoc","floor":7},{"not_picked":["Burning Pact","Sentinel"],"picked":"Pommel Strike","floor":8},{"not_picked":["Corruption","Seeing Red"],"picked":"Disarm","floor":10},{"not_picked":["Body Slam","Second Wind"],"picked":"Iron Wave","floor":11},{"not_picked":["Anger","Evolve"],"picked":"Bludgeon","floor":13},{"not_picked":["Dark Embrace","Immolate"],"picked":"Exhume","floor":16},{"not_picked":["Havoc","Cleave"],"picked":"Pommel Strike+1","floor":18},{"not_picked":["Sentinel+1","Anger","Sword Boomerang"],"picked":"SKIP","floor":21},{"not_picked":["Armaments","Uppercut"],"picked":"Shockwave","floor":22},{"not_picked":["Shockwave","Heavy Blade"],"picked":"Perfected Strike","floor":24},{"not_picked":["Twin Strike","Feel No Pain"],"picked":"Shockwave","floor":27},{"not_picked":["Havoc","Feel No Pain"],"picked":"Whirlwind","floor":28},{"not_picked":["Havoc","Infernal Blade"],"picked":"Power Through+1","floor":31},{"not_picked":["Feed","Exhume"],"picked":"Bludgeon","floor":33},{"not_picked":["Anger","Havoc+1","Flex"],"picked":"SKIP","floor":35},{"not_picked":["Sword Boomerang","Entrench+1"],"picked":"Brutality+1","floor":36},{"not_picked":["Good Instincts","Jack Of All Trades"],"picked":"Chrysalis","floor":37},{"not_picked":["PanicButton","Swift Strike"],"picked":"Dark Shackles","floor":37},{"not_picked":["Blind","Bandage Up"],"picked":"Metamorphosis","floor":37},{"not_picked":["Shrug It Off","Flex+1"],"picked":"Wild Strike","floor":38},{"not_picked":["Sword Boomerang+1","Twin Strike+1"],"picked":"Metallicize+1","floor":41},{"not_picked":["Pommel Strike+1","Wild Strike"],"picked":"Armaments","floor":42}],"player_experience":191090,"relics_obtained":[{"floor":6,"key":"Blue Candle"},{"floor":8,"key":"Pen Nib"},{"floor":9,"key":"Paper Frog"},{"floor":10,"key":"Bronze Scales"},{"floor":26,"key":"The Courier"},{"floor":29,"key":"Frozen Egg 2"},{"floor":31,"key":"Magic Flower"},{"floor":36,"key":"StoneCalendar"},{"floor":39,"key":"Vajra"},{"floor":41,"key":"Juzu Bracelet"},{"floor":43,"key":"MawBank"}],"event_choices":[{"damage_healed":0,"gold_gain":0,"player_choice":"Forge","damage_taken":0,"max_hp_gain":0,"max_hp_loss":0,"event_name":"Accursed Blacksmith","floor":2,"gold_loss":0,"cards_upgraded":["Bash"]},{"damage_healed":0,"gold_gain":75,"player_choice":"Gather Gold","damage_taken":11,"max_hp_gain":0,"max_hp_loss":0,"event_name":"World of Goop","floor":14,"gold_loss":0},{"damage_healed":0,"gold_gain":0,"player_choice":"Gave Potion","damage_taken":0,"relics_obtained":["Pocketwatch"],"max_hp_gain":0,"max_hp_loss":0,"event_name":"WeMeetAgain","floor":20,"gold_loss":0},{"damage_healed":0,"gold_gain":0,"player_choice":"Fight","damage_taken":0,"max_hp_gain":0,"max_hp_loss":0,"event_name":"MindBloom","floor":36,"gold_loss":0},{"damage_healed":0,"gold_gain":0,"player_choice":"Memory 3","damage_taken":10,"max_hp_gain":0,"max_hp_loss":0,"event_name":"SensoryStone","floor":37,"gold_loss":0},{"damage_healed":0,"gold_gain":0,"player_choice":"Paid","damage_taken":0,"relics_obtained":["Red Mask"],"max_hp_gain":0,"max_hp_loss":0,"event_name":"Tomb of Lord Red Mask","floor":45,"gold_loss":364},{"cards_removed":["Strike_R"],"damage_healed":0,"gold_gain":0,"player_choice":"Removed Attack","damage_taken":0,"max_hp_gain":0,"max_hp_loss":0,"event_name":"Falling","floor":46,"gold_loss":0},{"damage_healed":0,"gold_gain":0,"player_choice":"Ignored","damage_taken":0,"max_hp_gain":0,"max_hp_loss":0,"event_name":"Mysterious Sphere","floor":47,"gold_loss":0}],"is_beta":false,"boss_relics":[{"not_picked":["Cursed Key","Black Blood"],"picked":"Snecko Eye"},{"not_picked":["Tiny House","Runic Pyramid"],"picked":"Mark of Pain"}],"items_purged_floors":[19,30],"is_endless":false,"potions_floor_spawned":[1,3,8,10,11,13,22,28,35,36],"killed_by":"Awakened One","ascension_level":4}