{"gold_per_floor":[116,41,41,58,73,104,117,117,117,150,225,241,241,258,258,258],"floor_reached":16,"playtime":842,"items_purged":[],"score":179,"play_id":"984412f1-d00d-4bd3-8b7e-83b41b920244","local_time":"20190310165444","is_ascension_mode":true,"campfire_choices":[{"floor":8,"key":"REST"},{"data":"Spot Weakness","floor":15,"key":"SMITH"}],"neow_cost":"NONE","seed_source_timestamp":525452653661316,"circlet_count":0,"master_deck":["AscendersBane","Strike_R","Strike_R","Strike_R","Strike_R","Strike_R","Defend_R","Defend_R","Defend_R","Defend_R","Bash+1","Feel No Pain","Spot Weakness+1","Shrug It Off","Clothesline","Pummel","Flame Barrier","Sword Boomerang"],"relics":["Burning Blood","Potion Belt","Meat on the Bone","Matryoshka","Anchor"],"potions_floor_usage":[12,14,16],"damage_taken":[{"damage":2,"enemies":"2 Louse","floor":1,"turns":2},{"damage":1,"enemies":"Cultist","floor":4,"turns":4},{"damage":12,"enemies":"Small Slimes","floor":5,"turns":4},{"damage":42,"enemies":"Lagavulin","floor":6,"turns":7},{"damage":14,"enemies":"Looter","floor":7,"turns":4},{"damage":22,"enemies":"3 Sentries","floor":10,"turns":9},{"damage":15,"enemies":"Gremlin Gang","floor":12,"turns":4},{"damage":1,"enemies":"2 Fungi Beasts","floor":14,"turns":4},{"damage":58,"enemies":"Slime Boss","floor":16,"turns":9}],"seed_played":"4791584959601866019","potions_obtained":[{"floor":7,"key":"FairyPotion"},{"floor":10,"key":"SteroidPotion"},{"floor":12,"key":"Block Potion"},{"floor":14,"key":"SpeedPotion"}],"is_trial":false,"path_per_floor":["M","$","?","M","M","E","M","R","T","E","?","M","?","M","R","B"],"character_chosen":"IRONCLAD","items_purchased":["Feel No Pain"],"campfire_rested":1,"item_purchase_floors":[2],"current_hp_per_floor":[76,76,76,80,74,38,30,54,54,50,39,42,42,47,47,0],"gold":258,"neow_bonus":"UPGRADE_CARD","is_prod":false,"is_daily":false,"chose_seed":false,"campfire_upgraded":1,"win_rate":0,"timestamp":1552251284,"path_taken":["M","$","?","M","M","E","M","R","T","E","?","M","?","M","R","BOSS"],"build_version":"2019-01-23","purchased_purges":0,"victory":false,"max_hp_per_floor":[80,80,80,80,80,80,80,80,80,80,80,80,80,80,80,80],"card_choices":[{"not_picked":["Thunderclap","Blood for Blood","Rupture"],"picked":"SKIP","floor":1},{"not_picked":["Reckless Charge","Twin Strike"],"picked":"Spot Weakness","floor":4},{"not_picked":["Dual Wield","Anger"],"picked":"Shrug It Off","floor":5},{"not_picked":["Dark Embrace","Cleave"],"picked":"Clothesline","floor":6},{"not_picked":["Warcry","True Grit"],"picked":"Pummel","floor":7},{"not_picked":["Iron Wave","Clothesline"],"picked":"Flame Barrier","floor":10},{"not_picked":["Dual Wield","Shrug It Off"],"picked":"Sword Boomerang","floor":12},{"not_picked":["Flame Barrier","Power Through","True Grit"],"picked":"SKIP","floor":14}],"player_experience":278952,"relics_obtained":[{"floor":6,"key":"Potion Belt"},{"floor":9,"key":"Meat on the Bone"},{"floor":10,"key":"Matryoshka"}],"event_choices":[{"damage_healed":0,"gold_gain":0,"player_choice":"Leave","damage_taken":0,"max_hp_gain":0,"max_hp_loss":0,"event_name":"The Cleric","floor":3,"gold_loss":0},{"damage_healed":0,"gold_gain":75,"player_choice":"Gather Gold","damage_taken":11,"max_hp_gain":0,"max_hp_loss":0,"event_name":"World of Goop","floor":11,"gold_loss":0},{"damage_healed":0,"gold_gain":0,"player_choice":"Gave Potion","damage_taken":0,"relics_obtained":["Anchor"],"max_hp_gain":0,"max_hp_loss":0,"event_name":"WeMeetAgain","floor":13,"gold_loss":0}],"is_beta":false,"boss_relics":[],"items_purged_floors":[],"is_endless":false,"potions_floor_spawned":[7,10,12,14],"killed_by":"Slime Boss","ascension_level":12}