{"gold_per_floor":[117,134,3,21,39,39,67,67,67,97,108,122,138,168,168,245,245,259,290,158,176,194,194,194,219,219,230,230],"floor_reached":28,"playtime":3637,"items_purged":["Strike_G","Strike_G"],"score":524,"play_id":"6861b58c-0120-474c-9100-d240224652ee","local_time":"20190415123708","is_ascension_mode":true,"campfire_choices":[{"data":"Glass Knife","floor":6.0,"key":"SMITH"},{"data":"Neutralize","floor":8.0,"key":"SMITH"},{"floor":15.0,"key":"REST"},{"floor":23,"key":"REST"}],"neow_cost":"NONE","seed_source_timestamp":268835924070169,"circlet_count":0,"master_deck":["AscendersBane","Defend_G","Defend_G","Defend_G","Defend_G","Strike_G","Survivor","Neutralize+1","Flechettes+1","PiercingWail+1","Heel Hook+1","Backflip","Well Laid Plans","Glass Knife+1","Sucker Punch","Crippling Poison","Prepared","Dash","Terror","Wraith Form v2","Dodge and Roll","Blade Dance","Choke","Accuracy"],"special_seed":0,"relics":["Astrolabe","Smiling Mask","Strawberry","Shuriken","Centennial Puzzle","Snecko Eye","Red Mask","Kunai","Bird Faced Urn"],"potions_floor_usage":[19,22],"damage_taken":[{"damage":0.0,"enemies":"2 Louse","floor":1.0,"turns":2.0},{"damage":2.0,"enemies":"Small Slimes","floor":2.0,"turns":4.0},{"damage":0.0,"enemies":"Jaw Worm","floor":4.0,"turns":3.0},{"damage":0.0,"enemies":"Large Slime","floor":5.0,"turns":4.0},{"damage":16.0,"enemies":"Lagavulin","floor":7.0,"turns":7.0},{"damage":21.0,"enemies":"3 Sentries","floor":10.0,"turns":11.0},{"damage":2.0,"enemies":"Exordium Wildlife","floor":11.0,"turns":5.0},{"damage":0.0,"enemies":"Gremlin Gang","floor":12.0,"turns":3.0},{"damage":0.0,"enemies":"2 Fungi Beasts","floor":13.0,"turns":3.0},{"damage":9.0,"enemies":"Lagavulin","floor":14.0,"turns":6.0},{"damage":23.0,"enemies":"Slime Boss","floor":16.0,"turns":9.0},{"damage":6.0,"enemies":"Shell Parasite","floor":18.0,"turns":3.0},{"damage":17,"enemies":"Masked Bandits","floor":19,"turns":4},{"damage":1,"enemies":"Chosen","floor":21,"turns":5},{"damage":12,"enemies":"3 Cultists","floor":22,"turns":4},{"damage":13,"enemies":"Book of Stabbing","floor":25,"turns":4},{"damage":3,"enemies":"Snecko","floor":27,"turns":6},{"damage":12,"enemies":"Snake Plant","floor":28,"turns":3}],"seed_played":"886971047187078704","potions_obtained":[{"floor":7.0,"key":"Fire Potion"},{"floor":10.0,"key":"Block Potion"},{"floor":12.0,"key":"SteroidPotion"},{"floor":13.0,"key":"EssenceOfSteel"},{"floor":14.0,"key":"Poison Potion"},{"floor":22,"key":"Explosive Potion"}],"is_trial":false,"path_per_floor":["M","M","$","M","M","R","E","R","T","E","M","M","M","E","R","B",null,"M","?","$","M","M","R","?","E","T","M","M"],"character_chosen":"THE_SILENT","items_purchased":["Fire Potion","Blade Dance","SkillPotion"],"campfire_rested":2,"item_purchase_floors":[3,20,20],"current_hp_per_floor":[59,57,57,57,57,57,41,41,48,27,25,25,25,16,37,14,58,52,35,35,34,22,43,22,9,9,8,0],"gold":230,"neow_bonus":"BOSS_RELIC","is_prod":false,"is_daily":false,"chose_seed":false,"campfire_upgraded":2,"win_rate":0,"timestamp":1555328228,"path_taken":["M","M","$","M","M","R","E","R","T","E","M","M","M","E","R","BOSS","M","?","$","M","M","R","?","E","T","?","M"],"build_version":"2019-01-23","purchased_purges":2,"victory":false,"max_hp_per_floor":[66,66,66,66,66,66,66,66,73,73,73,73,73,73,73,73,73,73,73,73,73,73,73,73,73,73,73,73],"card_choices":[{"not_picked":["Cloak And Dagger","Calculated Gamble"],"picked":"Backflip","floor":1.0},{"not_picked":["Quick Slash","Infinite Blades"],"picked":"Well Laid Plans","floor":2.0},{"not_picked":["Underhanded Strike","Setup"],"picked":"Glass Knife","floor":4.0},{"not_picked":["Deadly Poison","Blade Dance","Escape Plan"],"picked":"SKIP","floor":5.0},{"not_picked":["Flechettes","Deadly Poison"],"picked":"Sucker Punch","floor":7.0},{"not_picked":["Tools of the Trade","Underhanded Strike"],"picked":"Crippling Poison","floor":10.0},{"not_picked":["Eviscerate","Expertise"],"picked":"Prepared","floor":11.0},{"not_picked":["Dagger Throw","Expertise"],"picked":"Dash","floor":12.0},{"not_picked":["Bane","Acrobatics"],"picked":"Terror","floor":13.0},{"not_picked":["Poisoned Stab","Concentrate","Deadly Poison"],"picked":"SKIP","floor":14.0},{"not_picked":["Burst","Bullet Time"],"picked":"Wraith Form v2","floor":16.0},{"not_picked":["Deflect","Escape Plan+1"],"picked":"Dodge and Roll","floor":18.0},{"not_picked":["Flying Knee","Masterful Stab","Underhanded Strike+1"],"picked":"SKIP","floor":21},{"not_picked":["Glass Knife","Blade Dance","Underhanded Strike+1"],"picked":"SKIP","floor":22},{"not_picked":["Deflect","Dagger Throw"],"picked":"Choke","floor":25},{"not_picked":["Underhanded Strike","Eviscerate"],"picked":"Accuracy","floor":27}],"player_experience":1075757,"relics_obtained":[{"floor":7.0,"key":"Smiling Mask"},{"floor":9.0,"key":"Strawberry"},{"floor":10.0,"key":"Shuriken"},{"floor":14.0,"key":"Centennial Puzzle"},{"floor":19,"key":"Red Mask"},{"floor":25,"key":"Kunai"},{"floor":26,"key":"Bird Faced Urn"}],"event_choices":[{"damage_healed":0,"gold_gain":0,"player_choice":"Fought Bandits","damage_taken":0,"max_hp_gain":0,"max_hp_loss":0,"event_name":"Masked Bandits","floor":19,"gold_loss":0},{"damage_healed":0,"gold_gain":0,"player_choice":"Obtained Book","damage_taken":21,"max_hp_gain":0,"max_hp_loss":0,"event_name":"Cursed Tome","floor":24,"gold_loss":0}],"is_beta":false,"boss_relics":[{"not_picked":["Empty Cage","Cursed Key"],"picked":"Snecko Eye"}],"items_purged_floors":[3,20],"is_endless":false,"potions_floor_spawned":[7,10,12,13,14,22],"killed_by":"Snake Plant","ascension_level":20}