{"gold_per_floor":[112,187,24,24,174,207,207,242,242,268,48,48,48,68,68,145,145,65,65,6,26,26,26],"floor_reached":23,"playtime":828,"items_purged":["Doubt"],"score":464,"play_id":"5610d61f-1e94-4eec-b098-2b5fc8e0ad55","local_time":"20190411061410","is_ascension_mode":true,"campfire_choices":[{"data":"True Grit","floor":7,"key":"SMITH"},{"floor":15,"key":"REST"}],"neow_cost":"NONE","seed_source_timestamp":296488012311643,"circlet_count":0,"master_deck":["AscendersBane","Strike_R+1","Strike_R+1","Strike_R+1","Strike_R+1","Strike_R+1","Defend_R+1","Defend_R+1","Defend_R+1","Defend_R+1","Bash","True Grit+1","Juggernaut","Spot Weakness","Feel No Pain","Armaments","Juggernaut","Body Slam+1","Shrug It Off","Clothesline"],"relics":["Burning Blood","NeowsBlessing","Orichalcum","Potion Belt","Paper Frog","Shuriken","Unceasing Top","Regal Pillow","Cursed Key"],"potions_floor_usage":[10,16,23],"damage_taken":[{"damage":0,"enemies":"Jaw Worm","floor":1,"turns":1},{"damage":0,"enemies":"3 Sentries","floor":6,"turns":2},{"damage":0,"enemies":"Gremlin Nob","floor":8,"turns":1},{"damage":28,"enemies":"Lagavulin","floor":10,"turns":6},{"damage":7,"enemies":"2 Louse","floor":14,"turns":4},{"damage":25,"enemies":"Slime Boss","floor":16,"turns":9},{"damage":25,"enemies":"2 Thieves","floor":18,"turns":4},{"damage":16,"enemies":"3 Byrds","floor":21,"turns":5},{"damage":39,"enemies":"Gremlin Leader","floor":23,"turns":4}],"seed_played":"8682821941053611925","potions_obtained":[{"floor":6,"key":"AttackPotion"},{"floor":10,"key":"Dexterity Potion"},{"floor":16,"key":"Ancient Potion"}],"is_trial":false,"path_per_floor":["M","?","$","$","?","E","R","E","T","E","$","?","$","M","R","B",null,"M","?","$","M","?","E"],"character_chosen":"IRONCLAD","items_purchased":["Orichalcum","Feel No Pain","PowerPotion","Armaments","Shrug It Off"],"campfire_rested":1,"item_purchase_floors":[3,11,11,11,20],"current_hp_per_floor":[74,63,63,63,63,69,69,75,75,53,53,27,27,26,63,44,67,48,48,48,38,38,0],"gold":26,"neow_bonus":"THREE_ENEMY_KILL","is_prod":false,"is_daily":false,"chose_seed":false,"campfire_upgraded":1,"win_rate":0,"timestamp":1554977650,"path_taken":["M","?","?","$","?","E","R","E","T","E","?","?","?","M","R","BOSS","M","?","$","M","?","E"],"build_version":"2019-01-23","purchased_purges":1,"victory":false,"max_hp_per_floor":[75,75,75,75,75,75,75,75,75,75,75,75,75,75,75,75,75,75,75,75,75,75,75],"card_choices":[{"not_picked":["Whirlwind","Twin Strike"],"picked":"True Grit","floor":1},{"not_picked":["Perfected Strike","Twin Strike"],"picked":"Juggernaut","floor":6},{"not_picked":["Ghostly Armor","Juggernaut"],"picked":"Spot Weakness","floor":8},{"not_picked":["Bloodletting","True Grit","Iron Wave"],"picked":"SKIP","floor":10},{"not_picked":["Body Slam","Perfected Strike","Searing Blow"],"picked":"SKIP","floor":14},{"not_picked":["Barricade","Reaper"],"picked":"Juggernaut","floor":16},{"not_picked":["Iron Wave","Perfected Strike"],"picked":"Body Slam+1","floor":18},{"not_picked":["Clash","Wild Strike"],"picked":"Clothesline","floor":21}],"player_experience":348548,"relics_obtained":[{"floor":6,"key":"Potion Belt"},{"floor":8,"key":"Paper Frog"},{"floor":9,"key":"Shuriken"},{"floor":10,"key":"Unceasing Top"}],"event_choices":[{"damage_healed":0,"gold_gain":75,"player_choice":"Gather Gold","damage_taken":11,"max_hp_gain":0,"max_hp_loss":0,"event_name":"World of Goop","floor":2,"gold_loss":0},{"damage_healed":0,"gold_gain":150,"player_choice":"AGREE","damage_taken":0,"max_hp_gain":0,"max_hp_loss":0,"event_name":"Liars Game","floor":5,"gold_loss":0,"cards_obtained":["Doubt"]},{"damage_healed":0,"gold_gain":0,"player_choice":"Success","damage_taken":26,"relics_obtained":["Regal Pillow"],"max_hp_gain":0,"max_hp_loss":0,"event_name":"Scrap Ooze","floor":12,"gold_loss":0},{"damage_healed":0,"gold_gain":0,"player_choice":"Simplicity","damage_taken":0,"max_hp_gain":0,"max_hp_loss":0,"event_name":"Back to Basics","floor":19,"gold_loss":0,"cards_upgraded":["Strike_R","Strike_R","Strike_R","Strike_R","Strike_R","Defend_R","Defend_R","Defend_R","Defend_R"]},{"damage_healed":0,"gold_gain":0,"player_choice":"Ignored","damage_taken":0,"max_hp_gain":0,"max_hp_loss":0,"event_name":"Vampires","floor":22,"gold_loss":0}],"is_beta":false,"boss_relics":[{"not_picked":["Runic Dome","Ectoplasm"],"picked":"Cursed Key"}],"items_purged_floors":[11],"is_endless":false,"potions_floor_spawned":[6,10,16],"killed_by":"Gremlin Leader","ascension_level":17}