{"gold_per_floor":[117,42,42,59,78,106,106,133,133,161,161,161,179,196,196,293,293,311,211,244,244,263,291,303,23,73,102,102,163,174,174],"floor_reached":31,"playtime":2106,"items_purged":["Strike_R","Strike_R","Strike_R"],"score":342,"play_id":"8c4d7352-9fa7-4cbe-b280-1e180afd63f6","local_time":"20180926164825","is_ascension_mode":true,"campfire_choices":[{"data":"True Grit","floor":7,"key":"SMITH"},{"floor":12,"key":"REST"},{"data":"Whirlwind","floor":15,"key":"SMITH"},{"data":"Demon Form","floor":24,"key":"SMITH"},{"data":"Pommel Strike","floor":28,"key":"SMITH"}],"neow_cost":"NONE","seed_source_timestamp":413957731693521,"circlet_count":0,"master_deck":["Strike_R","Defend_R","Defend_R","Defend_R","Defend_R","Bash+1","Iron Wave","Pommel Strike+1","True Grit+1","Demon Form+1","True Grit+1","Iron Wave","Whirlwind+1","Double Tap+1","Warcry+1","Shrug It Off+1","Warcry+1"],"relics":["Burning Blood","Toxic Egg 2","Potion Belt","Shuriken","Nunchaku","Philosopher\u0027s Stone","Red Mask","Sundial","MawBank","Boot","Oddly Smooth Stone","Ancient Tea Set","Tiny Chest"],"potions_floor_usage":[3,8,13,20,23,23,31],"damage_taken":[{"damage":4,"enemies":"Jaw Worm","floor":1,"turns":4},{"damage":1,"enemies":"Cultist","floor":4,"turns":3},{"damage":4,"enemies":"Small Slimes","floor":5,"turns":3},{"damage":23,"enemies":"Gremlin Nob","floor":6,"turns":4},{"damage":31,"enemies":"Lagavulin","floor":8,"turns":6},{"damage":10,"enemies":"Gremlin Nob","floor":10,"turns":4},{"damage":14,"enemies":"Exordium Wildlife","floor":13,"turns":6},{"damage":0,"enemies":"Red Slaver","floor":14,"turns":6},{"damage":45,"enemies":"The Guardian","floor":16,"turns":13},{"damage":20,"enemies":"2 Thieves","floor":18,"turns":4},{"damage":6,"enemies":"Masked Bandits","floor":20,"turns":3},{"damage":0,"enemies":"Chosen","floor":22,"turns":3},{"damage":31,"enemies":"Gremlin Leader","floor":23,"turns":4},{"damage":8,"enemies":"Book of Stabbing","floor":27,"turns":3},{"damage":21,"enemies":"Gremlin Leader","floor":29,"turns":5},{"damage":33,"enemies":"Snake Plant","floor":30,"turns":6},{"damage":2,"enemies":"Centurion and Healer","floor":31,"turns":4}],"seed_played":"-3384056602351865093","potions_obtained":[{"floor":3,"key":"Energy Potion"},{"floor":3,"key":"Fruit Juice"},{"floor":3,"key":"Explosive Potion"},{"floor":10,"key":"SkillPotion"},{"floor":14,"key":"PowerPotion"},{"floor":18,"key":"Dexterity Potion"},{"floor":20,"key":"PowerPotion"},{"floor":30,"key":"PowerPotion"}],"is_trial":false,"path_per_floor":["M","$","?","M","M","E","R","E","T","E","?","R","M","M","R","B",null,"M","$","?","T","M","E","R","$","T","E","R","E","M"],"character_chosen":"IRONCLAD","items_purchased":["Shrug It Off+1","Boot"],"campfire_rested":1,"item_purchase_floors":[25,25],"current_hp_per_floor":[80,80,85,85,85,68,68,43,43,39,39,64,56,62,62,23,85,71,71,71,71,77,52,52,52,52,50,50,35,8,6],"gold":174,"neow_bonus":"UPGRADE_CARD","is_prod":false,"is_daily":false,"chose_seed":false,"campfire_upgraded":4,"win_rate":0,"timestamp":1537994905,"path_taken":["M","$","?","M","M","E","R","E","T","E","?","R","M","?","R","BOSS","M","$","?","?","M","E","R","$","T","E","R","E","?","M"],"build_version":"2018-09-20","purchased_purges":3,"victory":false,"max_hp_per_floor":[80,80,85,85,85,85,85,85,85,85,85,85,85,85,85,85,85,85,85,85,85,85,85,85,85,85,85,85,85,85,85],"card_choices":[{"not_picked":["Dropkick","Combust"],"picked":"Iron Wave","floor":1},{"not_picked":["Havoc","Sentinel"],"picked":"Pommel Strike","floor":4},{"not_picked":["Second Wind","Headbutt"],"picked":"True Grit","floor":5},{"not_picked":["Infernal Blade","Clothesline","Rage"],"picked":"SKIP","floor":6},{"not_picked":["Power Through+1","Entrench+1"],"picked":"Demon Form","floor":8},{"not_picked":["Headbutt","Wild Strike"],"picked":"True Grit+1","floor":10},{"not_picked":["Clothesline","Combust"],"picked":"Iron Wave","floor":13},{"not_picked":["Blood for Blood","Battle Trance+1"],"picked":"Whirlwind","floor":14},{"not_picked":["Berserk","Immolate"],"picked":"Double Tap+1","floor":16},{"not_picked":["Anger","Flex+1","Bloodletting+1"],"picked":"SKIP","floor":18},{"not_picked":["Iron Wave","Body Slam"],"picked":"Warcry+1","floor":22},{"not_picked":["Pommel Strike","Armaments+1","Flex+1"],"picked":"SKIP","floor":23},{"not_picked":["Ghostly Armor+1","Heavy Blade","Bloodletting+1"],"picked":"SKIP","floor":27},{"not_picked":["Anger","Twin Strike","Sever Soul+1"],"picked":"SKIP","floor":29},{"not_picked":["Cleave","Searing Blow"],"picked":"Warcry+1","floor":30}],"player_experience":194648,"relics_obtained":[{"floor":6,"key":"Toxic Egg 2"},{"floor":8,"key":"Potion Belt"},{"floor":9,"key":"Shuriken"},{"floor":10,"key":"Nunchaku"},{"floor":20,"key":"Red Mask"},{"floor":21,"key":"Sundial"},{"floor":23,"key":"MawBank"},{"floor":26,"key":"Oddly Smooth Stone"},{"floor":27,"key":"Ancient Tea Set"},{"floor":29,"key":"Tiny Chest"}],"event_choices":[{"event_name":"The Lab","player_choice":"Got Potions","floor":3,"damage_taken":0},{"event_name":"Bonfire Elementals","player_choice":"BASIC","floor":11,"damage_taken":0},{"event_name":"Masked Bandits","player_choice":"Fought Bandits","floor":20,"damage_taken":0}],"is_beta":false,"boss_relics":[{"not_picked":["Orrery","Runic Cube"],"picked":"Philosopher\u0027s Stone"}],"items_purged_floors":[2,19,25],"is_endless":false,"potions_floor_spawned":[10,14,18,20,30],"killed_by":"Centurion and Healer","ascension_level":2}