{"gold_per_floor":[117,128,13,23,23,58,76,76,76,76,111,111,126,159,159,233,233,250,13,13,24,24,24,124,174,255,273,342,357,407,426,426,500,500,516,532,548,558,36,36,46,58,126,137,168,181,208,28,28,28],"floor_reached":51,"playtime":2487,"items_purged":["Defend_G","Defend_G","Strike_G"],"score":1391,"play_id":"d6d9d81b-fb5f-4e0a-9660-a9ca53eb6af8","local_time":"20190115174446","is_ascension_mode":true,"campfire_choices":[{"floor":8.0,"key":"REST"},{"data":"Cloak And Dagger","floor":15.0,"key":"SMITH"},{"data":"Cloak And Dagger","floor":23.0,"key":"SMITH"},{"data":"Cloak And Dagger","floor":32.0,"key":"SMITH"},{"data":"Neutralize","floor":40,"key":"SMITH"},{"data":"Well Laid Plans","floor":49,"key":"SMITH"}],"neow_cost":"NONE","seed_source_timestamp":0,"circlet_count":0,"master_deck":["AscendersBane","Defend_G","Defend_G","Defend_G","Strike_G","Strike_G","Strike_G","Strike_G","Survivor","Neutralize+1","Backstab","Noxious Fumes","Blur","Poisoned Stab","Slice","Backstab","Cloak And Dagger+1","Footwork","Glass Knife","Cloak And Dagger+1","Cloak And Dagger+1","Well Laid Plans+1","Cloak And Dagger+1","Endless Agony","Dodge and Roll+1","Dodge and Roll+1","Prepared+1","PiercingWail+1","Blur+1","Acrobatics+1","Glass Knife","Adrenaline+1","Parasite","Blade Dance+1"],"special_seed":0,"relics":["Ring of the Snake","Ornamental Fan","Meat on the Bone","Shuriken","Oddly Smooth Stone","White Beast Statue","Turnip","Kunai","Mummified Hand","Toxic Egg 2","Coffee Dripper","Vajra","Regal Pillow","Blue Candle","Ancient Tea Set","Centennial Puzzle"],"potions_floor_usage":[47],"damage_taken":[{"damage":2.0,"enemies":"Cultist","floor":1.0,"turns":4.0},{"damage":4.0,"enemies":"Jaw Worm","floor":2.0,"turns":4.0},{"damage":0.0,"enemies":"Small Slimes","floor":4.0,"turns":3.0},{"damage":57.0,"enemies":"Gremlin Nob","floor":6.0,"turns":5.0},{"damage":0.0,"enemies":"Blue Slaver","floor":7.0,"turns":4.0},{"damage":20.0,"enemies":"Lagavulin","floor":11.0,"turns":5.0},{"damage":0.0,"enemies":"2 Fungi Beasts","floor":13.0,"turns":3.0},{"damage":1.0,"enemies":"3 Sentries","floor":14.0,"turns":6.0},{"damage":8.0,"enemies":"Hexaghost","floor":16.0,"turns":9.0},{"damage":5.0,"enemies":"3 Byrds","floor":18.0,"turns":5.0},{"damage":0.0,"enemies":"Spheric Guardian","floor":21.0,"turns":3.0},{"damage":23.0,"enemies":"Colosseum Slavers","floor":24.0,"turns":5.0},{"damage":33.0,"enemies":"Colosseum Nobs","floor":24.0,"turns":6.0},{"damage":0.0,"enemies":"Centurion and Healer","floor":27.0,"turns":4.0},{"damage":5.0,"enemies":"Shelled Parasite and Fungi","floor":29.0,"turns":5.0},{"damage":0.0,"enemies":"Cultist and Chosen","floor":31.0,"turns":7.0},{"damage":38.0,"enemies":"Automaton","floor":33.0,"turns":9.0},{"damage":0.0,"enemies":"3 Darklings","floor":35.0,"turns":6.0},{"damage":0.0,"enemies":"3 Shapes","floor":36.0,"turns":6.0},{"damage":12.0,"enemies":"Spire Growth","floor":37.0,"turns":5.0},{"damage":2.0,"enemies":"Maw","floor":38.0,"turns":10.0},{"damage":0,"enemies":"Sphere and 2 Shapes","floor":41,"turns":4},{"damage":0,"enemies":"3 Darklings","floor":42,"turns":7},{"damage":0,"enemies":"Spire Growth","floor":44,"turns":5},{"damage":0,"enemies":"Giant Head","floor":45,"turns":9},{"damage":0,"enemies":"Writhing Mass","floor":46,"turns":8},{"damage":0,"enemies":"Reptomancer","floor":47,"turns":7},{"damage":7,"enemies":"Awakened One","floor":50,"turns":12}],"seed_played":"-460807673426087682","potions_obtained":[{"floor":1.0,"key":"AttackPotion"},{"floor":6.0,"key":"Poison Potion"},{"floor":7.0,"key":"EssenceOfSteel"},{"floor":13.0,"key":"Dexterity Potion"},{"floor":18.0,"key":"GamblersBrew"},{"floor":21.0,"key":"SpeedPotion"},{"floor":24.0,"key":"FearPotion"},{"floor":27.0,"key":"Strength Potion"},{"floor":29.0,"key":"Fire Potion"},{"floor":33.0,"key":"Dexterity Potion"},{"floor":35.0,"key":"Swift Potion"},{"floor":37.0,"key":"GhostInAJar"},{"floor":47,"key":"Fire Potion"}],"is_trial":false,"path_per_floor":["M","M","$","M","$","E","M","R","T","?","E","?","M","E","R","B",null,"M","$","?","M","?","R","?","?","T","M","T","M","?","M","R","B",null,"M","M","M","M","$","R","M","M","T","M","E","M","E","$","R","B",null],"character_chosen":"THE_SILENT","items_purchased":["Blur","Cloak And Dagger","Well Laid Plans","Vajra","Regal Pillow","Acrobatics+1","Glass Knife","Blade Dance+1"],"campfire_rested":1,"item_purchase_floors":[3,19,19,39,39,39,39,48],"current_hp_per_floor":[63,59,59,59,59,2,2,23,23,47,39,28,40,39,39,43,65,60,60,60,60,60,60,16,16,16,28,28,35,35,47,47,21,59,59,59,47,45,45,45,45,45,45,45,45,45,45,45,45,38],"gold":28,"neow_bonus":"TEN_PERCENT_HP_BONUS","is_prod":false,"is_daily":false,"chose_seed":false,"campfire_upgraded":5,"win_rate":0,"timestamp":1547603086,"path_taken":["M","M","$","M","$","E","M","R","T","?","E","?","M","E","R","BOSS","M","$","?","M","?","R","?","?","T","M","?","M","?","M","R","BOSS","M","?","M","?","$","R","M","M","T","?","E","M","E","$","R","BOSS"],"build_version":"2019-01-10","purchased_purges":3,"victory":true,"max_hp_per_floor":[72,72,72,72,72,72,72,72,72,72,72,72,72,72,72,72,72,72,72,72,72,72,72,72,72,72,72,72,72,72,72,72,72,72,72,72,72,72,72,72,72,72,72,72,72,72,72,72,72,72],"card_choices":[{"not_picked":["Deflect","Dodge and Roll"],"picked":"Backstab","floor":1.0},{"not_picked":["Underhanded Strike","Catalyst"],"picked":"Noxious Fumes","floor":2.0},{"not_picked":["Slice","Expertise"],"picked":"Poisoned Stab","floor":4.0},{"not_picked":["Concentrate","Setup"],"picked":"Slice","floor":6.0},{"not_picked":["Sucker Punch","Dagger Throw","Acrobatics"],"picked":"SKIP","floor":7.0},{"not_picked":["Sucker Punch","Infinite Blades"],"picked":"Backstab","floor":11.0},{"not_picked":["Escape Plan","Dagger Throw"],"picked":"Cloak And Dagger","floor":13.0},{"not_picked":["Terror","Heel Hook"],"picked":"Footwork","floor":14.0},{"not_picked":["Envenom","Storm of Steel"],"picked":"Glass Knife","floor":16.0},{"not_picked":["PiercingWail","Dagger Spray"],"picked":"Cloak And Dagger","floor":18.0},{"not_picked":["After Image","PiercingWail"],"picked":"Cloak And Dagger+1","floor":21.0},{"not_picked":["All Out Attack+1","Bane"],"picked":"Endless Agony","floor":24.0},{"not_picked":["Underhanded Strike+1","Noxious Fumes"],"picked":"Dodge and Roll+1","floor":27.0},{"not_picked":["Blade Dance+1","Bouncing Flask+1"],"picked":"Dodge and Roll+1","floor":29.0},{"not_picked":["Choke+1","Masterful Stab","Slice"],"picked":"SKIP","floor":31.0},{"not_picked":["Dagger Spray","Dash"],"picked":"Prepared+1","floor":35.0},{"not_picked":["Dagger Throw","Heel Hook+1","Bouncing Flask+1"],"picked":"SKIP","floor":36.0},{"not_picked":["Flechettes","Setup+1"],"picked":"PiercingWail+1","floor":37.0},{"not_picked":["Dodge and Roll+1","Backstab"],"picked":"Blur+1","floor":38.0},{"not_picked":["Acrobatics+1","Backflip+1","Setup+1"],"picked":"SKIP","floor":41},{"not_picked":["Cloak And Dagger+1","Dagger Spray"],"picked":"Adrenaline+1","floor":42},{"not_picked":["Deadly Poison+1","Quick Slash","Dagger Throw"],"picked":"SKIP","floor":44},{"not_picked":["Slice","Concentrate+1","Dagger Spray+1"],"picked":"SKIP","floor":45},{"not_picked":["Heel Hook","Bane","Slice"],"picked":"SKIP","floor":46},{"not_picked":["Choke","All Out Attack","Bane"],"picked":"SKIP","floor":47}],"player_experience":1070866,"relics_obtained":[{"floor":6.0,"key":"Ornamental Fan"},{"floor":9.0,"key":"Meat on the Bone"},{"floor":11.0,"key":"Shuriken"},{"floor":14.0,"key":"Oddly Smooth Stone"},{"floor":24.0,"key":"Turnip"},{"floor":24.0,"key":"Kunai"},{"floor":26.0,"key":"Mummified Hand"},{"floor":28.0,"key":"Toxic Egg 2"},{"floor":43,"key":"Blue Candle"},{"floor":45,"key":"Ancient Tea Set"},{"floor":47,"key":"Centennial Puzzle"}],"event_choices":[{"damage_healed":24.0,"max_hp_gain":0.0,"max_hp_loss":0.0,"gold_gain":0.0,"event_name":"Big Fish","player_choice":"Banana","floor":10.0,"gold_loss":0.0,"damage_taken":0.0},{"damage_healed":0.0,"max_hp_gain":0.0,"max_hp_loss":0.0,"gold_gain":0.0,"event_name":"Scrap Ooze","player_choice":"Fled","floor":12.0,"gold_loss":0.0,"damage_taken":11.0},{"damage_healed":0.0,"max_hp_gain":0.0,"max_hp_loss":0.0,"gold_gain":0.0,"event_name":"Vampires","player_choice":"Ignored","floor":20.0,"gold_loss":0.0,"damage_taken":0.0},{"damage_healed":0.0,"max_hp_gain":0.0,"max_hp_loss":0.0,"gold_gain":0.0,"event_name":"Colosseum","player_choice":"Fight","floor":24.0,"gold_loss":0.0,"damage_taken":0.0},{"damage_healed":0.0,"max_hp_gain":0.0,"max_hp_loss":0.0,"gold_gain":0.0,"event_name":"Colosseum","player_choice":"Fought Nobs","floor":24.0,"gold_loss":0.0,"damage_taken":0.0},{"damage_healed":0.0,"max_hp_gain":0.0,"max_hp_loss":0.0,"gold_gain":50.0,"event_name":"Nest","player_choice":"Stole From Cult","floor":25.0,"gold_loss":0.0,"damage_taken":0.0},{"damage_healed":0.0,"max_hp_gain":0.0,"max_hp_loss":0.0,"gold_gain":50.0,"event_name":"Golden Shrine","player_choice":"Pray","floor":30.0,"gold_loss":0.0,"damage_taken":0.0}],"is_beta":false,"boss_relics":[{"not_picked":["Sozu","Tiny House"],"picked":"White Beast Statue"},{"not_picked":["Lizard Tail","Fusion Hammer"],"picked":"Coffee Dripper"}],"items_purged_floors":[3,19,48],"is_endless":false,"potions_floor_spawned":[1,6,7,13,18,21,24,24,27,29,31,33,35,36,37,38,41,42,44,45,46,47],"ascension_level":16}