{"gold_per_floor":[110,128,175,186,199,230,230,230,257,268,284,284,297,325,325,424,424,444,444,384,396,42,42,72,87,143,143,157,157,157,190,190,295,295,315,330,330,342,342,371,371,391,391,179,179,214,228,255,255,255],"floor_reached":51,"playtime":4993,"items_purged":["Defend_B","Defend_B"],"score":1454,"play_id":"62fc731f-75a8-4ec7-a48e-b277457f4e9a","local_time":"20190402180054","is_ascension_mode":true,"campfire_choices":[{"floor":8,"key":"REST"},{"floor":12,"key":"REST"},{"data":"Zap","floor":15,"key":"SMITH"},{"data":"Bandage Up","floor":23,"key":"SMITH"},{"floor":29,"key":"REST"},{"data":"Buffer","floor":32,"key":"SMITH"},{"data":"Buffer","floor":41,"key":"SMITH"},{"data":"Barrage","floor":49,"key":"SMITH"}],"neow_cost":"NONE","seed_source_timestamp":374316499360854,"circlet_count":0,"master_deck":["AscendersBane","Strike_B+1","Defend_B","Defend_B","Zap+1","Dualcast","FTL","Ball Lightning","Cold Snap","Genetic Algorithm","Biased Cognition","Bandage Up+1","Defragment","Conserve Battery","Loop","Barrage+1","Electrodynamics","FTL","Steam Power","Darkness","Conserve Battery","Leap","Consume","Undo","Buffer+1","Buffer+1","Go for the Eyes+1","Cold Snap","Hologram+1","Glacier+1","Reprogram+1","Turbo+1","Double Energy+1","Seek+1","Loop","Static Discharge"],"relics":["Black Star","Bronze Scales","Juzu Bracelet","DataDisk","Whetstone","Matryoshka","Blood Vial","Inserter","Cables","Art of War","Happy Flower","Regal Pillow","Tiny Chest","Symbiotic Virus","Pantograph","Sozu","The Courier","Toxic Egg 2","Pocketwatch","Pen Nib","Ornamental Fan","Bottled Lightning","Lantern","Orichalcum","Anchor","Bag of Preparation"],"potions_floor_usage":[11,11,14,21,28],"damage_taken":[{"damage":1,"enemies":"Cultist","floor":1,"turns":4},{"damage":8,"enemies":"2 Louse","floor":2,"turns":2},{"damage":2,"enemies":"Jaw Worm","floor":4,"turns":3},{"damage":9,"enemies":"Red Slaver","floor":5,"turns":3},{"damage":22,"enemies":"3 Sentries","floor":6,"turns":7},{"damage":7,"enemies":"Exordium Wildlife","floor":10,"turns":3},{"damage":23,"enemies":"Exordium Thugs","floor":11,"turns":4},{"damage":12,"enemies":"Lots of Slimes","floor":13,"turns":3},{"damage":21,"enemies":"Lagavulin","floor":14,"turns":5},{"damage":5,"enemies":"Slime Boss","floor":16,"turns":7},{"damage":18,"enemies":"Shell Parasite","floor":18,"turns":5},{"damage":14,"enemies":"3 Byrds","floor":21,"turns":4},{"damage":0,"enemies":"Gremlin Leader","floor":24,"turns":5},{"damage":32,"enemies":"Sentry and Sphere","floor":25,"turns":4},{"damage":13,"enemies":"Shelled Parasite and Fungi","floor":28,"turns":3},{"damage":12,"enemies":"Book of Stabbing","floor":31,"turns":5},{"damage":45,"enemies":"Collector","floor":33,"turns":8},{"damage":19,"enemies":"3 Darklings","floor":35,"turns":4},{"damage":0,"enemies":"Orb Walker","floor":36,"turns":3},{"damage":38,"enemies":"3 Darklings","floor":38,"turns":5},{"damage":0,"enemies":"Reptomancer","floor":40,"turns":5},{"damage":2,"enemies":"Transient","floor":42,"turns":5},{"damage":0,"enemies":"Giant Head","floor":46,"turns":9},{"damage":0,"enemies":"Writhing Mass","floor":47,"turns":6},{"damage":0,"enemies":"Nemesis","floor":48,"turns":7},{"damage":35,"enemies":"Awakened One","floor":50,"turns":18}],"seed_played":"3879921000849811880","potions_obtained":[{"floor":5,"key":"FearPotion"},{"floor":6,"key":"Swift Potion"},{"floor":10,"key":"Dexterity Potion"},{"floor":13,"key":"SkillPotion"},{"floor":16,"key":"Energy Potion"},{"floor":25,"key":"FocusPotion"}],"is_trial":false,"path_per_floor":["M","M","T","M","M","E","?","R","T","M","M","R","M","E","R","B",null,"M","?","?","M","$","R","E","M","T","?","M","R","?","E","R","B",null,"M","M","T","M","T","E","R","M","T","$","?","E","M","E","R","B",null],"character_chosen":"DEFECT","items_purchased":["Cables","Conserve Battery","Reprogram+1","Turbo+1","Double Energy+1"],"campfire_rested":3,"item_purchase_floors":[22,22,44,44,44],"current_hp_per_floor":[67,59,59,57,48,26,26,48,48,45,26,48,40,23,23,24,62,50,50,50,42,42,42,50,26,26,26,15,52,52,48,48,30,64,53,61,61,31,31,39,39,45,45,45,45,53,61,69,69,43],"gold":255,"neow_bonus":"BOSS_RELIC","is_prod":false,"is_daily":false,"chose_seed":false,"campfire_upgraded":5,"win_rate":0,"timestamp":1554224454,"path_taken":["M","M","?","M","M","E","?","R","T","M","M","R","M","E","R","BOSS","M","?","?","M","$","R","E","M","T","?","M","R","?","E","R","BOSS","M","M","?","M","?","E","R","M","T","$","?","E","M","E","R","BOSS"],"build_version":"2019-01-23","purchased_purges":2,"victory":true,"max_hp_per_floor":[75,75,75,75,75,75,75,75,75,75,75,75,75,75,75,75,75,75,75,75,75,75,75,75,75,75,75,75,75,75,75,75,75,75,75,75,75,75,75,75,75,75,75,75,75,75,75,75,75,75],"card_choices":[{"not_picked":["Steam","Stack","Reprogram"],"picked":"SKIP","floor":1},{"not_picked":["Reinforced Body","Compile Driver"],"picked":"FTL","floor":2},{"not_picked":["Tempest","Hello World"],"picked":"Ball Lightning","floor":4},{"not_picked":["Compile Driver","Rebound"],"picked":"Cold Snap","floor":5},{"not_picked":["Compile Driver","Fusion"],"picked":"Genetic Algorithm","floor":6},{"not_picked":["Compile Driver","Stack"],"picked":"Defragment","floor":10},{"not_picked":["Blizzard","Loop"],"picked":"Conserve Battery","floor":11},{"not_picked":["Cold Snap","Steam"],"picked":"Loop","floor":13},{"not_picked":["Rip and Tear","Gash"],"picked":"Barrage","floor":14},{"not_picked":["Amplify","Seek"],"picked":"Electrodynamics","floor":16},{"not_picked":["Skim","Blizzard+1"],"picked":"FTL","floor":18},{"not_picked":["Beam Cell","Redo","Storm"],"picked":"SKIP","floor":21},{"not_picked":["Tempest+1","Streamline","Heatsinks"],"picked":"SKIP","floor":24},{"not_picked":["Go for the Eyes","Barrage"],"picked":"Leap","floor":25},{"not_picked":["Ball Lightning","Reprogram"],"picked":"Consume","floor":28},{"not_picked":["Rebound","Biased Cognition"],"picked":"Buffer","floor":31},{"not_picked":["All For One","Fission"],"picked":"Buffer","floor":33},{"not_picked":["Leap","Beam Cell"],"picked":"Go for the Eyes+1","floor":35},{"not_picked":["Leap","FTL"],"picked":"Cold Snap","floor":36},{"not_picked":["Turbo+1","Leap+1"],"picked":"Hologram+1","floor":38},{"not_picked":["Multi-Cast+1","Rebound"],"picked":"Glacier+1","floor":40},{"not_picked":["Rebound+1","Streamline+1","Sweeping Beam"],"picked":"SKIP","floor":42},{"not_picked":["Leap+1","Stack+1"],"picked":"Seek+1","floor":46},{"not_picked":["Redo+1","Streamline"],"picked":"Loop","floor":47},{"not_picked":["Capacitor+1","Hologram+1"],"picked":"Static Discharge","floor":48}],"player_experience":893141,"relics_obtained":[{"floor":3,"key":"Bronze Scales"},{"floor":6,"key":"Juzu Bracelet"},{"floor":6,"key":"DataDisk"},{"floor":9,"key":"Whetstone"},{"floor":14,"key":"Matryoshka"},{"floor":14,"key":"Blood Vial"},{"floor":24,"key":"Art of War"},{"floor":24,"key":"Happy Flower"},{"floor":26,"key":"Regal Pillow"},{"floor":26,"key":"Tiny Chest"},{"floor":31,"key":"Symbiotic Virus"},{"floor":31,"key":"Pantograph"},{"floor":37,"key":"The Courier"},{"floor":37,"key":"Toxic Egg 2"},{"floor":39,"key":"Pocketwatch"},{"floor":40,"key":"Pen Nib"},{"floor":40,"key":"Ornamental Fan"},{"floor":43,"key":"Bottled Lightning"},{"floor":46,"key":"Lantern"},{"floor":46,"key":"Orichalcum"},{"floor":48,"key":"Anchor"},{"floor":48,"key":"Bag of Preparation"}],"event_choices":[{"damage_healed":0,"gold_gain":0,"player_choice":"2 cards matched","damage_taken":0,"max_hp_gain":0,"max_hp_loss":0,"event_name":"Match and Keep!","floor":7,"gold_loss":0,"cards_obtained":["Biased Cognition","Bandage Up"]},{"damage_healed":0,"gold_gain":0,"player_choice":"Ignored","damage_taken":0,"max_hp_gain":0,"max_hp_loss":0,"event_name":"Ghosts","floor":19,"gold_loss":0},{"damage_healed":0,"gold_gain":0,"cards_transformed":["Strike_B","Strike_B"],"player_choice":"Transformed Cards","damage_taken":0,"max_hp_gain":0,"max_hp_loss":0,"event_name":"Designer","floor":20,"gold_loss":60,"cards_obtained":["Steam Power","Darkness"]},{"damage_healed":0,"gold_gain":0,"player_choice":"Ignored","damage_taken":0,"max_hp_gain":0,"max_hp_loss":0,"event_name":"Cursed Tome","floor":27,"gold_loss":0},{"damage_healed":0,"gold_gain":0,"player_choice":"1 cards matched","damage_taken":0,"max_hp_gain":0,"max_hp_loss":0,"event_name":"Match and Keep!","floor":30,"gold_loss":0,"cards_obtained":["Undo"]},{"cards_removed":["Strike_B"],"damage_healed":0,"gold_gain":0,"player_choice":"Offered Basic","damage_taken":0,"max_hp_gain":0,"max_hp_loss":0,"event_name":"Bonfire Elementals","floor":45,"gold_loss":0}],"is_beta":false,"boss_relics":[{"not_picked":["Astrolabe","Busted Crown"],"picked":"Inserter"},{"not_picked":["Tiny House","Fusion Hammer"],"picked":"Sozu"}],"items_purged_floors":[22,44],"is_endless":false,"potions_floor_spawned":[5,6,10,13,16,25,36,38,40,47],"ascension_level":12}