{"gold_per_floor":[213,229,3,14,12,12,43,93,93,106,21,21,39,39,39,111,111,123,38,53,53,53,69,69,69,69,69],"floor_reached":27,"playtime":1841,"items_purged":[],"score":426,"play_id":"82d703d2-9538-45c3-af46-ad20771b04aa","local_time":"20190408132751","is_ascension_mode":true,"campfire_choices":[{"data":"Sunder","floor":6.0,"key":"SMITH"},{"floor":12.0,"key":"REST"},{"data":"Defragment","floor":15.0,"key":"SMITH"},{"floor":25,"key":"REST"}],"neow_cost":"NONE","seed_source_timestamp":235168366620549,"circlet_count":0,"master_deck":["AscendersBane","Strike_B","Strike_B","Strike_B","Defend_B","Defend_B","Defend_B","Defend_B","Zap","Dualcast","Darkness","Sunder+1","Coolheaded","Conserve Battery","Leap","Loop","Defragment+1","Ball Lightning","Electrodynamics","Go for the Eyes","Self Repair","Machine Learning","Tempest+1"],"special_seed":0,"relics":["FrozenCore","DataDisk","Ornamental Fan","Matryoshka","The Courier","Pear","Frozen Egg 2"],"potions_floor_usage":[],"damage_taken":[{"damage":0.0,"enemies":"2 Louse","floor":1.0,"turns":3.0},{"damage":7.0,"enemies":"Cultist","floor":2.0,"turns":4.0},{"damage":7.0,"enemies":"Small Slimes","floor":4.0,"turns":3.0},{"damage":13.0,"enemies":"Exordium Thugs","floor":5.0,"turns":4.0},{"damage":31.0,"enemies":"3 Sentries","floor":7.0,"turns":8.0},{"damage":0.0,"enemies":"2 Fungi Beasts","floor":10.0,"turns":2.0},{"damage":0.0,"enemies":"Looter","floor":13.0,"turns":2.0},{"damage":2.0,"enemies":"The Guardian","floor":16.0,"turns":9.0},{"damage":13.0,"enemies":"Spheric Guardian","floor":18.0,"turns":6.0},{"damage":5.0,"enemies":"Chosen","floor":20.0,"turns":5.0},{"damage":20.0,"enemies":"Centurion and Healer","floor":23.0,"turns":9.0},{"damage":15,"enemies":"Colosseum Slavers","floor":24,"turns":4},{"damage":58,"enemies":"Book of Stabbing","floor":27,"turns":8}],"seed_played":"-6165533062059936024","potions_obtained":[{"floor":1.0,"key":"SpeedPotion"}],"is_trial":false,"path_per_floor":["M","M","$","M","M","R","E","?","T","M","$","R","M","?","R","B",null,"M","?","M","?","?","M","?","R","T","E"],"character_chosen":"DEFECT","items_purchased":["DataDisk","Explosive Potion","Defragment"],"campfire_rested":2,"item_purchase_floors":[3,3,11],"current_hp_per_floor":[64,57,57,50,37,37,6,6,6,6,6,27,27,27,27,25,60,47,47,42,42,42,29,21,42,52,0],"gold":69,"neow_bonus":"HUNDRED_GOLD","is_prod":false,"is_daily":false,"chose_seed":false,"campfire_upgraded":2,"win_rate":0,"timestamp":1554751671,"path_taken":["M","M","$","M","M","R","E","?","T","?","?","R","M","?","R","BOSS","M","?","M","?","?","M","?","R","T","E"],"build_version":"2019-04-04","purchased_purges":0,"victory":false,"max_hp_per_floor":[71,71,71,71,71,71,71,71,71,71,71,71,71,71,71,71,71,71,71,71,71,71,71,71,71,81,81],"card_choices":[{"not_picked":["Conserve Battery","Stack"],"picked":"Darkness","floor":1.0},{"not_picked":["Steam","Streamline"],"picked":"Sunder","floor":2.0},{"not_picked":["Static Discharge","Heatsinks"],"picked":"Coolheaded","floor":4.0},{"not_picked":["Fusion","Rebound"],"picked":"Conserve Battery","floor":5.0},{"not_picked":["Turbo","BootSequence"],"picked":"Leap","floor":7.0},{"not_picked":["Thunder Strike","Streamline"],"picked":"Loop","floor":10.0},{"not_picked":["Heatsinks","Doom and Gloom"],"picked":"Ball Lightning","floor":13.0},{"not_picked":["All For One","Rainbow"],"picked":"Electrodynamics","floor":16.0},{"not_picked":["Gash","Melter"],"picked":"Go for the Eyes","floor":18.0},{"not_picked":["Gash","Steam Power"],"picked":"Self Repair","floor":20.0},{"not_picked":["Undo+1","Cold Snap"],"picked":"Tempest+1","floor":23.0}],"player_experience":2801336,"relics_obtained":[{"floor":7.0,"key":"Ornamental Fan"},{"floor":9.0,"key":"Matryoshka"},{"floor":26,"key":"Pear"},{"floor":26,"key":"Frozen Egg 2"}],"event_choices":[{"damage_healed":0.0,"max_hp_gain":0.0,"max_hp_loss":0.0,"gold_gain":50.0,"event_name":"Golden Shrine","player_choice":"Pray","floor":8.0,"gold_loss":0.0,"damage_taken":0.0},{"cards_removed":["Strike_B"],"damage_healed":0.0,"max_hp_gain":0.0,"max_hp_loss":0.0,"gold_gain":0.0,"event_name":"Purifier","player_choice":"Purged","floor":14.0,"gold_loss":0.0,"damage_taken":0.0},{"damage_healed":0.0,"max_hp_gain":0.0,"max_hp_loss":0.0,"gold_gain":0.0,"event_name":"Addict","player_choice":"Obtained Relic","floor":19.0,"gold_loss":85.0,"damage_taken":0.0,"relics_obtained":["The Courier"]},{"damage_healed":0.0,"max_hp_gain":0.0,"max_hp_loss":0.0,"gold_gain":0.0,"event_name":"Ghosts","player_choice":"Ignored","floor":21.0,"gold_loss":0.0,"damage_taken":0.0},{"damage_healed":0.0,"max_hp_gain":0.0,"max_hp_loss":0.0,"gold_gain":0.0,"event_name":"The Library","player_choice":"Read","floor":22.0,"gold_loss":0.0,"damage_taken":0.0,"cards_obtained":["Machine Learning"]},{"damage_healed":0,"gold_gain":0,"player_choice":"Fight","damage_taken":0,"max_hp_gain":0,"max_hp_loss":0,"event_name":"Colosseum","floor":24,"gold_loss":0},{"damage_healed":0,"gold_gain":0,"player_choice":"Fled From Nobs","damage_taken":0,"max_hp_gain":0,"max_hp_loss":0,"event_name":"Colosseum","floor":24,"gold_loss":0}],"is_beta":true,"boss_relics":[{"not_picked":["Empty Cage","Black Star"],"picked":"FrozenCore"}],"items_purged_floors":[],"is_endless":false,"potions_floor_spawned":[1,5,24],"killed_by":"Book of Stabbing","ascension_level":20}