{"gold_per_floor":[115,20,20,34,53,53,82,82,134,153,187,187,202,217,217,321,321,338,338,351,266,286,316,328,253,278,307,318,6,31,49,49,152,152,170,187,44,56,110,143,243,243,243,273,286,170,170,197,197,197],"floor_reached":51,"playtime":2348,"items_purged":["Defend_R"],"score":932,"play_id":"ad07da3f-2b32-462d-8930-a4fc59449697","local_time":"20190416101437","is_ascension_mode":false,"campfire_choices":[{"data":"Bash","floor":6,"key":"SMITH"},{"data":"Armaments","floor":8,"key":"SMITH"},{"data":"Perfected Strike","floor":12,"key":"SMITH"},{"data":"Demon Form","floor":15,"key":"SMITH"},{"floor":32,"key":"RECALL"},{"floor":42,"key":"REST"},{"floor":47,"key":"REST"},{"floor":49,"key":"REST"}],"neow_cost":"NONE","seed_source_timestamp":342068500094000,"circlet_count":0,"master_deck":["Strike_R","Strike_R","Strike_R","Strike_R+1","Strike_R+1","Defend_R+1","Defend_R+1","Bash+1","Pommel Strike","Armaments+1","Flame Barrier","Headbutt","Demon Form+1","Perfected Strike+1","Headbutt","Reaper","Pommel Strike+1","Metallicize","Warcry+1","Inflame+1","Iron Wave+1","Immolate","True Grit","Shrug It Off","True Grit+1","Feed","Disarm+1","Power Through+1","Battle Trance","Corruption+1","Feel No Pain","Burning Pact+1","Shrug It Off","Shockwave","Uppercut+1","Headbutt+1","Sentinel+1"],"relics":["Burning Blood","Whetstone","PreservedInsect","Dream Catcher","Oddly Smooth Stone","Bag of Marbles","Fusion Hammer","Omamori","Anchor","Happy Flower","Potion Belt","Kunai","Ginger","Mark of Pain","Nunchaku","Meat on the Bone","Molten Egg 2","War Paint","Prayer Wheel"],"potions_floor_usage":[23,44,50],"damage_taken":[{"damage":1,"enemies":"Jaw Worm","floor":1,"turns":3},{"damage":0,"enemies":"Small Slimes","floor":4,"turns":2},{"damage":1,"enemies":"Cultist","floor":5,"turns":3},{"damage":5,"enemies":"Lagavulin","floor":7,"turns":7},{"damage":10,"enemies":"Large Slime","floor":10,"turns":6},{"damage":15,"enemies":"3 Sentries","floor":11,"turns":6},{"damage":5,"enemies":"3 Louse","floor":13,"turns":3},{"damage":1,"enemies":"Blue Slaver","floor":14,"turns":2},{"damage":16,"enemies":"Slime Boss","floor":16,"turns":6},{"damage":1,"enemies":"Chosen","floor":18,"turns":4},{"damage":18,"enemies":"2 Thieves","floor":20,"turns":4},{"damage":5,"enemies":"Snake Plant","floor":22,"turns":3},{"damage":13,"enemies":"Slavers","floor":23,"turns":7},{"damage":5,"enemies":"Snecko","floor":24,"turns":3},{"damage":0,"enemies":"Book of Stabbing","floor":27,"turns":3},{"damage":0,"enemies":"Centurion and Healer","floor":28,"turns":4},{"damage":0,"enemies":"Slavers","floor":30,"turns":2},{"damage":11,"enemies":"Sentry and Sphere","floor":31,"turns":4},{"damage":22,"enemies":"Champ","floor":33,"turns":10},{"damage":10,"enemies":"Orb Walker","floor":35,"turns":5},{"damage":2,"enemies":"3 Shapes","floor":36,"turns":8},{"damage":7,"enemies":"Maw","floor":38,"turns":6},{"damage":11,"enemies":"2 Orb Walkers","floor":39,"turns":4},{"damage":7,"enemies":"Reptomancer","floor":40,"turns":5},{"damage":3,"enemies":"Giant Head","floor":44,"turns":6},{"damage":11,"enemies":"Writhing Mass","floor":45,"turns":6},{"damage":8,"enemies":"Nemesis","floor":48,"turns":5},{"damage":14,"enemies":"Time Eater","floor":50,"turns":8}],"seed_played":"-4781019423049870818","potions_obtained":[{"floor":1,"key":"BloodPotion"},{"floor":11,"key":"Swift Potion"},{"floor":13,"key":"SpeedPotion"},{"floor":16,"key":"SteroidPotion"},{"floor":20,"key":"GamblersBrew"},{"floor":23,"key":"PowerPotion"},{"floor":24,"key":"AttackPotion"},{"floor":30,"key":"Ancient Potion"},{"floor":33,"key":"EssenceOfSteel"},{"floor":39,"key":"FearPotion"},{"floor":45,"key":"FearPotion"}],"is_trial":false,"path_per_floor":["M","$","?","M","M","R","E","R","T","M","E","R","M","M","R","B",null,"M","?","M","?","M","E","M","?","T","E","M","$","E","M","R","B",null,"M","M","$","M","?","E","?","R","T","E","M","$","R","E","R","B",null],"character_chosen":"IRONCLAD","items_purchased":["Armaments","Flame Barrier","Kunai","True Grit","Battle Trance","Shockwave","Uppercut+1"],"campfire_rested":3,"item_purchase_floors":[2,2,29,29,37,46,46],"current_hp_per_floor":[80,80,77,80,80,80,80,80,80,76,67,67,68,73,73,63,80,80,80,78,78,79,80,80,80,80,80,80,80,80,75,75,59,80,80,87,87,91,89,97,97,98,98,101,105,105,105,106,108,100],"gold":197,"neow_bonus":"RANDOM_COMMON_RELIC","is_prod":false,"is_daily":false,"chose_seed":false,"campfire_upgraded":4,"win_rate":1,"timestamp":1555434877,"path_taken":["M","$","?","M","M","R","E","R","T","M","E","R","M","M","R","BOSS","M","?","?","?","M","E","M","?","T","E","M","$","E","M","R","BOSS","M","M","$","M","?","E","?","R","T","E","M","$","R","E","R","BOSS"],"build_version":"2019-01-23","purchased_purges":1,"victory":true,"max_hp_per_floor":[80,80,80,80,80,80,80,80,80,80,80,80,80,80,80,80,80,80,80,80,80,80,80,80,80,80,80,80,80,80,80,80,80,80,84,87,87,91,94,98,98,98,98,101,105,105,105,108,108,108],"card_choices":[{"not_picked":["Blood for Blood","Heavy Blade"],"picked":"Pommel Strike","floor":1},{"not_picked":["Warcry","Body Slam"],"picked":"Headbutt","floor":4},{"not_picked":["Sword Boomerang","Rupture"],"picked":"Demon Form","floor":5},{"not_picked":["Flex","Thunderclap","Reckless Charge"],"picked":"SKIP","floor":7},{"not_picked":["Clash","Rampage"],"picked":"Wild Strike","floor":10},{"not_picked":["Rupture","Armaments"],"picked":"Perfected Strike","floor":11},{"not_picked":["Body Slam","Infernal Blade"],"picked":"Headbutt","floor":13},{"not_picked":["Cleave","Brutality","Thunderclap"],"picked":"SKIP","floor":14},{"not_picked":["Berserk","Fiend Fire"],"picked":"Reaper","floor":16},{"not_picked":["Clothesline","Anger"],"picked":"Pommel Strike+1","floor":18},{"not_picked":["Entrench","True Grit"],"picked":"Metallicize","floor":20},{"not_picked":["Clash+1","Body Slam","Flex"],"picked":"SKIP","floor":22},{"not_picked":["Cleave","Sword Boomerang"],"picked":"Warcry+1","floor":23},{"not_picked":["Body Slam","Rupture"],"picked":"Inflame+1","floor":24},{"not_picked":["Headbutt","Armaments"],"picked":"Iron Wave+1","floor":27},{"not_picked":["Clash+1","Warcry"],"picked":"Immolate","floor":28},{"not_picked":["True Grit","Wild Strike+1"],"picked":"Shrug It Off","floor":30},{"not_picked":["Flame Barrier","Rupture"],"picked":"True Grit+1","floor":31},{"not_picked":["Double Tap","Exhume"],"picked":"Feed","floor":33},{"not_picked":["Rampage+1","Headbutt"],"picked":"Disarm+1","floor":35},{"not_picked":["Sever Soul+1","Sword Boomerang+1"],"picked":"Power Through+1","floor":36},{"not_picked":["Entrench","Uppercut","Clash+1"],"picked":"SKIP","floor":38},{"not_picked":["Seeing Red+1","Power Through"],"picked":"Corruption+1","floor":39},{"not_picked":["Carnage+1","Fiend Fire"],"picked":"Feel No Pain","floor":40},{"not_picked":["Dropkick+1","True Grit"],"picked":"Burning Pact+1","floor":42},{"not_picked":["Corruption+1","Cleave+1","Carnage+1"],"picked":"SKIP","floor":44},{"not_picked":["Carnage+1","Searing Blow+1"],"picked":"Shrug It Off","floor":45},{"not_picked":["Anger+1","Armaments"],"picked":"Headbutt+1","floor":48},{"not_picked":["Burning Pact","Corruption+1"],"picked":"Sentinel+1","floor":49}],"player_experience":385485,"relics_obtained":[{"floor":7,"key":"Dream Catcher"},{"floor":9,"key":"Oddly Smooth Stone"},{"floor":11,"key":"Bag of Marbles"},{"floor":23,"key":"Anchor"},{"floor":26,"key":"Happy Flower"},{"floor":27,"key":"Potion Belt"},{"floor":30,"key":"Ginger"},{"floor":39,"key":"Nunchaku"},{"floor":40,"key":"Meat on the Bone"},{"floor":43,"key":"Molten Egg 2"},{"floor":44,"key":"War Paint"},{"floor":48,"key":"Prayer Wheel"}],"event_choices":[{"damage_healed":0,"gold_gain":0,"player_choice":"Success","damage_taken":3,"relics_obtained":["PreservedInsect"],"max_hp_gain":0,"max_hp_loss":0,"event_name":"Scrap Ooze","floor":3,"gold_loss":0},{"cards_removed":["Wild Strike"],"damage_healed":5,"gold_gain":0,"player_choice":"Offered Common","damage_taken":0,"max_hp_gain":0,"max_hp_loss":0,"event_name":"Bonfire Elementals","floor":19,"gold_loss":0},{"cards_removed":["Wild Strike"],"damage_healed":5,"gold_gain":0,"player_choice":"Offered Special","damage_taken":0,"max_hp_gain":0,"max_hp_loss":0,"event_name":"Bonfire Elementals","floor":19,"gold_loss":0},{"damage_healed":0,"gold_gain":0,"player_choice":"Obtained Relic","damage_taken":0,"relics_obtained":["Omamori"],"max_hp_gain":0,"max_hp_loss":0,"event_name":"Addict","floor":21,"gold_loss":85},{"cards_removed":["Defend_R"],"damage_healed":0,"gold_gain":0,"player_choice":"Gave Gold","damage_taken":0,"max_hp_gain":0,"max_hp_loss":0,"event_name":"Beggar","floor":25,"gold_loss":75},{"damage_healed":0,"gold_gain":0,"player_choice":"Fight","damage_taken":0,"max_hp_gain":0,"max_hp_loss":0,"event_name":"Mysterious Sphere","floor":39,"gold_loss":0},{"damage_healed":0,"gold_gain":100,"player_choice":"Pray","damage_taken":0,"max_hp_gain":0,"max_hp_loss":0,"event_name":"Golden Shrine","floor":41,"gold_loss":0}],"is_beta":false,"boss_relics":[{"not_picked":["Tiny House","Eternal Feather"],"picked":"Fusion Hammer"},{"not_picked":["Runic Cube","Sozu"],"picked":"Mark of Pain"}],"items_purged_floors":[37],"is_endless":false,"potions_floor_spawned":[1,11,13,16,20,23,24,30,33,39,45,48],"ascension_level":0}