{"gold_per_floor":[113,113,125,138,138,138,163,163,243,262,297,310,310,330,330,435,435,447,117,129,146,161,193,206,206,206,233,248,248,266,365,365,467,467,486,486,501,10,21,52,68,83,83,99,99,117,148,0,0,0],"floor_reached":50,"playtime":9938,"items_purged":["Strike_R"],"score":664,"play_id":"77524243-1fa5-4aa7-bf25-29ee75da9563","local_time":"20190321114636","is_ascension_mode":true,"campfire_choices":[{"data":"Body Slam","floor":6.0,"key":"SMITH"},{"data":"Cleave","floor":8.0,"key":"SMITH"},{"data":"Armaments","floor":13.0,"key":"SMITH"},{"data":"Burning Pact","floor":15.0,"key":"SMITH"},{"floor":29.0,"key":"REST"},{"data":"Entrench","floor":32.0,"key":"SMITH"},{"data":"Barricade","floor":45,"key":"SMITH"},{"data":"Juggernaut","floor":49,"key":"SMITH"}],"neow_cost":"NONE","seed_source_timestamp":0,"circlet_count":0,"master_deck":["Defend_R","Defend_R","Defend_R","Defend_R","Bash+1","Cleave+1","Shrug It Off","Anger","Body Slam+1","Headbutt","Armaments+1","Burning Pact+1","Metallicize","Flame Barrier","Juggernaut+1","Rage+1","Searing Blow+1","Fire Breathing","Shrug It Off+1","Feel No Pain","Warcry","Bite","Bite","Bite","Bite","Bite","Entrench+1","Barricade+1","Flash of Steel","Dual Wield+1","Inflame","Headbutt+1","Thunderclap","Warcry+1","Disarm","Disarm+1"],"special_seed":0,"relics":["Burning Blood","Self Forming Clay","Orichalcum","Pear","Du-Vu Doll","Sozu","Bottled Tornado","Boot","Peace Pipe","Strawberry","Mark of Pain","Question Card","Sling","Paper Frog","The Courier","Frozen Egg 2","Red Mask"],"potions_floor_usage":[],"damage_taken":[{"damage":2.0,"enemies":"2 Louse","floor":1.0,"turns":3.0},{"damage":3.0,"enemies":"Jaw Worm","floor":3.0,"turns":4.0},{"damage":2.0,"enemies":"Cultist","floor":4.0,"turns":4.0},{"damage":8.0,"enemies":"Gremlin Nob","floor":7.0,"turns":3.0},{"damage":6.0,"enemies":"Blue Slaver","floor":10.0,"turns":3.0},{"damage":20.0,"enemies":"Lagavulin","floor":11.0,"turns":6.0},{"damage":5.0,"enemies":"Looter","floor":12.0,"turns":2.0},{"damage":0.0,"enemies":"2 Fungi Beasts","floor":14.0,"turns":3.0},{"damage":11.0,"enemies":"Slime Boss","floor":16.0,"turns":11.0},{"damage":11.0,"enemies":"Spheric Guardian","floor":18.0,"turns":4.0},{"damage":11.0,"enemies":"2 Thieves","floor":20.0,"turns":3.0},{"damage":3.0,"enemies":"Centurion and Healer","floor":21.0,"turns":5.0},{"damage":25.0,"enemies":"Snake Plant","floor":22.0,"turns":4.0},{"damage":23.0,"enemies":"Gremlin Leader","floor":23.0,"turns":5.0},{"damage":8.0,"enemies":"Cultist and Chosen","floor":24.0,"turns":7.0},{"damage":33.0,"enemies":"Slavers","floor":27.0,"turns":5.0},{"damage":23.0,"enemies":"Shelled Parasite and Fungi","floor":28.0,"turns":4.0},{"damage":8.0,"enemies":"Centurion and Healer","floor":30.0,"turns":6.0},{"damage":68.0,"enemies":"Automaton","floor":33.0,"turns":11.0},{"damage":17.0,"enemies":"Orb Walker","floor":35.0,"turns":4.0},{"damage":0,"enemies":"3 Shapes","floor":37,"turns":4},{"damage":4,"enemies":"Maw","floor":39,"turns":8},{"damage":38,"enemies":"Reptomancer","floor":40,"turns":7},{"damage":0,"enemies":"4 Shapes","floor":41,"turns":4},{"damage":9,"enemies":"Spire Growth","floor":42,"turns":5},{"damage":29,"enemies":"Transient","floor":44,"turns":5},{"damage":15,"enemies":"4 Shapes","floor":46,"turns":5},{"damage":0,"enemies":"Nemesis","floor":47,"turns":9},{"damage":93,"enemies":"Donu and Deca","floor":50,"turns":8}],"seed_played":"7429029118146094219","potions_obtained":[{"floor":3.0,"key":"Ancient Potion"},{"floor":4.0,"key":"FearPotion"},{"floor":12.0,"key":"Poison Potion"},{"floor":14.0,"key":"GamblersBrew"}],"is_trial":false,"path_per_floor":["M","?","M","M","T","R","E","R","T","M","E","M","R","M","R","B",null,"M","$","M","M","M","E","M","?","T","E","M","R","M","?","R","B",null,"M","?","M","$","M","E","M","M","T","M","R","M","E","?","R","B"],"character_chosen":"IRONCLAD","items_purchased":["Bottled Tornado","Question Card","Sling","Inflame"],"campfire_rested":1,"item_purchase_floors":[19,38,38,38],"current_hp_per_floor":[80,80,80,80,80,80,78,78,88,88,74,75,75,81,81,76,90,85,85,80,83,64,47,45,45,45,33,24,45,55,55,55,13,70,61,56,68,68,70,49,57,59,59,44,44,43,67,67,67,0],"gold":0,"neow_bonus":"UPGRADE_CARD","is_prod":false,"is_daily":false,"chose_seed":false,"campfire_upgraded":7,"win_rate":0,"timestamp":1553168796,"path_taken":["M","?","M","M","?","R","E","R","T","?","E","M","R","M","R","BOSS","M","$","M","M","M","E","M","?","T","E","M","R","M","?","R","BOSS","M","?","M","$","M","E","M","M","T","M","R","M","E","?","R","BOSS"],"build_version":"2019-01-23","purchased_purges":1,"victory":false,"max_hp_per_floor":[80,80,80,80,80,80,80,80,90,90,90,90,90,90,90,90,90,90,90,90,90,90,90,90,63,63,70,70,70,70,70,70,70,70,70,70,70,70,70,70,70,70,70,70,70,70,70,70,70,70],"card_choices":[{"not_picked":["Armaments","True Grit"],"picked":"Cleave","floor":1.0},{"not_picked":["Havoc","Seeing Red"],"picked":"Anger","floor":3.0},{"not_picked":["Power Through","Perfected Strike"],"picked":"Body Slam","floor":4.0},{"not_picked":["Twin Strike","Dual Wield"],"picked":"Headbutt","floor":7.0},{"not_picked":["Clothesline","Seeing Red"],"picked":"Armaments","floor":10.0},{"not_picked":["Flame Barrier","Twin Strike"],"picked":"Burning Pact","floor":11.0},{"not_picked":["Entrench","Feel No Pain"],"picked":"Metallicize","floor":12.0},{"not_picked":["Warcry","Combust"],"picked":"Flame Barrier","floor":14.0},{"not_picked":["Immolate","Double Tap"],"picked":"Juggernaut","floor":16.0},{"not_picked":["Dropkick","Spot Weakness"],"picked":"Rage+1","floor":18.0},{"not_picked":["Iron Wave","Armaments"],"picked":"Searing Blow+1","floor":20.0},{"not_picked":["Armaments","Clash+1"],"picked":"Fire Breathing","floor":21.0},{"not_picked":["Heavy Blade","Juggernaut"],"picked":"Shrug It Off+1","floor":22.0},{"not_picked":["Intimidate","Anger"],"picked":"Feel No Pain","floor":23.0},{"not_picked":["Headbutt","Power Through"],"picked":"Warcry","floor":24.0},{"not_picked":["Searing Blow+1","Shrug It Off","Wild Strike"],"picked":"SKIP","floor":27.0},{"not_picked":["Bludgeon","Sword Boomerang+1"],"picked":"Entrench","floor":28.0},{"not_picked":["Warcry","Headbutt","Perfected Strike"],"picked":"SKIP","floor":30.0},{"not_picked":["Berserk","Bludgeon"],"picked":"Barricade","floor":33.0},{"not_picked":["Perfected Strike+1","Armaments","Flame Barrier+1"],"picked":"SKIP","floor":35.0},{"not_picked":["Enlightenment","Forethought"],"picked":"Flash of Steel","floor":36.0},{"not_picked":["Thunderclap","Clothesline+1"],"picked":"Dual Wield+1","floor":37},{"not_picked":["Dropkick","Havoc","Sever Soul"],"picked":"Headbutt+1","floor":39},{"not_picked":["Whirlwind+1","Rampage","Rage","Perfected Strike"],"picked":"SKIP","floor":40},{"not_picked":["Twin Strike+1","Cleave","Perfected Strike+1"],"picked":"Thunderclap","floor":41},{"not_picked":["Exhume","Evolve","Flex+1"],"picked":"Warcry+1","floor":42},{"not_picked":["Power Through","Hemokinesis+1","Rupture"],"picked":"Disarm","floor":44},{"not_picked":["Seeing Red+1","Flex+1","Iron Wave","Sword Boomerang+1"],"picked":"SKIP","floor":46},{"not_picked":["Shrug It Off","Power Through+1","Offering"],"picked":"Disarm+1","floor":47}],"player_experience":679883,"relics_obtained":[{"floor":5.0,"key":"Self Forming Clay"},{"floor":7.0,"key":"Orichalcum"},{"floor":9.0,"key":"Pear"},{"floor":11.0,"key":"Du-Vu Doll"},{"floor":23.0,"key":"Boot"},{"floor":26.0,"key":"Peace Pipe"},{"floor":27.0,"key":"Strawberry"},{"floor":40,"key":"Paper Frog"},{"floor":43,"key":"The Courier"},{"floor":47,"key":"Frozen Egg 2"}],"event_choices":[{"damage_healed":0.0,"max_hp_gain":0.0,"max_hp_loss":0.0,"gold_gain":0.0,"cards_transformed":["Strike_R"],"event_name":"Living Wall","player_choice":"Change","floor":2.0,"gold_loss":0.0,"damage_taken":0.0,"cards_obtained":["Shrug It Off"]},{"damage_healed":0.0,"max_hp_gain":0.0,"max_hp_loss":27.0,"gold_gain":0.0,"event_name":"Vampires","player_choice":"Became a vampire","floor":25.0,"gold_loss":0.0,"damage_taken":0.0,"cards_obtained":["Bite","Bite","Bite","Bite","Bite"]},{"damage_healed":0.0,"max_hp_gain":0.0,"max_hp_loss":0.0,"gold_gain":99.0,"event_name":"Nest","player_choice":"Stole From Cult","floor":31.0,"gold_loss":0.0,"damage_taken":0.0},{"damage_healed":0.0,"max_hp_gain":0.0,"max_hp_loss":0.0,"gold_gain":0.0,"event_name":"SensoryStone","player_choice":"Memory 2","floor":36.0,"gold_loss":0.0,"damage_taken":5.0},{"damage_healed":0,"gold_gain":0,"player_choice":"Paid","damage_taken":0,"relics_obtained":["Red Mask"],"max_hp_gain":0,"max_hp_loss":0,"event_name":"Tomb of Lord Red Mask","floor":48,"gold_loss":148}],"is_beta":false,"boss_relics":[{"not_picked":["Empty Cage","Snecko Eye"],"picked":"Sozu"},{"not_picked":["Astrolabe","Philosopher\u0027s Stone"],"picked":"Mark of Pain"}],"items_purged_floors":[19],"is_endless":false,"potions_floor_spawned":[3,4,12,14,22,24,27,30,39,41,46,47],"killed_by":"Donu and Deca","ascension_level":1}