{"gold_per_floor":[115,115,115,134,15,81,81,125,125,100,100,100,135,153,153,281,281,296,296,46,64,78,118,118,149,149,167,167,167,198,198,198,198],"floor_reached":33,"playtime":678,"items_purged":[],"score":447,"play_id":"eedaf762-9eb1-4990-8ad2-617d7b48544c","local_time":"20181017013319","is_ascension_mode":true,"campfire_choices":[{"data":"Hyperbeam","floor":7,"key":"SMITH"},{"floor":12,"key":"REST"},{"floor":15,"key":"REST"},{"floor":24,"key":"REST"},{"floor":29,"key":"REST"},{"floor":32,"key":"REST"}],"neow_cost":"","seed_source_timestamp":545624404387496,"circlet_count":0,"master_deck":["Strike_B","Strike_B","Strike_B","Strike_B","Defend_B","Defend_B","Defend_B","Zap","Dualcast","Conserve Battery","Auto Shields+1","Go for the Eyes","Static Discharge","Streamline","Hyperbeam+1","Hologram+1","Cold Snap","Redo","Beam Cell","Seek","Rebound","Seek+1","Deep Breath","Chill+1","Beam Cell","Auto Shields+1","Stack","Ball Lightning","Hologram+1"],"relics":["Cracked Core","Bloody Idol","Tiny Chest","Du-Vu Doll","Bottled Flame","Lantern","Lizard Tail","PreservedInsect","Smiling Mask","Unceasing Top","War Paint","MutagenicStrength"],"potions_floor_usage":[16,16,25,30,33],"damage_taken":[{"damage":2,"enemies":"Jaw Worm","floor":1,"turns":3},{"damage":0,"enemies":"Small Slimes","floor":4,"turns":3},{"damage":28,"enemies":"Gremlin Nob","floor":6,"turns":5},{"damage":15,"enemies":"3 Sentries","floor":8,"turns":3},{"damage":16,"enemies":"Gremlin Nob","floor":13,"turns":3},{"damage":0,"enemies":"Cultist","floor":14,"turns":2},{"damage":22,"enemies":"Hexaghost","floor":16,"turns":7},{"damage":7,"enemies":"3 Byrds","floor":18,"turns":3},{"damage":22,"enemies":"Spheric Guardian","floor":21,"turns":4},{"damage":0,"enemies":"Centurion and Healer","floor":22,"turns":4},{"damage":21,"enemies":"Slavers","floor":23,"turns":2},{"damage":0,"enemies":"Gremlin Leader","floor":25,"turns":3},{"damage":0,"enemies":"3 Cultists","floor":27,"turns":2},{"damage":28,"enemies":"Book of Stabbing","floor":30,"turns":3},{"damage":97,"enemies":"Collector","floor":33,"turns":7}],"seed_played":"-4964829627886094781","potions_obtained":[{"floor":6,"key":"Poison Potion"},{"floor":13,"key":"SkillPotion"},{"floor":21,"key":"GamblersBrew"},{"floor":27,"key":"AttackPotion"},{"floor":30,"key":"SkillPotion"}],"is_trial":false,"path_per_floor":["M","?","?","M","$","E","R","E","T","$","?","R","E","M","R","B",null,"M","?","$","M","M","E","R","E","T","M","?","R","E","?","R"],"character_chosen":"DEFECT","items_purchased":["Static Discharge","Streamline","Cold Snap","Seek","Deep Breath"],"campfire_rested":5,"item_purchase_floors":[5,5,10,20,20],"current_hp_per_floor":[66,66,66,66,66,38,38,23,23,23,23,43,27,27,47,25,58,51,51,51,29,29,8,28,28,28,28,28,48,25,25,45,0],"gold":198,"neow_bonus":"","is_prod":false,"is_daily":false,"chose_seed":false,"campfire_upgraded":1,"win_rate":0,"timestamp":1539765199,"path_taken":["M","?","?","M","$","E","R","E","T","?","?","R","E","M","R","BOSS","M","?","$","M","M","E","R","E","T","M","?","R","E","?","R","BOSS"],"build_version":"2018-10-11","purchased_purges":0,"victory":false,"max_hp_per_floor":[75,69,69,69,69,69,69,69,69,69,69,69,69,69,69,69,69,69,69,69,69,69,69,69,69,69,69,69,69,69,69,69,69],"card_choices":[{"not_picked":["Steam","Beam Cell"],"picked":"Conserve Battery","floor":1},{"not_picked":["Rebound","Compile Driver"],"picked":"Go for the Eyes","floor":4},{"not_picked":["Rebound","Beam Cell"],"picked":"Hyperbeam","floor":6},{"not_picked":["Conserve Battery","Stack"],"picked":"Hologram","floor":8},{"not_picked":["Leap","Auto Shields"],"picked":"Redo","floor":13},{"not_picked":["Streamline","Hello World"],"picked":"Beam Cell","floor":14},{"not_picked":["Core Surge","Meteor Strike"],"picked":"Seek","floor":16},{"not_picked":["Gash","Streamline"],"picked":"Rebound","floor":18},{"not_picked":["Leap","Streamline"],"picked":"Chill+1","floor":21},{"not_picked":["Turbo+1","Double Energy"],"picked":"Beam Cell","floor":22},{"not_picked":["Biased Cognition","Multi-Cast"],"picked":"Auto Shields+1","floor":23},{"not_picked":["Coolheaded","Sweeping Beam"],"picked":"Stack","floor":25},{"not_picked":["Genetic Algorithm+1","Darkness"],"picked":"Ball Lightning","floor":27},{"not_picked":["Reprogram+1","Gash"],"picked":"Hologram+1","floor":30}],"player_experience":539109,"relics_obtained":[{"floor":6,"key":"Tiny Chest"},{"floor":8,"key":"Du-Vu Doll"},{"floor":9,"key":"Bottled Flame"},{"floor":13,"key":"Lantern"},{"floor":23,"key":"PreservedInsect"},{"floor":25,"key":"Smiling Mask"},{"floor":26,"key":"Unceasing Top"},{"floor":30,"key":"War Paint"}],"event_choices":[{"event_name":"Golden Idol","player_choice":"Lose Max HP","floor":2,"damage_taken":0},{"event_name":"Transmorgrifier","player_choice":"Transform","floor":3,"damage_taken":0},{"event_name":"Living Wall","player_choice":"Grow","floor":11,"damage_taken":0},{"event_name":"Vampires","player_choice":"Ignored","floor":19,"damage_taken":0},{"event_name":"Forgotten Altar","player_choice":"Gave Idol","floor":28,"damage_taken":0},{"event_name":"Drug Dealer","player_choice":"Inject Mutagens","floor":31,"damage_taken":0}],"is_beta":false,"boss_relics":[{"not_picked":["Runic Pyramid","Ectoplasm"],"picked":"Lizard Tail"}],"items_purged_floors":[],"is_endless":false,"potions_floor_spawned":[6,13,21,27,30],"killed_by":"Collector","ascension_level":6}