{"path_per_floor":["M","?","$","M","?","R","E","R","T","R","M","M","M","E","R","B",null,"M","M","?","$","M","R","?","$","T","R","M","E","R","M","R","B",null,"M","?","?","$","?","R","E","R","T","R","$","?","M","E","R"],"character_chosen":"THE_SILENT","items_purchased":["Noxious Fumes","Snake Skull","Escape Plan","Endless Agony","Block Potion","Cloak And Dagger","Slice","Blind","Footwork","Poisoned Stab","Fire Potion"],"gold_per_floor":[111,111,34,47,47,47,90,90,90,90,105,123,144,182,182,308,308,333,349,349,34,55,55,55,6,6,6,24,57,57,77,77,206,206,227,227,227,75,75,75,113,113,183,183,47,47,61,104,104],"floor_reached":50,"campfire_rested":5,"playtime":1655,"current_hp_per_floor":[68,68,68,67,65,65,44,44,44,44,43,32,29,12,31,3,50,32,39,39,39,23,42,42,42,42,42,26,17,36,25,25,11,52,52,52,52,52,52,52,28,47,47,47,47,39,36,20,39],"items_purged":[],"gold":104,"score":649,"play_id":"5a0d0e64-1dcb-4c37-b0d8-defea26e0838","is_prod":false,"is_daily":false,"is_ascension_mode":true,"campfire_upgraded":7,"path_taken":["M","?","$","M","?","R","E","R","T","R","M","?","M","E","R","BOSS","M","M","?","?","M","R","?","$","T","R","M","E","R","?","R","BOSS","M","?","?","$","?","R","E","R","T","R","$","?","M","E","R","BOSS"],"build_version":"2018-02-22-PROD1","purchased_purges":0,"victory":false,"master_deck":["Defend_G","Defend_G","Defend_G","Strike_G","Strike_G","Strike_G","Survivor+1","Neutralize+1","Deadly Poison","Noxious Fumes+1","Dagger Throw","Prepared","All Out Attack","Noxious Fumes","Backstab","All Out Attack","Venomology+1","Quick Slash","Backflip+1","Escape Plan","Endless Agony","Poisoned Stab","Cloak And Dagger","Corpse Explosion+1","Quick Slash+1","Catalyst+1","Die Die Die+1","Slice+1","Well Laid Plans","Slice","Blind","Glass Knife","Footwork","Poisoned Stab","Madness","Madness","Cloak And Dagger+1","Catalyst+1"],"max_hp_per_floor":[70,70,70,70,65,65,65,65,65,65,65,65,65,65,65,65,65,65,65,65,65,65,65,65,65,65,65,65,65,65,65,65,65,65,65,65,65,65,65,65,65,65,65,65,65,65,65,65,65],"relics":["Ring of the Snake","Golden Idol","Singing Bowl","Dead Branch","Pantograph","Runic Dome","Snake Skull","Paper Crane","Mercury Hourglass","The Specimen","Blood Vial","Bottled Flame","Meat on the Bone"],"card_choices":[{"not_picked":["Underhanded Strike","Acrobatics"],"picked":"Deadly Poison"},{"not_picked":["Bane","Terror"],"picked":"Dagger Throw"},{"not_picked":["Dodge and Roll","Concentrate"],"picked":"Prepared"},{"not_picked":["Dodge and Roll","Outmaneuver"],"picked":"All Out Attack"},{"not_picked":["Bouncing Flask","Dagger Throw"],"picked":"Noxious Fumes"},{"not_picked":["Distraction","Deadly Poison"],"picked":"Backstab"},{"not_picked":["Setup","Blade Dance"],"picked":"All Out Attack"},{"not_picked":["Tactician","Corpse Explosion"],"picked":"Venomology"},{"not_picked":["Sucker Punch","Flying Knee"],"picked":"Quick Slash"},{"not_picked":["Blur","Slice"],"picked":"Backflip"},{"not_picked":["Dagger Throw","Dagger Spray"],"picked":"Poisoned Stab"},{"not_picked":["All Out Attack","Dodge and Roll"],"picked":"Corpse Explosion"},{"not_picked":["Sucker Punch","Dodge and Roll"],"picked":"Quick Slash"},{"not_picked":["Acrobatics","Deadly Poison"],"picked":"Catalyst"},{"not_picked":["Tools of the Trade","Night Terror"],"picked":"Die Die Die"},{"not_picked":["Leg Sweep","Acrobatics"],"picked":"Slice"},{"not_picked":["Underhanded Strike","Outmaneuver"],"picked":"Glass Knife"},{"not_picked":["Infinite Blades","Slice"],"picked":"Cloak And Dagger"},{"not_picked":["After Image","Doppelganger"],"picked":"Catalyst"}],"player_experience":196953,"potions_floor_usage":[16,18,19,22,22,22,28,28,29,29,31,33,33,41,47,48,48,50,50,50,50],"damage_taken":[{"damage":2.0,"enemies":"Jaw Worm","floor":1.0,"turns":6.0},{"damage":1.0,"enemies":"Cultist","floor":4.0,"turns":4.0},{"damage":21,"enemies":"Lagavulin","floor":7,"turns":6},{"damage":1,"enemies":"Large Slime","floor":11,"turns":7},{"damage":11,"enemies":"Blue Slaver","floor":12,"turns":4},{"damage":3,"enemies":"Gremlin Gang","floor":13,"turns":3},{"damage":17,"enemies":"Gremlin Nob","floor":14,"turns":4},{"damage":53,"enemies":"Slime Boss","floor":16,"turns":9},{"damage":18,"enemies":"3 Byrds","floor":18,"turns":5},{"damage":8,"enemies":"Chosen","floor":19,"turns":5},{"damage":16,"enemies":"Centurion and Healer","floor":22,"turns":4},{"damage":16,"enemies":"Snake Plant","floor":28,"turns":4},{"damage":9,"enemies":"Book of Stabbing","floor":29,"turns":7},{"damage":11,"enemies":"Snecko","floor":31,"turns":4},{"damage":39,"enemies":"Automaton","floor":33,"turns":7},{"damage":0,"enemies":"3 Shapes","floor":35,"turns":4},{"damage":24,"enemies":"2 Orb Walkers","floor":41,"turns":3},{"damage":5,"enemies":"Orb Walker","floor":47,"turns":2},{"damage":18,"enemies":"Nemesis","floor":48,"turns":7},{"damage":79,"enemies":"Donu and Deca","floor":50,"turns":6}],"event_choices":[{"event_name":"Bonfire Elementals","player_choice":"BASIC","floor":2.0,"damage_taken":0.0},{"event_name":"Golden Idol","player_choice":"Lose Max HP","floor":5,"damage_taken":0},{"event_name":"Purifier","player_choice":"One Purge","floor":20,"damage_taken":0},{"event_name":"Vampires","player_choice":"Ignored","floor":24,"damage_taken":0},{"event_name":"Transmorgrifier","player_choice":"Transform","floor":36,"damage_taken":0},{"event_name":"The Lab","player_choice":"Got Potions","floor":37,"damage_taken":0},{"event_name":"Purifier","player_choice":"One Purge","floor":39,"damage_taken":0},{"event_name":"Winding Halls","player_choice":"Embrace Madness","floor":46,"damage_taken":0}],"boss_relics":[{"not_picked":["Orrery","Velvet Choker"],"picked":"Runic Dome"},{"not_picked":["Runic Pyramid","Sozu"],"picked":"The Specimen"}],"potions_floor_spawned":[13,16,18,22],"seed_played":"-842244094534185812","killed_by":"Donu and Deca","ascension_level":5,"is_trial":false}