{"gold_per_floor":[144,189,36,36,81,81,201,201,226,301,26,26,26,71,71,371,371,416,461,52,52,97,97,187,232,232,232,232,232,277,322,322,622,622,667,667,184,209,254,254,299,299,299,344,37,82,82,127,127,127],"floor_reached":51,"playtime":2242,"items_purged":["Writhe"],"score":1017,"play_id":"660100dc-3f36-49e1-8c38-d50cd303e92f","local_time":"20181105075019","daily_mods":["Cursed Run","Time Dilation","Midas"],"is_ascension_mode":false,"campfire_choices":[{"floor":6,"key":"REST"},{"floor":8,"key":"REST"},{"floor":13,"key":"REST"},{"floor":15,"key":"REST"},{"data":"1","floor":23,"key":"LIFT"},{"floor":27,"key":"REST"},{"data":"2","floor":29,"key":"LIFT"},{"floor":32,"key":"REST"},{"data":"3","floor":40,"key":"LIFT"},{"floor":47,"key":"REST"},{"floor":49,"key":"REST"}],"neow_cost":"","seed_source_timestamp":205885307475542,"circlet_count":0,"master_deck":["Strike_R","Strike_R","Strike_R","Strike_R","Strike_R","Defend_R","Defend_R","Defend_R","Defend_R","Bash","Body Slam","Pommel Strike","Offering+1","Regret","Shrug It Off","Limit Break","Pain","Shrug It Off","Warcry","Thunderclap","Pain","Offering","Parasite","Writhe","Writhe","Infernal Blade","Twin Strike","Offering","Cleave","Panache","RitualDagger","Rampage+1","Infernal Blade+1","Perfected Strike+1","Pain","Cleave","Flame Barrier","Shame","Offering","Hemokinesis+1","Double Tap","Doubt","Cleave","Havoc+1","Decay","Cleave+1","Rupture","Evolve+1","Heavy Blade","Writhe"],"special_seed":17840,"relics":["Cursed Key","Darkstone Periapt","Du-Vu Doll","Boot","Tiny Chest","Oddly Smooth Stone","Sundial","Pen Nib","Calling Bell","Orichalcum","Kunai","Girya","Art of War","Blue Candle","Lizard Tail","Lee\u0027s Waffle","Bag of Marbles","Champion Belt","Strawberry"],"potions_floor_usage":[7,33,33,50,50],"damage_taken":[{"damage":6,"enemies":"2 Louse","floor":1,"turns":3},{"damage":3,"enemies":"Jaw Worm","floor":2,"turns":3},{"damage":0,"enemies":"Cultist","floor":5,"turns":2},{"damage":29,"enemies":"Lagavulin","floor":7,"turns":4},{"damage":12,"enemies":"Blue Slaver","floor":14,"turns":1},{"damage":38,"enemies":"The Guardian","floor":16,"turns":5},{"damage":10,"enemies":"Spheric Guardian","floor":18,"turns":2},{"damage":20,"enemies":"3 Byrds","floor":19,"turns":3},{"damage":12,"enemies":"3 Cultists","floor":22,"turns":1},{"damage":26,"enemies":"Book of Stabbing","floor":24,"turns":3},{"damage":8,"enemies":"Chosen and Byrds","floor":25,"turns":3},{"damage":3,"enemies":"Snake Plant","floor":30,"turns":2},{"damage":6,"enemies":"Shelled Parasite and Fungi","floor":31,"turns":1},{"damage":28,"enemies":"Automaton","floor":33,"turns":4},{"damage":12,"enemies":"Orb Walker","floor":35,"turns":1},{"damage":38,"enemies":"3 Darklings","floor":39,"turns":4},{"damage":17,"enemies":"Writhing Mass","floor":41,"turns":2},{"damage":26,"enemies":"Jaw Worm Horde","floor":44,"turns":2},{"damage":9,"enemies":"4 Shapes","floor":46,"turns":3},{"damage":17,"enemies":"Transient","floor":48,"turns":5},{"damage":127,"enemies":"Time Eater","floor":50,"turns":9}],"seed_played":"8055105580141425642","potions_obtained":[{"floor":1,"key":"Explosive Potion"},{"floor":2,"key":"EssenceOfSteel"},{"floor":5,"key":"Regen Potion"},{"floor":22,"key":"GamblersBrew"},{"floor":30,"key":"Swift Potion"}],"is_trial":false,"path_per_floor":["M","M","$","?","M","R","E","R","T","T","$","?","R","M","R","B",null,"M","M","$","?","M","R","E","M","T","R","?","R","M","M","R","B",null,"M","?","$","T","M","R","M","?","T","M","$","M","R","M","R","B",null],"character_chosen":"IRONCLAD","items_purchased":["Offering","Anger","Pen Nib","Shrug It Off","Warcry","Offering","Cleave","Panache","Double Tap","BloodPotion","AttackPotion","Lee\u0027s Waffle","Rupture","Strawberry"],"campfire_rested":8,"item_purchase_floors":[3,11,11,11,11,20,20,20,37,37,37,37,45,45],"current_hp_per_floor":[74,71,71,77,77,86,62,86,92,98,98,98,98,86,98,66,122,112,92,92,86,74,74,48,40,46,84,84,84,81,75,113,91,134,122,122,141,147,109,109,92,92,98,72,79,70,118,101,149,44],"gold":127,"neow_bonus":"","is_prod":false,"is_daily":true,"chose_seed":false,"campfire_upgraded":0,"win_rate":0.0,"timestamp":1541433019,"path_taken":["M","M","$","?","M","R","E","R","T","?","$","?","R","M","R","BOSS","M","?","$","?","M","R","E","M","T","R","?","R","M","M","R","BOSS","M","?","$","?","M","R","M","?","T","M","$","M","R","M","R","BOSS"],"build_version":"2018-11-01","purchased_purges":1,"victory":true,"max_hp_per_floor":[80,80,80,86,86,86,86,86,92,98,98,98,98,98,98,104,122,122,122,122,122,122,122,122,122,128,128,128,128,128,128,128,134,134,134,134,141,147,147,147,147,147,153,153,160,160,160,160,160,166],"card_choices":[{"not_picked":["Disarm","Warcry"],"picked":"Body Slam","floor":1},{"not_picked":["Body Slam","Hemokinesis"],"picked":"Pommel Strike","floor":2},{"not_picked":["Combust","True Grit"],"picked":"Shrug It Off","floor":5},{"not_picked":["Dual Wield","Iron Wave"],"picked":"Limit Break","floor":7},{"not_picked":["Wild Strike","Clothesline"],"picked":"Thunderclap","floor":14},{"not_picked":["Dark Embrace","Limit Break"],"picked":"Offering","floor":16},{"not_picked":["Pommel Strike","Clash"],"picked":"Infernal Blade","floor":18},{"not_picked":["Clothesline+1","Power Through"],"picked":"Twin Strike","floor":19},{"not_picked":["Armaments+1","Twin Strike"],"picked":"Rampage+1","floor":22},{"not_picked":["Clothesline","Combust+1"],"picked":"Infernal Blade+1","floor":24},{"not_picked":["Wild Strike","Pommel Strike"],"picked":"Perfected Strike+1","floor":25},{"not_picked":["Flex+1","Havoc"],"picked":"Cleave","floor":30},{"not_picked":["Spot Weakness+1","Seeing Red"],"picked":"Flame Barrier","floor":31},{"not_picked":["Dark Embrace","Brutality"],"picked":"Offering","floor":33},{"not_picked":["True Grit","Flex"],"picked":"Hemokinesis+1","floor":35},{"not_picked":["Havoc+1","Sentinel"],"picked":"Cleave","floor":39},{"not_picked":["Clash+1","Warcry"],"picked":"Havoc+1","floor":41},{"not_picked":["Warcry+1","Feel No Pain"],"picked":"Cleave+1","floor":44},{"not_picked":["Havoc","Dual Wield+1"],"picked":"Evolve+1","floor":46},{"not_picked":["Havoc+1","Dual Wield"],"picked":"Heavy Blade","floor":48}],"player_experience":19377,"relics_obtained":[{"floor":7,"key":"Tiny Chest"},{"floor":9,"key":"Oddly Smooth Stone"},{"floor":10,"key":"Sundial"},{"floor":17,"key":"Orichalcum"},{"floor":17,"key":"Kunai"},{"floor":17,"key":"Girya"},{"floor":24,"key":"Art of War"},{"floor":26,"key":"Blue Candle"},{"floor":38,"key":"Bag of Marbles"},{"floor":43,"key":"Champion Belt"}],"event_choices":[{"damage_healed":0,"gold_gain":0,"player_choice":"Box","damage_taken":0,"relics_obtained":["Boot"],"max_hp_gain":0,"max_hp_loss":0,"event_name":"Big Fish","floor":4,"gold_loss":0,"cards_obtained":["Regret"]},{"damage_healed":0,"gold_gain":0,"player_choice":"Upgraded","damage_taken":0,"max_hp_gain":0,"max_hp_loss":0,"event_name":"Upgrade Shrine","floor":12,"gold_loss":0,"cards_upgraded":["Offering"]},{"damage_healed":0,"gold_gain":0,"player_choice":"Joined the Cult","damage_taken":6,"max_hp_gain":0,"max_hp_loss":0,"event_name":"Nest","floor":21,"gold_loss":0,"cards_obtained":["RitualDagger"]},{"damage_healed":0,"gold_gain":0,"player_choice":"Ignored","damage_taken":0,"max_hp_gain":0,"max_hp_loss":0,"event_name":"Ghosts","floor":28,"gold_loss":0},{"damage_healed":0,"gold_gain":0,"player_choice":"Ignored","damage_taken":0,"max_hp_gain":0,"max_hp_loss":0,"event_name":"Tomb of Lord Red Mask","floor":36,"gold_loss":0},{"cards_removed":["Anger"],"damage_healed":0,"gold_gain":0,"player_choice":"Removed Attack","damage_taken":0,"max_hp_gain":0,"max_hp_loss":0,"event_name":"Falling","floor":42,"gold_loss":0}],"is_beta":false,"boss_relics":[{"not_picked":["Mark of Pain","Velvet Choker"],"picked":"Calling Bell"},{"not_picked":["White Beast Statue","Coffee Dripper"],"picked":"Lizard Tail"}],"items_purged_floors":[45],"is_endless":false,"potions_floor_spawned":[1,2,5,22,25,30,31,44,46,48],"ascension_level":0}