{"path_per_floor":["M","?","M","M","?","E","$","?","T","R","M","E","M","M","R","B",null,"M","$","?","?","M","E","R","M","T","$","M","$","M","?","R"],"character_chosen":"THE_SILENT","items_purchased":["Bronze Scales","Matryoshka","Letter Opener","Deflect","Deep Breath"],"gold_per_floor":[114,114,134,149,149,175,18,18,42,42,60,392,404,421,421,519,519,538,50,50,50,66,93,93,112,137,13,26,26,39,39,39],"floor_reached":33,"campfire_rested":2,"playtime":1152,"current_hp_per_floor":[64,64,58,54,51,34,34,34,34,34,33,37,22,20,56,53,70,62,62,62,62,61,41,41,36,36,36,22,22,19,19,55],"items_purged":[],"gold":39,"score":332,"play_id":"52d8f1b9-72aa-4a5c-b5cc-bf338ae210ff","is_prod":false,"is_daily":false,"is_ascension_mode":true,"campfire_upgraded":2,"path_taken":["M","?","M","M","?","E","$","?","T","R","?","E","M","M","R","BOSS","M","$","?","?","M","E","R","M","T","?","M","$","?","?","R","BOSS"],"build_version":"2018-02-15-PROD1","purchased_purges":0,"victory":false,"master_deck":["Defend_G","Defend_G","Defend_G","Defend_G","Defend_G","Strike_G","Strike_G+1","Strike_G","Strike_G","Survivor+1","Neutralize+1","Corpse Explosion","Backstab","Regret","Blur","Flying Knee","After Image+1","Poisoned Stab","Bouncing Flask","Catalyst+1","Cloak And Dagger","Phantasmal Killer","Deflect+1","Backstab","Dagger Throw","Dagger Throw+1","Deflect","Deep Breath","Flying Knee+1","Blur","Dodge and Roll"],"max_hp_per_floor":[70,70,70,70,70,70,70,70,70,70,70,70,70,70,70,70,70,70,70,70,70,70,70,70,70,70,70,70,70,70,70,70],"relics":["Ring of the Snake","Ornamental Fan","Paper Crane","Regal Pillow","Bronze Scales","Whetstone","Old Coin","White Beast Statue","Matryoshka","Letter Opener","Oddly Smooth Stone","War Paint","Bag of Preparation"],"card_choices":[{"not_picked":["Concentrate","Blade Dance"],"picked":"Backstab"},{"not_picked":["Blade Dance","Bane"],"picked":"Blur"},{"not_picked":["Backflip","Outmaneuver"],"picked":"Flying Knee"},{"not_picked":["Catalyst","Bane"],"picked":"After Image"},{"not_picked":["Skewer","Backflip"],"picked":"Poisoned Stab"},{"not_picked":["Slice","Dagger Throw"],"picked":"Bouncing Flask"},{"not_picked":["Deadly Poison","Footwork"],"picked":"Catalyst"},{"not_picked":["Poisoned Stab","Underhanded Strike"],"picked":"Cloak And Dagger"},{"not_picked":["Unload","Glass Knife"],"picked":"Phantasmal Killer"},{"not_picked":["Flying Knee","Well Laid Plans"],"picked":"Deflect"},{"not_picked":["Acrobatics","Blur"],"picked":"Backstab"},{"not_picked":["Malaise","Crippling Poison"],"picked":"Dagger Throw"},{"not_picked":["Accuracy","All Out Attack"],"picked":"Dagger Throw"},{"not_picked":["PiercingWail","Reflex"],"picked":"Flying Knee"},{"not_picked":["Deadly Poison","Choke"],"picked":"Blur"}],"player_experience":162538,"potions_floor_usage":[6,12,22,23,23,25,28,33,33,33],"damage_taken":[{"damage":6,"enemies":"Cultist","floor":1,"turns":4},{"damage":6,"enemies":"Jaw Worm","floor":3,"turns":3},{"damage":4,"enemies":"Small Slimes","floor":4,"turns":4},{"damage":17,"enemies":"Gremlin Nob","floor":6,"turns":5},{"damage":1,"enemies":"Blue Slaver","floor":11,"turns":3},{"damage":11,"enemies":"3 Sentries","floor":12,"turns":8},{"damage":15,"enemies":"Exordium Wildlife","floor":13,"turns":4},{"damage":2,"enemies":"Large Slime","floor":14,"turns":5},{"damage":3,"enemies":"Hexaghost","floor":16,"turns":8},{"damage":8,"enemies":"Spheric Guardian","floor":18,"turns":5},{"damage":1,"enemies":"Chosen","floor":22,"turns":4},{"damage":35,"enemies":"Slavers","floor":23,"turns":6},{"damage":5,"enemies":"3 Cultists","floor":25,"turns":4},{"damage":14,"enemies":"Centurion and Healer","floor":28,"turns":5},{"damage":3,"enemies":"Chosen and Byrds","floor":30,"turns":5},{"damage":77,"enemies":"Champ","floor":33,"turns":16}],"event_choices":[{"event_name":"Big Fish","player_choice":"Box","floor":2,"damage_taken":0},{"event_name":"Scrap Ooze","player_choice":"success","floor":5,"damage_taken":3},{"event_name":"Living Wall","player_choice":"Grow","floor":8,"damage_taken":0},{"event_name":"The Lab","player_choice":"Got Potions","floor":20,"damage_taken":0},{"event_name":"Addict","player_choice":"Ignored","floor":21,"damage_taken":0},{"event_name":"Transmorgrifier","player_choice":"Transform","floor":31,"damage_taken":0}],"boss_relics":[{"not_picked":["Question Card","Orrery"],"picked":"White Beast Statue"}],"potions_floor_spawned":[1,4,11,16,18,22,23,25,28,30],"seed_played":"1316831271212883604","killed_by":"Champ","ascension_level":4,"is_trial":false}