{"gold_per_floor":[365,290,309,384,25,25,51,62,62,91,91,91,91,105,105,181,181,200,210,235,250,268,268,302,322,376,376,376,389,304,330,330,330],"floor_reached":33,"playtime":1930,"items_purged":["Strike_R"],"score":523,"play_id":"44086d54-a8af-4d19-a7fc-07a40376dbc2","local_time":"20190416013309","is_ascension_mode":true,"campfire_choices":[{"data":"Apotheosis","floor":6,"key":"SMITH"},{"data":"Bash","floor":11,"key":"SMITH"},{"data":"Heavy Blade","floor":13,"key":"SMITH"},{"data":"Inflame","floor":15,"key":"SMITH"},{"floor":23,"key":"REST"},{"floor":27,"key":"REST"},{"floor":32,"key":"REST"}],"neow_cost":"CURSE","seed_source_timestamp":710525373856050,"circlet_count":0,"master_deck":["AscendersBane","Strike_R","Strike_R","Strike_R","Defend_R","Defend_R","Defend_R","Defend_R","Bash+1","Pummel","Inflame+1","Apotheosis+1","Inflame","Heavy Blade+1","Sword Boomerang","Sword Boomerang","Limit Break","Pommel Strike","Power Through","Whirlwind","Whirlwind+1","Clothesline"],"relics":["Burning Blood","Mercury Hourglass","Anchor","Bottled Flame","Black Star","Bronze Scales","Lantern","Oddly Smooth Stone","Art of War","MutagenicStrength","Orichalcum","Red Mask"],"potions_floor_usage":[7,7,14,21,25,33],"damage_taken":[{"damage":9,"enemies":"2 Louse","floor":1,"turns":4},{"damage":1,"enemies":"Small Slimes","floor":3,"turns":3},{"damage":11,"enemies":"Gremlin Nob","floor":7,"turns":3},{"damage":0,"enemies":"Cultist","floor":8,"turns":3},{"damage":10,"enemies":"3 Sentries","floor":10,"turns":4},{"damage":6,"enemies":"Red Slaver","floor":14,"turns":4},{"damage":19,"enemies":"The Guardian","floor":16,"turns":6},{"damage":23,"enemies":"2 Thieves","floor":18,"turns":3},{"damage":15,"enemies":"Shell Parasite","floor":19,"turns":3},{"damage":12,"enemies":"Snake Plant","floor":21,"turns":3},{"damage":13,"enemies":"Centurion and Healer","floor":22,"turns":5},{"damage":33,"enemies":"Book of Stabbing","floor":24,"turns":4},{"damage":13,"enemies":"3 Cultists","floor":25,"turns":4},{"damage":17,"enemies":"Shelled Parasite and Fungi","floor":29,"turns":2},{"damage":0,"enemies":"Masked Bandits","floor":31,"turns":2},{"damage":60,"enemies":"Collector","floor":33,"turns":8}],"seed_played":"741792338415413379","potions_obtained":[{"floor":1,"key":"PowerPotion"},{"floor":3,"key":"Poison Potion"},{"floor":10,"key":"Swift Potion"},{"floor":18,"key":"Fire Potion"},{"floor":19,"key":"Block Potion"},{"floor":25,"key":"SpeedPotion"}],"is_trial":false,"path_per_floor":["M","?","M","?","$","R","E","M","T","E","R","?","R","M","R","B",null,"M","M","T","M","M","R","E","M","T","R","?","M","?","?","R","B"],"character_chosen":"IRONCLAD","items_purchased":["Apotheosis","Inflame"],"campfire_rested":3,"item_purchase_floors":[5,5],"current_hp_per_floor":[65,65,70,59,59,59,54,60,60,56,56,56,56,56,56,43,67,50,41,41,35,28,50,23,16,16,38,38,27,27,33,55,0],"gold":330,"neow_bonus":"TWO_FIFTY_GOLD","is_prod":false,"is_daily":false,"chose_seed":false,"campfire_upgraded":4,"win_rate":0,"timestamp":1555392789,"path_taken":["M","?","M","?","$","R","E","M","T","E","R","?","R","?","R","BOSS","M","M","?","?","M","R","E","M","T","R","?","M","?","?","R","BOSS"],"build_version":"2019-01-23","purchased_purges":1,"victory":false,"max_hp_per_floor":[75,75,75,75,75,75,75,75,75,75,75,75,75,75,75,75,75,75,75,75,75,75,75,75,75,75,75,75,75,75,75,75,75],"card_choices":[{"not_picked":["Sever Soul","Shrug It Off"],"picked":"Pummel","floor":1},{"not_picked":["Uppercut","True Grit"],"picked":"Inflame","floor":3},{"not_picked":["True Grit","Hemokinesis"],"picked":"Heavy Blade","floor":7},{"not_picked":["Rage","Iron Wave","Body Slam"],"picked":"SKIP","floor":8},{"not_picked":["True Grit","Power Through"],"picked":"Sword Boomerang","floor":10},{"not_picked":["Thunderclap","Combust"],"picked":"Sword Boomerang","floor":14},{"not_picked":["Bludgeon","Feed"],"picked":"Limit Break","floor":16},{"not_picked":["Sever Soul","Clash+1"],"picked":"Pommel Strike","floor":18},{"not_picked":["Entrench","Sever Soul"],"picked":"Power Through","floor":19},{"not_picked":["Fire Breathing","Anger+1","Warcry"],"picked":"SKIP","floor":21},{"not_picked":["Sentinel","Heavy Blade","Entrench"],"picked":"SKIP","floor":22},{"not_picked":["Sword Boomerang","Flex"],"picked":"Whirlwind","floor":24},{"not_picked":["Entrench","Perfected Strike"],"picked":"Whirlwind+1","floor":25},{"not_picked":["Armaments","Intimidate","Heavy Blade"],"picked":"SKIP","floor":29},{"not_picked":["Pummel","Armaments"],"picked":"Clothesline","floor":31}],"player_experience":366979,"relics_obtained":[{"floor":7,"key":"Mercury Hourglass"},{"floor":9,"key":"Anchor"},{"floor":10,"key":"Bottled Flame"},{"floor":20,"key":"Bronze Scales"},{"floor":24,"key":"Lantern"},{"floor":24,"key":"Oddly Smooth Stone"},{"floor":26,"key":"Art of War"},{"floor":31,"key":"Red Mask"}],"event_choices":[{"cards_removed":["Normality"],"damage_healed":0,"gold_gain":0,"player_choice":"Card Removal","damage_taken":0,"max_hp_gain":0,"max_hp_loss":0,"event_name":"The Cleric","floor":2,"gold_loss":75},{"damage_healed":0,"gold_gain":75,"player_choice":"Gather Gold","damage_taken":11,"max_hp_gain":0,"max_hp_loss":0,"event_name":"World of Goop","floor":4,"gold_loss":0},{"cards_removed":["Strike_R"],"damage_healed":0,"gold_gain":0,"player_choice":"Purged","damage_taken":0,"max_hp_gain":0,"max_hp_loss":0,"event_name":"Purifier","floor":12,"gold_loss":0},{"damage_healed":0,"gold_gain":0,"player_choice":"Inject Mutagens","damage_taken":0,"relics_obtained":["MutagenicStrength"],"max_hp_gain":0,"max_hp_loss":0,"event_name":"Drug Dealer","floor":28,"gold_loss":0},{"damage_healed":0,"gold_gain":0,"player_choice":"Obtained Relic","damage_taken":0,"relics_obtained":["Orichalcum"],"max_hp_gain":0,"max_hp_loss":0,"event_name":"Addict","floor":30,"gold_loss":85},{"damage_healed":0,"gold_gain":0,"player_choice":"Fought Bandits","damage_taken":0,"max_hp_gain":0,"max_hp_loss":0,"event_name":"Masked Bandits","floor":31,"gold_loss":0}],"is_beta":false,"boss_relics":[{"not_picked":["Eternal Feather","Calling Bell"],"picked":"Black Star"}],"items_purged_floors":[5],"is_endless":false,"potions_floor_spawned":[1,3,10,18,19,25],"killed_by":"Collector","ascension_level":18}