{"gold_per_floor":[109,120,131,53,64,8,34,34,58,73,73,88,144,176,176,250,250,262,262,280,205,41,41,69,69],"floor_reached":25,"playtime":723,"items_purged":["Defend_G"],"score":416,"play_id":"c81629b5-63a3-413e-a927-9b94fdda029d","local_time":"20190105224517","is_ascension_mode":true,"campfire_choices":[{"data":"Footwork","floor":8,"key":"SMITH"},{"floor":15,"key":"REST"},{"data":"Noxious Fumes","floor":23,"key":"SMITH"}],"neow_cost":"NONE","seed_source_timestamp":1365394875732289,"circlet_count":0,"master_deck":["AscendersBane","Defend_G","Defend_G+1","Defend_G","Strike_G","Strike_G","Strike_G+1","Survivor","Neutralize+1","Flying Knee","Poisoned Stab","Dodge and Roll","Footwork+1","Dagger Spray","Glass Knife","Noxious Fumes","Deflect","Endless Agony","Corpse Explosion","Deadly Poison+1","Glass Knife","Noxious Fumes+1","Footwork"],"relics":["Ring of the Snake","NeowsBlessing","Whetstone","Bag of Marbles","Pear","Ancient Tea Set","Oddly Smooth Stone","Empty Cage","War Paint"],"potions_floor_usage":[7,10,12,18,24,25],"damage_taken":[{"damage":0,"enemies":"Cultist","floor":1,"turns":1},{"damage":0,"enemies":"2 Louse","floor":2,"turns":1},{"damage":0,"enemies":"Jaw Worm","floor":3,"turns":1},{"damage":2,"enemies":"Red Slaver","floor":5,"turns":5},{"damage":18,"enemies":"3 Sentries","floor":7,"turns":7},{"damage":0,"enemies":"3 Louse","floor":10,"turns":4},{"damage":2,"enemies":"Exordium Wildlife","floor":12,"turns":4},{"damage":11,"enemies":"3 Sentries","floor":13,"turns":7},{"damage":21,"enemies":"Gremlin Nob","floor":14,"turns":4},{"damage":32,"enemies":"Slime Boss","floor":16,"turns":12},{"damage":6,"enemies":"3 Byrds","floor":18,"turns":2},{"damage":17,"enemies":"Shell Parasite","floor":20,"turns":6},{"damage":23,"enemies":"Slavers","floor":24,"turns":3},{"damage":24,"enemies":"Snake Plant","floor":25,"turns":3}],"seed_played":"7981703254278070986","potions_obtained":[{"floor":5,"key":"SpeedPotion"},{"floor":10,"key":"SkillPotion"},{"floor":12,"key":"Regen Potion"},{"floor":14,"key":"Strength Potion"},{"floor":16,"key":"Fruit Juice"},{"floor":20,"key":"FearPotion"}],"is_trial":false,"path_per_floor":["M","M","M","$","M","$","E","R","T","M","T","M","?","E","R","B",null,"M","?","M","?","$","R","E","M"],"character_chosen":"THE_SILENT","items_purchased":["Footwork","PowerPotion","Noxious Fumes"],"campfire_rested":1,"item_purchase_floors":[4,6,22],"current_hp_per_floor":[59,59,59,59,57,57,39,39,39,39,49,47,36,15,37,5,58,57,57,40,40,40,40,17,0],"gold":69,"neow_bonus":"THREE_ENEMY_KILL","is_prod":false,"is_daily":false,"chose_seed":false,"campfire_upgraded":2,"win_rate":0,"timestamp":1546757117,"path_taken":["M","?","M","$","M","$","E","R","T","M","?","?","?","E","R","BOSS","M","?","?","?","?","R","E","?"],"build_version":"2019-01-03v4","purchased_purges":1,"victory":false,"max_hp_per_floor":[66,66,66,66,66,66,66,66,66,66,76,76,76,76,76,76,76,81,81,81,81,81,81,81,81],"card_choices":[{"not_picked":["Dodge and Roll","Catalyst"],"picked":"Flying Knee","floor":1},{"not_picked":["Backflip","Blur"],"picked":"Poisoned Stab","floor":2},{"not_picked":["Quick Slash","Flying Knee"],"picked":"Dodge and Roll","floor":3},{"not_picked":["Underhanded Strike","Caltrops"],"picked":"Dagger Spray","floor":5},{"not_picked":["Dagger Throw","Sucker Punch","Underhanded Strike"],"picked":"SKIP","floor":7},{"not_picked":["Slice","Quick Slash"],"picked":"Glass Knife","floor":10},{"not_picked":["Prepared","Dash"],"picked":"Noxious Fumes","floor":12},{"not_picked":["Finisher","Acrobatics"],"picked":"Deflect","floor":13},{"not_picked":["Grand Finale","All Out Attack"],"picked":"Endless Agony","floor":14},{"not_picked":["Bullet Time","Burst"],"picked":"Corpse Explosion","floor":16},{"not_picked":["Flying Knee","Blade Dance"],"picked":"Deadly Poison","floor":18},{"not_picked":["Underhanded Strike","Skewer","Sucker Punch"],"picked":"SKIP","floor":20},{"not_picked":["Masterful Stab","Sucker Punch"],"picked":"Footwork","floor":24}],"player_experience":1057744,"relics_obtained":[{"floor":7,"key":"Whetstone"},{"floor":9,"key":"Bag of Marbles"},{"floor":11,"key":"Pear"},{"floor":14,"key":"Oddly Smooth Stone"},{"floor":24,"key":"War Paint"}],"event_choices":[{"damage_healed":0,"gold_gain":0,"player_choice":"Searched \u00272\u0027 times","damage_taken":0,"relics_obtained":["Ancient Tea Set"],"max_hp_gain":0,"max_hp_loss":0,"event_name":"Dead Adventurer","floor":13,"gold_loss":0},{"damage_healed":0,"gold_gain":0,"player_choice":"Copied","damage_taken":0,"max_hp_gain":0,"max_hp_loss":0,"event_name":"Duplicator","floor":19,"gold_loss":0,"cards_obtained":["Glass Knife"]},{"cards_removed":["Strike_G"],"damage_healed":0,"gold_gain":0,"player_choice":"Gave Gold","damage_taken":0,"max_hp_gain":0,"max_hp_loss":0,"event_name":"Beggar","floor":21,"gold_loss":75}],"is_beta":false,"boss_relics":[{"not_picked":["Eternal Feather","Velvet Choker"],"picked":"Empty Cage"}],"items_purged_floors":[22],"is_endless":false,"potions_floor_spawned":[5,10,12,14,16,20],"killed_by":"Snake Plant","ascension_level":16}