{"gold_per_floor":[123,146,158,170,201,213,255,267,279,321,333,345,370,394,406,418],"floor_reached":16,"playtime":379,"items_purged":[],"score":193,"play_id":"0aa3ba52-f67b-4072-9817-b26d94afc588","local_time":"20181206134324","is_ascension_mode":true,"campfire_choices":[{"data":"Terror","floor":6,"key":"SMITH"},{"floor":11,"key":"REST"},{"data":"Footwork","floor":15,"key":"SMITH"}],"neow_cost":"NONE","seed_source_timestamp":80317894717184,"circlet_count":0,"master_deck":["AscendersBane","Defend_G","Defend_G","Defend_G","Defend_G","Defend_G","Strike_G","Strike_G","Strike_G","Strike_G","Survivor","Neutralize","Choke","Dash","Terror+1","Endless Agony","Grand Finale","Footwork+1","Escape Plan"],"relics":["Ring of the Snake","MawBank","Du-Vu Doll","Shuriken","Blood Vial"],"potions_floor_usage":[7,16],"damage_taken":[{"damage":3,"enemies":"Cultist","floor":1,"turns":4},{"damage":3,"enemies":"Jaw Worm","floor":2,"turns":7},{"damage":0,"enemies":"2 Louse","floor":5,"turns":3},{"damage":29,"enemies":"Gremlin Nob","floor":7,"turns":5},{"damage":7,"enemies":"Lagavulin","floor":10,"turns":4},{"damage":1,"enemies":"Looter","floor":13,"turns":2},{"damage":0,"enemies":"Red Slaver","floor":14,"turns":3},{"damage":49,"enemies":"Hexaghost","floor":16,"turns":10}],"seed_played":"3264187369392806354","potions_obtained":[{"floor":2,"key":"SpeedPotion"},{"floor":10,"key":"Explosive Potion"},{"floor":13,"key":"SkillPotion"}],"is_trial":false,"path_per_floor":["M","M","$","?","M","R","E","$","T","E","R","?","M","M","R","B"],"character_chosen":"THE_SILENT","items_purchased":[],"campfire_rested":1,"item_purchase_floors":[],"current_hp_per_floor":[56,53,53,53,53,53,24,24,24,17,36,41,42,44,44,0],"gold":418,"neow_bonus":"RANDOM_COMMON_RELIC","is_prod":false,"is_daily":false,"chose_seed":false,"campfire_upgraded":2,"win_rate":0,"timestamp":1544132604,"path_taken":["M","?","$","?","?","R","E","$","T","E","R","?","M","M","R","BOSS"],"build_version":"2018-11-15","purchased_purges":0,"victory":false,"max_hp_per_floor":[66,66,66,66,66,66,66,66,66,66,66,71,71,71,71,71],"card_choices":[{"not_picked":["Deflect","Skewer"],"picked":"Choke","floor":1},{"not_picked":["Slice","PiercingWail"],"picked":"Dash","floor":2},{"not_picked":["Leg Sweep","Reflex"],"picked":"Terror","floor":5},{"not_picked":["Poisoned Stab","Choke"],"picked":"Endless Agony","floor":7},{"not_picked":["PiercingWail","Bouncing Flask"],"picked":"Grand Finale","floor":10},{"not_picked":["Underhanded Strike","Cloak And Dagger"],"picked":"Footwork","floor":13},{"not_picked":["Backstab","Footwork"],"picked":"Escape Plan","floor":14}],"player_experience":992784,"relics_obtained":[{"floor":7,"key":"Du-Vu Doll"},{"floor":9,"key":"Shuriken"},{"floor":10,"key":"Blood Vial"}],"event_choices":[{"cards_removed":["Strike_G"],"damage_healed":0,"gold_gain":0,"player_choice":"Card Removal","damage_taken":0,"max_hp_gain":0,"max_hp_loss":0,"event_name":"Wheel of Change","floor":4,"gold_loss":0},{"damage_healed":0,"gold_gain":0,"player_choice":"Donut","damage_taken":0,"max_hp_gain":5,"max_hp_loss":0,"event_name":"Big Fish","floor":12,"gold_loss":0}],"is_beta":false,"boss_relics":[],"items_purged_floors":[],"is_endless":false,"potions_floor_spawned":[2,10,13,14],"killed_by":"Hexaghost","ascension_level":15}