{"gold_per_floor":[141,183,216,291,291,291,390,420,420,459,485,485,566,566,566,866,866,908,337,337,337,370,457,469,517,609,621,678,690,762,816,828,840],"floor_reached":33,"playtime":967,"items_purged":[],"score":627,"play_id":"cfd3f2d8-bb5b-4ae3-a3f1-f41ec02ed04f","local_time":"20181010162022","daily_mods":["Cursed Run","Hoarder","Midas"],"is_ascension_mode":false,"campfire_choices":[{"floor":6,"key":"REST"},{"floor":12,"key":"REST"},{"floor":15,"key":"REST"},{"floor":24,"key":"REST"},{"floor":27,"key":"REST"},{"floor":32,"key":"REST"}],"neow_cost":"","seed_source_timestamp":0,"circlet_count":0,"master_deck":["Defend_B","Defend_B","Defend_B","Defend_B","Zap","Dualcast","Ball Lightning","Ball Lightning","Doom and Gloom","Doom and Gloom","Doom and Gloom","Storm","Storm","Storm","Parasite","Parasite","Parasite","Shame","Shame","Shame","Heatsinks","Heatsinks","Heatsinks","Biased Cognition","Biased Cognition","Biased Cognition","Regret","Regret","Regret","Clumsy","Clumsy","Clumsy","Echo Form","Echo Form","Echo Form","Static Discharge+1","Static Discharge+1","Static Discharge+1","Heatsinks","Heatsinks","Heatsinks","Ghostly","Ghostly","Ghostly","Ghostly","Ghostly","Ghostly","Ghostly","Ghostly","Ghostly","Ghostly","Ghostly","Ghostly","Ghostly","Ghostly","Ghostly","Clumsy","Clumsy","Clumsy","Static Discharge+1","Static Discharge+1","Static Discharge+1","Bite","Bite","Bite","Bite","Bite","Bite","Bite","Bite","Bite","Bite","Bite","Bite","Bite","Bite","Bite","Creative AI","Creative AI","Creative AI"],"relics":["Cursed Key","Darkstone Periapt","Du-Vu Doll","PreservedInsect","Blue Candle","Dream Catcher","Ginger","Symbiotic Virus","Empty Cage","Runic Capacitor","Centennial Puzzle","Ancient Tea Set","MawBank","Bottled Tornado"],"potions_floor_usage":[23,25,25],"damage_taken":[{"damage":2,"enemies":"2 Louse","floor":1,"turns":3},{"damage":2,"enemies":"Jaw Worm","floor":2,"turns":3},{"damage":0,"enemies":"Small Slimes","floor":3,"turns":2},{"damage":22,"enemies":"3 Sentries","floor":7,"turns":4},{"damage":9,"enemies":"Blue Slaver","floor":8,"turns":3},{"damage":2,"enemies":"Large Slime","floor":10,"turns":3},{"damage":15,"enemies":"Lagavulin","floor":13,"turns":3},{"damage":5,"enemies":"Slime Boss","floor":16,"turns":3},{"damage":36,"enemies":"2 Thieves","floor":18,"turns":3},{"damage":15,"enemies":"Chosen","floor":22,"turns":6},{"damage":20,"enemies":"Slavers","floor":23,"turns":6},{"damage":22,"enemies":"Centurion and Healer","floor":25,"turns":4},{"damage":4,"enemies":"3 Cultists","floor":28,"turns":3},{"damage":10,"enemies":"Snake Plant","floor":30,"turns":3},{"damage":12,"enemies":"Cultist and Chosen","floor":31,"turns":5},{"damage":20,"enemies":"Collector","floor":33,"turns":7}],"seed_played":"-3582577761633864870","potions_obtained":[{"floor":3,"key":"PowerPotion"},{"floor":8,"key":"AttackPotion"},{"floor":16,"key":"Explosive Potion"},{"floor":28,"key":"SmokeBomb"}],"is_trial":true,"path_per_floor":["M","M","M","?","?","R","E","M","T","M","T","R","E","?","R","B",null,"M","$","?","?","M","E","R","M","T","R","M","?","M","M","R"],"character_chosen":"DEFECT","items_purchased":["Heatsinks","Runic Capacitor","Centennial Puzzle","Ancient Tea Set"],"campfire_rested":6,"item_purchase_floors":[19,19,19,19],"current_hp_per_floor":[73,71,71,60,60,75,53,44,50,48,54,80,65,71,93,94,99,63,63,43,43,28,8,23,1,7,24,20,20,12,2,14,0],"gold":840,"neow_bonus":"","is_prod":false,"is_daily":false,"chose_seed":false,"campfire_upgraded":0,"win_rate":0,"timestamp":1539202822,"path_taken":["M","M","M","?","?","R","E","M","T","M","?","R","E","?","R","BOSS","M","$","?","?","M","E","R","M","T","R","M","?","M","M","R","BOSS"],"build_version":"2018-10-04v2","purchased_purges":0,"victory":false,"max_hp_per_floor":[75,75,75,75,75,75,75,75,81,81,87,87,87,93,93,99,99,99,99,104,52,52,52,52,52,58,58,58,40,40,40,40,40],"card_choices":[{"not_picked":["Turbo","Sweeping Beam"],"picked":"Ball Lightning","floor":1},{"not_picked":["Consume","Turbo"],"picked":"Doom and Gloom","floor":2},{"not_picked":["Chaos","Hologram"],"picked":"Storm","floor":3},{"not_picked":["Coolheaded","Leap","Hologram"],"picked":"SKIP","floor":7},{"not_picked":["Coolheaded","Conserve Battery","Turbo"],"picked":"SKIP","floor":8},{"not_picked":["Turbo","Seek","Stack"],"picked":"SKIP","floor":10},{"not_picked":["Steam","Melter"],"picked":"Heatsinks","floor":12},{"not_picked":["Force Field","Hologram"],"picked":"Biased Cognition","floor":13},{"not_picked":["Seek","Hyperbeam"],"picked":"Echo Form","floor":16},{"not_picked":["Leap","Compile Driver"],"picked":"Static Discharge+1","floor":18},{"not_picked":["Redo","Go for the Eyes","Compile Driver"],"picked":"SKIP","floor":22},{"not_picked":["Undo","Hologram","Rebound+1"],"picked":"SKIP","floor":23},{"not_picked":["Rebound","Auto Shields","Redo+1"],"picked":"SKIP","floor":25},{"not_picked":["FTL","Storm"],"picked":"Static Discharge+1","floor":27},{"not_picked":["Gash+1","Streamline","Leap"],"picked":"SKIP","floor":28},{"not_picked":["Scrape","Force Field","Compile Driver+1"],"picked":"SKIP","floor":30},{"not_picked":["Auto Shields","Cold Snap+1"],"picked":"Creative AI","floor":31}],"player_experience":213856,"relics_obtained":[{"floor":7,"key":"PreservedInsect"},{"floor":9,"key":"Blue Candle"},{"floor":11,"key":"Dream Catcher"},{"floor":13,"key":"Ginger"},{"floor":23,"key":"MawBank"},{"floor":26,"key":"Bottled Tornado"}],"event_choices":[{"event_name":"World of Goop","player_choice":"Gather Gold","floor":4,"damage_taken":0},{"event_name":"Living Wall","player_choice":"Forget","floor":5,"damage_taken":0},{"event_name":"Big Fish","player_choice":"Box","floor":14,"damage_taken":0},{"event_name":"Forgotten Altar","player_choice":"Shed Blood","floor":20,"damage_taken":0},{"event_name":"Ghosts","player_choice":"Became a Ghost","floor":21,"damage_taken":0},{"event_name":"Vampires","player_choice":"Became a vampire","floor":29,"damage_taken":0}],"is_beta":false,"boss_relics":[{"not_picked":["Lizard Tail","Ectoplasm"],"picked":"Empty Cage"}],"items_purged_floors":[],"is_endless":false,"potions_floor_spawned":[3,8,16,18,28],"killed_by":"Collector","ascension_level":0}