{"gold_per_floor":[109,109,123,138,138,138,166,166,166,8,40,50,50,60,60,60],"floor_reached":16,"playtime":467,"items_purged":[],"score":220,"play_id":"8d160b7b-aedc-4b29-8ebf-695c765ec1eb","local_time":"20190403181239","is_ascension_mode":true,"campfire_choices":[{"data":"Neutralize","floor":6,"key":"SMITH"},{"data":"Deadly Poison","floor":8,"key":"SMITH"},{"floor":15,"key":"REST"}],"neow_cost":"NONE","seed_source_timestamp":951471056837993,"circlet_count":0,"master_deck":["AscendersBane","Defend_G","Defend_G","Defend_G+1","Defend_G+1","Defend_G","Strike_G","Strike_G","Strike_G","Strike_G","Survivor","Neutralize+1","Dagger Spray+1","Deadly Poison+1","Night Terror","Dash","Backflip","Backflip"],"relics":["Ring of the Snake","NeowsBlessing","Prayer Wheel","Bottled Lightning","Regal Pillow","War Paint"],"potions_floor_usage":[7,16,16],"damage_taken":[{"damage":0,"enemies":"Jaw Worm","floor":1,"turns":1},{"damage":0,"enemies":"Cultist","floor":3,"turns":1},{"damage":0,"enemies":"Small Slimes","floor":4,"turns":1},{"damage":22,"enemies":"3 Sentries","floor":7,"turns":7},{"damage":25,"enemies":"Lagavulin","floor":11,"turns":7},{"damage":1,"enemies":"2 Fungi Beasts","floor":12,"turns":3},{"damage":7,"enemies":"Exordium Wildlife","floor":14,"turns":6},{"damage":53,"enemies":"Slime Boss","floor":16,"turns":6}],"seed_played":"-6788034799700061935","potions_obtained":[{"floor":1,"key":"Swift Potion"},{"floor":11,"key":"Explosive Potion"},{"floor":12,"key":"Poison Potion"}],"is_trial":false,"path_per_floor":["M","?","M","M","?","R","E","R","T","$","E","M","?","M","R","B"],"character_chosen":"THE_SILENT","items_purchased":["Regal Pillow"],"campfire_rested":1,"item_purchase_floors":[10],"current_hp_per_floor":[59,59,59,59,59,59,37,37,37,37,12,11,11,4,38,0],"gold":60,"neow_bonus":"THREE_ENEMY_KILL","is_prod":false,"is_daily":false,"chose_seed":false,"campfire_upgraded":2,"win_rate":0,"timestamp":1554336759,"path_taken":["M","?","M","?","?","R","E","R","T","$","E","M","?","?","R","BOSS"],"build_version":"2019-03-15","purchased_purges":0,"victory":false,"max_hp_per_floor":[66,66,66,66,66,66,66,66,66,66,66,66,66,66,66,66],"card_choices":[{"not_picked":["Expertise","Finisher","Acrobatics"],"picked":"SKIP","floor":1},{"not_picked":["Flying Knee","Dagger Throw"],"picked":"Dagger Spray","floor":3},{"not_picked":["Blade Dance","Acrobatics","Flying Knee"],"picked":"SKIP","floor":4},{"not_picked":["Quick Slash","Predator"],"picked":"Deadly Poison","floor":7},{"not_picked":["Sucker Punch","Flying Knee"],"picked":"Night Terror","floor":11},{"not_picked":["Dodge and Roll","Concentrate"],"picked":"Dash","floor":12},{"not_picked":["Blade Dance","Prepared"],"picked":"Backflip","floor":12},{"not_picked":["Underhanded Strike","Endless Agony"],"picked":"Backflip","floor":14},{"not_picked":["Terror","Reflex","Backflip"],"picked":"SKIP","floor":14}],"player_experience":2738839,"relics_obtained":[{"floor":7,"key":"Prayer Wheel"},{"floor":9,"key":"Bottled Lightning"},{"floor":11,"key":"War Paint"}],"event_choices":[{"cards_removed":["Strike_G"],"damage_healed":0,"gold_gain":0,"player_choice":"Offered Basic","damage_taken":0,"max_hp_gain":0,"max_hp_loss":0,"event_name":"Bonfire Elementals","floor":2,"gold_loss":0},{"damage_healed":0,"gold_gain":0,"player_choice":"Grow","damage_taken":0,"max_hp_gain":0,"max_hp_loss":0,"event_name":"Living Wall","floor":5,"gold_loss":0,"cards_upgraded":["Dagger Spray"]},{"damage_healed":0,"gold_gain":0,"player_choice":"Ignored","damage_taken":0,"max_hp_gain":0,"max_hp_loss":0,"event_name":"Shining Light","floor":13,"gold_loss":0}],"is_beta":true,"boss_relics":[],"items_purged_floors":[],"is_endless":false,"potions_floor_spawned":[1,11,12],"killed_by":"Slime Boss","ascension_level":20}