{"path_per_floor":["M","M","$","?","M","E","R","$","T","R","M","E","$","M","R","B",null,"M","?","M","?","M","R"],"character_chosen":"THE_SILENT","items_purchased":["Escape Plan","Heel Hook","All Out Attack","Deflect"],"gold_per_floor":[119,137,23,23,46,77,77,40,40,40,64,102,4,29,29,148,148,172,172,196,196,214,214],"floor_reached":24,"campfire_rested":1,"playtime":1400,"current_hp_per_floor":[69,65,65,65,60,43,43,43,43,43,43,21,21,11,30,26,65,53,53,41,41,18,18],"items_purged":["Strike_G"],"gold":214,"score":247,"play_id":"1d3cd29d-51d9-400c-b627-258c0b190f7e","is_prod":false,"is_daily":false,"is_ascension_mode":true,"campfire_upgraded":1,"path_taken":["M","?","$","?","M","E","R","?","T","R","?","E","?","M","R","BOSS","M","?","M","?","?","R","M"],"build_version":"2018-02-15-PROD1","purchased_purges":1,"victory":false,"master_deck":["Defend_G","Defend_G","Defend_G","Defend_G","Strike_G","Strike_G","Survivor","Neutralize","Tools of the Trade","Dagger Throw","Caltrops+1","Escape Plan","Heel Hook","Deflect","Escape Plan","All Out Attack","After Image","Poisoned Stab","Deflect","Deflect","Leg Sweep","Tactician","Underhanded Strike+1","Storm of Steel+1","Tools of the Trade+1","Prepared+1","Slice","Swift Strike","Dodge and Roll","Malaise+1"],"max_hp_per_floor":[70,70,70,65,65,65,65,65,65,65,65,65,65,65,65,65,65,65,65,65,65,65,65],"relics":["Ring of the Snake","Golden Idol","Prayer Wheel","Shovel","Orichalcum","Shuriken","Astrolabe","Matryoshka"],"card_choices":[{"not_picked":["Predator","Dodge and Roll"],"picked":"Dagger Throw"},{"not_picked":["PiercingWail","Footwork"],"picked":"Caltrops"},{"not_picked":["Sucker Punch","Dagger Spray"],"picked":"Deflect"},{"not_picked":["Catalyst","All Out Attack"],"picked":"Escape Plan"},{"not_picked":["Flechettes","Underhanded Strike"],"picked":"After Image"},{"not_picked":["PiercingWail","Reflex"],"picked":"Poisoned Stab"},{"not_picked":["Dagger Throw","Bane"],"picked":"Deflect"},{"not_picked":["Predator","Dagger Throw"],"picked":"Leg Sweep"},{"not_picked":["Unload","Tools of the Trade"],"picked":"Tactician"},{"not_picked":["All Out Attack","Noxious Fumes"],"picked":"Prepared"},{"not_picked":["Cloak And Dagger","Setup"],"picked":"Slice"},{"not_picked":["Calculated Gamble","Flying Knee"],"picked":"Malaise"}],"player_experience":175651,"potions_floor_usage":[6,14,16,18,24,24],"damage_taken":[{"damage":1,"enemies":"Cultist","floor":1,"turns":4},{"damage":4,"enemies":"Small Slimes","floor":2,"turns":4},{"damage":5,"enemies":"Jaw Worm","floor":5,"turns":5},{"damage":17,"enemies":"3 Sentries","floor":6,"turns":9},{"damage":0,"enemies":"2 Fungi Beasts","floor":11,"turns":3},{"damage":22,"enemies":"Lagavulin","floor":12,"turns":8},{"damage":10,"enemies":"Exordium Thugs","floor":14,"turns":4},{"damage":4,"enemies":"The Guardian","floor":16,"turns":11},{"damage":12,"enemies":"Shell Parasite","floor":18,"turns":6},{"damage":12,"enemies":"3 Byrds","floor":20,"turns":4},{"damage":23,"enemies":"Sentry and Sphere","floor":22,"turns":8},{"damage":41,"enemies":"Cultist and Chosen","floor":24,"turns":9}],"event_choices":[{"event_name":"Golden Idol","player_choice":"Lose Max HP","floor":4,"damage_taken":0},{"event_name":"Vampires","player_choice":"Ignored","floor":19,"damage_taken":0},{"event_name":"Match and Keep!","player_choice":"2 cards matched","floor":21,"damage_taken":0}],"boss_relics":[{"not_picked":["Philosopher\u0027s Stone","Pandora\u0027s Box"],"picked":"Astrolabe"}],"potions_floor_spawned":[5,11,12,14,16,22],"seed_played":"2467285149150977611","killed_by":"Cultist and Chosen","ascension_level":4,"is_trial":false}