{"path_per_floor":["M","?","?","T","?","R","E","R","T","$","M","E","R","M","R","B",null,"M","M","M","$","M"],"character_chosen":"THE_SILENT","items_purchased":["Molten Egg 2","Dagger Spray","A Thousand Cuts"],"gold_per_floor":[111,111,211,211,176,176,203,203,287,2,18,48,48,58,58,156,156,166,177,195,121,134],"floor_reached":23,"campfire_rested":0,"playtime":674,"current_hp_per_floor":[63,63,63,63,70,70,65,65,65,65,65,57,57,57,57,50,65,64,52,44,44,19],"items_purged":[],"gold":134,"score":259,"play_id":"ec08604b-99a6-448b-8733-e881de633930","is_prod":false,"is_daily":false,"is_ascension_mode":true,"campfire_upgraded":4,"path_taken":["M","?","?","?","?","R","E","R","T","?","?","E","R","M","R","BOSS","M","M","?","?","?","E"],"build_version":"2018-02-22-PROD2","purchased_purges":0,"victory":false,"master_deck":["Defend_G","Defend_G","Defend_G","Defend_G","Defend_G","Strike_G","Strike_G","Strike_G","Strike_G","Strike_G","Survivor+1","Neutralize","Sucker Punch+1","After Image+1","Deflect+1","Cloak And Dagger+1","Dagger Throw","Deflect","Prepared","Dagger Spray+1","Endless Agony+1","Backstab+1","Poisoned Stab+1","Die Die Die+1","Noxious Fumes","Cloak And Dagger","Infinite Blades+1","A Thousand Cuts","Adrenaline"],"max_hp_per_floor":[70,70,70,70,70,70,70,70,70,70,70,70,70,70,70,70,70,70,70,70,70,70],"relics":["Orrery","Torii","Omamori","Tiny Chest","Molten Egg 2","Happy Flower","Black Star"],"card_choices":[{"not_picked":["Dodge and Roll","Bane"],"picked":"Sucker Punch"},{"not_picked":["Flying Knee","Riddle With Holes"],"picked":"After Image"},{"not_picked":["Heel Hook","Prepared"],"picked":"Deflect"},{"not_picked":["Skewer","Quick Slash"],"picked":"Cloak And Dagger"},{"not_picked":["Dodge and Roll","Concentrate"],"picked":"Dagger Throw"},{"not_picked":["Catalyst","Outmaneuver"],"picked":"Deflect"},{"not_picked":["Bane","Cloak And Dagger"],"picked":"Prepared"},{"not_picked":["Deadly Poison","Cloak And Dagger"],"picked":"Endless Agony"},{"not_picked":["Corpse Explosion","Prepared"],"picked":"Backstab"},{"not_picked":["Footwork","Sucker Punch"],"picked":"Poisoned Stab"},{"not_picked":["Night Terror","Phantasmal Killer"],"picked":"Die Die Die"},{"not_picked":["Deadly Poison","Slice"],"picked":"Noxious Fumes"},{"not_picked":["Acrobatics","Leg Sweep"],"picked":"Cloak And Dagger"},{"not_picked":["Crippling Poison","Dagger Throw"],"picked":"Infinite Blades"},{"not_picked":["Distraction","Backflip"],"picked":"Adrenaline"}],"player_experience":210788,"potions_floor_usage":[12,16,20],"damage_taken":[{"damage":0,"enemies":"2 Louse","floor":1,"turns":3},{"damage":5,"enemies":"Lagavulin","floor":7,"turns":12},{"damage":0,"enemies":"Cultist","floor":11,"turns":3},{"damage":8,"enemies":"Gremlin Nob","floor":12,"turns":4},{"damage":0,"enemies":"Small Slimes","floor":14,"turns":3},{"damage":7,"enemies":"Hexaghost","floor":16,"turns":9},{"damage":1,"enemies":"Chosen","floor":18,"turns":4},{"damage":12,"enemies":"Spheric Guardian","floor":19,"turns":4},{"damage":8,"enemies":"Centurion and Healer","floor":20,"turns":5},{"damage":25,"enemies":"Snecko","floor":22,"turns":6},{"damage":21,"enemies":"Book of Stabbing","floor":23,"turns":6}],"event_choices":[{"event_name":"Upgrade Shrine","player_choice":"Upgraded","floor":2,"damage_taken":0},{"event_name":"Wheel of Change","player_choice":"Gold","floor":3,"damage_taken":0},{"event_name":"The Cleric","player_choice":"Healed","floor":5,"damage_taken":0}],"boss_relics":[{"not_picked":["Lizard Tail","Pandora\u0027s Box"],"picked":"Black Star"}],"potions_floor_spawned":[11,14,18,19],"seed_played":"-4095859100170453946","killed_by":"Book of Stabbing","ascension_level":6,"is_trial":false}