{"gold_per_floor":[361,373,548,578,202,202,232,252,252,252,287,287,305,323,323,423,423,440,458,55,74,91,91,103,134,183,183,194,219,237,255,255,350,350,367,380,427,427,427,461,476,510,536,536,561,579,579,60,60,60],"floor_reached":51,"playtime":5377,"items_purged":["Doubt","Strike_R","Pain"],"score":915,"play_id":"9e3f4440-0588-4c9e-81c5-03b4da068056","local_time":"20190404080519","is_ascension_mode":true,"campfire_choices":[{"data":"Bash","floor":6.0,"key":"SMITH"},{"floor":10.0,"key":"REST"},{"data":"Body Slam","floor":12.0,"key":"SMITH"},{"data":"Inflame","floor":15.0,"key":"SMITH"},{"data":"Feed","floor":23,"key":"SMITH"},{"data":"Shockwave","floor":27,"key":"SMITH"},{"data":"Pommel Strike","floor":32,"key":"SMITH"},{"data":"Demon Form","floor":47,"key":"SMITH"},{"data":"Offering","floor":49,"key":"SMITH"}],"neow_cost":"PERCENT_DAMAGE","seed_source_timestamp":0,"circlet_count":0,"master_deck":["Strike_R","Strike_R","Strike_R","Strike_R","Defend_R","Defend_R","Defend_R","Defend_R","Bash+1","Headbutt","Twin Strike+1","Iron Wave+1","Battle Trance","Pommel Strike+1","Body Slam+1","Shockwave+1","Feed+1","Sword Boomerang+1","Clothesline","Whirlwind","True Grit+1","Exhume","Burning Pact","Clothesline+1","Impervious","Demon Form+1","Armaments","Shrug It Off+1","Dual Wield","Entrench+1","Normality","Doubt","Shrug It Off+1","Shrug It Off","Offering+1"],"special_seed":0,"relics":["Burning Blood","Tiny Chest","Question Card","Anchor","Gremlin Horn","Red Skull","Snecko Eye","Ancient Tea Set","Vajra","Mercury Hourglass","Smiling Mask","Whetstone","Cursed Key","Ice Cream","Blood Vial","Dream Catcher","Self Forming Clay","Juzu Bracelet","Bronze Scales","Happy Flower","Bag of Marbles"],"potions_floor_usage":[25,28,29,30,33,35,42,46,50],"damage_taken":[{"damage":5.0,"enemies":"Small Slimes","floor":1.0,"turns":4.0},{"damage":2.0,"enemies":"2 Louse","floor":2.0,"turns":2.0},{"damage":53.0,"enemies":"Lagavulin","floor":7.0,"turns":9.0},{"damage":1.0,"enemies":"Cultist","floor":8.0,"turns":3.0},{"damage":10.0,"enemies":"3 Sentries","floor":11.0,"turns":6.0},{"damage":3.0,"enemies":"Exordium Wildlife","floor":13.0,"turns":2.0},{"damage":0.0,"enemies":"2 Fungi Beasts","floor":14.0,"turns":2.0},{"damage":33.0,"enemies":"Hexaghost","floor":16.0,"turns":7.0},{"damage":0,"enemies":"Chosen","floor":18,"turns":2},{"damage":9,"enemies":"Shell Parasite","floor":19,"turns":4},{"damage":12,"enemies":"Snake Plant","floor":21,"turns":3},{"damage":38,"enemies":"Sentry and Sphere","floor":22,"turns":5},{"damage":6,"enemies":"Snecko","floor":24,"turns":4},{"damage":7,"enemies":"Gremlin Leader","floor":25,"turns":5},{"damage":14,"enemies":"Shelled Parasite and Fungi","floor":28,"turns":4},{"damage":9,"enemies":"Slavers","floor":29,"turns":5},{"damage":8,"enemies":"Snake Plant","floor":30,"turns":3},{"damage":4,"enemies":"Sentry and Sphere","floor":31,"turns":3},{"damage":15,"enemies":"Collector","floor":33,"turns":6},{"damage":9,"enemies":"Orb Walker","floor":35,"turns":3},{"damage":25,"enemies":"3 Shapes","floor":36,"turns":3},{"damage":18,"enemies":"2 Orb Walkers","floor":37,"turns":4},{"damage":20,"enemies":"Reptomancer","floor":40,"turns":4},{"damage":6,"enemies":"Transient","floor":41,"turns":5},{"damage":8,"enemies":"Nemesis","floor":42,"turns":5},{"damage":8,"enemies":"Spire Growth","floor":46,"turns":3},{"damage":15,"enemies":"Donu and Deca","floor":50,"turns":6}],"seed_played":"-4230290252109294365","potions_obtained":[{"floor":2.0,"key":"GamblersBrew"},{"floor":8.0,"key":"LiquidBronze"},{"floor":16.0,"key":"Fire Potion"},{"floor":18,"key":"SpeedPotion"},{"floor":24,"key":"SteroidPotion"},{"floor":25,"key":"AttackPotion"},{"floor":28,"key":"Poison Potion"},{"floor":29,"key":"Dexterity Potion"},{"floor":33,"key":"GamblersBrew"},{"floor":40,"key":"Poison Potion"},{"floor":41,"key":"Block Potion"},{"floor":42,"key":"Fire Potion"},{"floor":46,"key":"AttackPotion"}],"is_trial":false,"path_per_floor":["M","M","?","?","$","R","E","M","T","R","E","R","M","M","R","B",null,"M","M","$","M","M","R","M","E","T","R","M","E","M","M","R","B",null,"M","M","?","?","T","E","M","E","T","?","T","M","R","$","R","B",null],"character_chosen":"IRONCLAD","items_purchased":["Question Card","Iron Wave","Ancient Tea Set","Vajra","Happy Flower","Shrug It Off","Offering","Bag of Marbles"],"campfire_rested":1,"item_purchase_floors":[5,5,20,20,48,48,48,48],"current_hp_per_floor":[57,61,61,61,61,61,14,19,19,43,39,39,42,48,48,21,80,83,83,83,80,48,48,52,55,55,55,51,52,50,56,56,47,109,110,91,83,83,83,75,77,77,77,77,77,77,77,77,77,70],"gold":60,"neow_bonus":"TWO_FIFTY_GOLD","is_prod":false,"is_daily":false,"chose_seed":false,"campfire_upgraded":8,"win_rate":0,"timestamp":1554361519,"path_taken":["M","M","?","?","$","R","E","M","T","R","E","R","M","M","R","BOSS","M","M","$","M","M","R","M","E","T","R","M","E","?","M","R","BOSS","M","M","?","?","?","E","?","E","T","?","?","M","R","$","R","BOSS"],"build_version":"2019-01-23","purchased_purges":3,"victory":true,"max_hp_per_floor":[80,80,80,80,80,80,80,80,80,80,80,80,80,80,80,80,80,83,86,86,89,89,89,93,97,97,97,101,105,105,109,109,109,109,113,113,117,111,111,115,115,115,115,115,115,115,115,115,115,115],"card_choices":[{"not_picked":["Flex","Perfected Strike"],"picked":"Headbutt","floor":1.0},{"not_picked":["Flex","Combust"],"picked":"Twin Strike","floor":2.0},{"not_picked":["Rupture","Offering","Thunderclap"],"picked":"Battle Trance","floor":7.0},{"not_picked":["Fire Breathing","Pummel","Rupture"],"picked":"Pommel Strike","floor":8.0},{"not_picked":["Blood for Blood","Entrench","Flex"],"picked":"Body Slam","floor":11.0},{"not_picked":["Cleave","Pommel Strike","Infernal Blade"],"picked":"Shockwave","floor":13.0},{"not_picked":["Power Through","Uppercut","True Grit"],"picked":"Inflame","floor":14.0},{"not_picked":["Exhume","Dark Embrace","Bludgeon"],"picked":"Feed","floor":16.0},{"not_picked":["Flex+1","Headbutt","Clash+1"],"picked":"Sword Boomerang+1","floor":18},{"not_picked":["Intimidate","Havoc","Clash"],"picked":"Clothesline","floor":19},{"not_picked":["Feel No Pain+1","Infernal Blade+1","Pommel Strike+1"],"picked":"Whirlwind","floor":21},{"not_picked":["Shrug It Off","Havoc","Flex"],"picked":"True Grit+1","floor":22},{"not_picked":["Headbutt","Evolve","Clash","Whirlwind"],"picked":"SKIP","floor":24},{"not_picked":["Dark Embrace","Twin Strike+1","Flex"],"picked":"Exhume","floor":25},{"not_picked":["Cleave","Evolve","Thunderclap+1"],"picked":"Burning Pact","floor":28},{"not_picked":["Intimidate","Thunderclap","Dropkick"],"picked":"Clothesline+1","floor":29},{"not_picked":["Clothesline","Perfected Strike+1","Shockwave","Clash"],"picked":"SKIP","floor":30},{"not_picked":["Cleave","True Grit","Perfected Strike"],"picked":"Impervious","floor":31},{"not_picked":["Brutality","Reaper","Berserk"],"picked":"Demon Form","floor":33},{"not_picked":["Corruption","Headbutt+1","Sword Boomerang"],"picked":"Armaments","floor":35},{"not_picked":["Anger+1","True Grit","Hemokinesis","Rupture+1"],"picked":"SKIP","floor":36},{"not_picked":["Combust+1","Anger+1","Clothesline+1"],"picked":"Shrug It Off+1","floor":40},{"not_picked":["Havoc","Wild Strike+1","Sword Boomerang"],"picked":"Dual Wield","floor":41},{"not_picked":["Combust","Rage","Dropkick"],"picked":"Entrench+1","floor":42},{"not_picked":["Warcry+1","Perfected Strike+1","Sword Boomerang+1"],"picked":"Shrug It Off+1","floor":46}],"player_experience":898134,"relics_obtained":[{"floor":7.0,"key":"Anchor"},{"floor":9.0,"key":"Gremlin Horn"},{"floor":11.0,"key":"Red Skull"},{"floor":25,"key":"Mercury Hourglass"},{"floor":26,"key":"Smiling Mask"},{"floor":29,"key":"Whetstone"},{"floor":37,"key":"Ice Cream"},{"floor":39,"key":"Blood Vial"},{"floor":40,"key":"Dream Catcher"},{"floor":42,"key":"Self Forming Clay"},{"floor":43,"key":"Juzu Bracelet"},{"floor":45,"key":"Bronze Scales"}],"event_choices":[{"damage_healed":0.0,"max_hp_gain":0.0,"max_hp_loss":0.0,"gold_gain":175.0,"event_name":"Liars Game","player_choice":"AGREE","floor":3.0,"gold_loss":0.0,"damage_taken":0.0,"cards_obtained":["Doubt"]},{"damage_healed":0.0,"max_hp_gain":0.0,"max_hp_loss":0.0,"gold_gain":0.0,"event_name":"WeMeetAgain","player_choice":"Gave Potion","floor":4.0,"gold_loss":0.0,"damage_taken":0.0,"relics_obtained":["Tiny Chest"]},{"damage_healed":0,"gold_gain":0,"player_choice":"Fight","damage_taken":0,"max_hp_gain":0,"max_hp_loss":0,"event_name":"Mysterious Sphere","floor":37,"gold_loss":0},{"damage_healed":0,"gold_gain":0,"player_choice":"Max HP","damage_taken":0,"max_hp_gain":0,"max_hp_loss":6,"event_name":"Winding Halls","floor":38,"gold_loss":0},{"cards_removed":["Inflame"],"damage_healed":0,"gold_gain":0,"player_choice":"Removed Power","damage_taken":0,"max_hp_gain":0,"max_hp_loss":0,"event_name":"Falling","floor":44,"gold_loss":0}],"is_beta":false,"boss_relics":[{"not_picked":["Black Star","Sozu"],"picked":"Snecko Eye"},{"not_picked":["Runic Pyramid","Orrery"],"picked":"Cursed Key"}],"items_purged_floors":[5,20,48],"is_endless":false,"potions_floor_spawned":[2,8,16,18,24,25,28,29,33,40,41,42,46],"ascension_level":3}