{"path_per_floor":["M","M","?","T","M","E","M","E","T","R","?","E","M","M","R","B",null,"M","?","?","$","M","E","?","R","T","M","T","E","R","E","R","B",null,"M","?","T","M","$","R","E","M","T","E","M","R","$","M","R"],"character_chosen":"THE_SILENT","items_purchased":["Kunai","Ninja Scroll","Infinite Blades","Energy Potion"],"gold_per_floor":[113,123,123,123,143,174,193,223,249,249,249,281,300,320,320,423,423,434,334,334,4,22,53,53,53,53,70,70,96,96,156,156,252,252,267,267,294,305,205,205,235,255,278,305,324,324,0,12,12],"floor_reached":50,"campfire_rested":3,"playtime":2201,"current_hp_per_floor":[61,61,61,61,60,45,38,16,16,37,23,15,27,39,39,29,70,55,55,55,55,55,34,34,34,34,43,43,45,45,47,47,32,70,62,53,60,54,54,54,40,39,39,16,26,50,50,49,73],"items_purged":["Regret","Strike_G"],"gold":12,"score":659,"play_id":"1a6109f5-a258-4378-826d-2789c737a81e","is_prod":false,"is_daily":false,"is_ascension_mode":true,"campfire_upgraded":5,"path_taken":["M","M","?","?","M","E","?","E","T","R","?","E","M","M","R","BOSS","M","?","?","$","M","E","?","R","T","M","?","E","R","E","R","BOSS","M","?","?","M","$","R","E","?","T","E","M","R","$","M","R","BOSS"],"build_version":"2018-02-15-PROD1","purchased_purges":2,"victory":false,"master_deck":["Defend_G","Defend_G","Defend_G","Defend_G","Defend_G","Strike_G+1","Strike_G","Strike_G","Strike_G","Survivor+1","Neutralize","Prepared","Backstab","Dash","Calculated Gamble","Endless Agony","Backstab","Distraction+1","Die Die Die","Sucker Punch","Venomology+1","Sucker Punch+1","J.A.X.","Poisoned Stab+1","Blur+1","Backflip+1","Backstab+1","Infinite Blades+1","Phantasmal Killer","Dagger Spray+1","Madness","Madness+1","Quick Slash+1","Calculated Gamble+1","Noxious Fumes+1","Infinite Blades","Backflip+1"],"max_hp_per_floor":[70,70,70,70,70,70,70,70,70,70,70,70,70,70,70,70,70,70,70,70,70,70,70,70,70,70,70,70,70,70,70,70,70,70,70,70,77,79,79,79,79,79,79,81,81,81,81,81,81],"relics":["Ring of the Snake","Meat on the Bone","Ice Cream","Mercury Hourglass","Calipers","Anchor","Orichalcum","White Beast Statue","Kunai","Singing Bowl","Oddly Smooth Stone","Unceasing Top","Happy Flower","Tiny Chest","Lizard Tail","Strawberry","Blood Vial","Vajra","Bronze Scales","Ninja Scroll"],"card_choices":[{"not_picked":["PiercingWail","Choke"],"picked":"Prepared"},{"not_picked":["Setup","Flying Knee"],"picked":"Backstab"},{"not_picked":["Accuracy","Bane"],"picked":"Dash"},{"not_picked":["Prepared","Grand Finale"],"picked":"Calculated Gamble"},{"not_picked":["Dagger Throw","PiercingWail"],"picked":"Endless Agony"},{"not_picked":["PiercingWail","Deflect"],"picked":"Backstab"},{"not_picked":["Quick Slash","Sucker Punch"],"picked":"Distraction"},{"not_picked":["Backflip","Dagger Spray"],"picked":"Die Die Die"},{"not_picked":["Poisoned Stab","Cloak And Dagger"],"picked":"Sucker Punch"},{"not_picked":["Tools of the Trade","Storm of Steel"],"picked":"Venomology"},{"not_picked":["Flying Knee","Reflex"],"picked":"Sucker Punch"},{"not_picked":["Masterful Stab","Malaise"],"picked":"Poisoned Stab"},{"not_picked":["Finisher","Choke"],"picked":"Blur"},{"not_picked":["Masterful Stab","Deadly Poison"],"picked":"Backflip"},{"not_picked":["Prepared","Malaise"],"picked":"Backstab"},{"not_picked":["Blur","Dagger Spray"],"picked":"Infinite Blades"},{"not_picked":["Corpse Explosion","Bullet Time"],"picked":"Phantasmal Killer"},{"not_picked":["Blade Dance","Underhanded Strike"],"picked":"Dagger Spray"},{"not_picked":["Well Laid Plans","Poisoned Stab"],"picked":"Quick Slash"},{"not_picked":["Noxious Fumes","Poisoned Stab"],"picked":"Calculated Gamble"},{"not_picked":["Skewer","Dagger Throw"],"picked":"Noxious Fumes"},{"not_picked":["Flying Knee","Deadly Poison"],"picked":"Backflip"}],"player_experience":179574,"potions_floor_usage":[7,16,16,22,23,23,27,29,29,29,31,33,33,33,33,38,38,41,42,42,42,44,44,44,45,48,50,50,50,50],"damage_taken":[{"damage":9,"enemies":"Jaw Worm","floor":1,"turns":5},{"damage":0,"enemies":"2 Louse","floor":2,"turns":2},{"damage":1,"enemies":"Cultist","floor":5,"turns":3},{"damage":15,"enemies":"3 Sentries","floor":6,"turns":10},{"damage":19,"enemies":"Exordium Thugs","floor":7,"turns":5},{"damage":34,"enemies":"Lagavulin","floor":8,"turns":6},{"damage":20,"enemies":"Gremlin Nob","floor":12,"turns":4},{"damage":0,"enemies":"2 Fungi Beasts","floor":13,"turns":2},{"damage":0,"enemies":"Large Slime","floor":14,"turns":3},{"damage":22,"enemies":"The Guardian","floor":16,"turns":16},{"damage":15,"enemies":"2 Thieves","floor":18,"turns":4},{"damage":0,"enemies":"Chosen","floor":22,"turns":3},{"damage":33,"enemies":"Gremlin Leader","floor":23,"turns":9},{"damage":3,"enemies":"Centurion and Healer","floor":27,"turns":4},{"damage":16,"enemies":"Book of Stabbing","floor":29,"turns":5},{"damage":10,"enemies":"Gremlin Leader","floor":31,"turns":5},{"damage":27,"enemies":"Automaton","floor":33,"turns":13},{"damage":8,"enemies":"Orb Walker","floor":35,"turns":3},{"damage":8,"enemies":"3 Shapes","floor":38,"turns":3},{"damage":26,"enemies":"Nemesis","floor":41,"turns":7},{"damage":15,"enemies":"Maw","floor":42,"turns":5},{"damage":54,"enemies":"Giant Head","floor":44,"turns":8},{"damage":4,"enemies":"4 Shapes","floor":45,"turns":3},{"damage":3,"enemies":"3 Darklings","floor":48,"turns":3},{"damage":129,"enemies":"Time Eater","floor":50,"turns":12}],"event_choices":[{"event_name":"Big Fish","player_choice":"Box","floor":3,"damage_taken":0},{"event_name":"Shining Light","player_choice":"Entered Light","floor":11,"damage_taken":0},{"event_name":"Drug Dealer","player_choice":"Got JAXXED","floor":19,"damage_taken":0},{"event_name":"The Woman in Blue","player_choice":"Bought 0 Potions","floor":20,"damage_taken":0},{"event_name":"Beggar","player_choice":"Ignored","floor":24,"damage_taken":0},{"event_name":"Winding Halls","player_choice":"Embrace Madness","floor":36,"damage_taken":0}],"boss_relics":[{"not_picked":["Runic Dome","The Specimen"],"picked":"White Beast Statue"},{"not_picked":["Velvet Choker","Eternal Feather"],"picked":"Lizard Tail"}],"potions_floor_spawned":[5,6,12,13,14,18,22,23,27,29,31,33,35,38,41,42,44,45,48],"seed_played":"-2671737960188711671","killed_by":"Time Eater","ascension_level":4,"is_trial":false}