{"gold_per_floor":[110,124,124,142,26,26,53,53,53,82,82,9,23,23],"floor_reached":14,"playtime":993,"items_purged":[],"score":172,"play_id":"54773207-cb8a-486f-aab5-4fdb84c73866","local_time":"20181205125134","is_ascension_mode":true,"campfire_choices":[{"data":"Terror","floor":6.0,"key":"SMITH"},{"data":"Bouncing Flask","floor":8.0,"key":"SMITH"}],"neow_cost":"NONE","seed_source_timestamp":0,"circlet_count":0,"master_deck":["AscendersBane","Defend_G","Defend_G","Defend_G","Defend_G","Strike_G","Strike_G","Strike_G","Strike_G","Strike_G","Survivor","Neutralize","Bouncing Flask+1","Terror+1","Dodge and Roll","Well Laid Plans","Deadly Poison","Poisoned Stab","Dagger Throw","Doppelganger","Escape Plan","Backstab"],"special_seed":0,"relics":["Ring of the Snake","NeowsBlessing","Paper Crane","Shuriken","Ancient Tea Set"],"potions_floor_usage":[],"damage_taken":[{"damage":0.0,"enemies":"Cultist","floor":1.0,"turns":1.0},{"damage":0.0,"enemies":"Small Slimes","floor":2.0,"turns":1.0},{"damage":0.0,"enemies":"Jaw Worm","floor":4.0,"turns":1.0},{"damage":13.0,"enemies":"Gremlin Nob","floor":7.0,"turns":3.0},{"damage":26,"enemies":"3 Sentries","floor":10,"turns":8},{"damage":10,"enemies":"Red Slaver","floor":13,"turns":4},{"damage":6,"enemies":"3 Louse","floor":14,"turns":1}],"seed_played":"-3852197734471764646","potions_obtained":[{"floor":2.0,"key":"Fire Potion"},{"floor":10,"key":"Ancient Potion"}],"is_trial":false,"path_per_floor":["M","M","?","M","$","R","E","R","T","E","?","$","M","M"],"character_chosen":"THE_SILENT","items_purchased":["Well Laid Plans","Deadly Poison","Escape Plan"],"campfire_rested":0,"item_purchase_floors":[5,5,12],"current_hp_per_floor":[59,59,52,52,52,52,39,39,39,13,13,13,3,0],"gold":23,"neow_bonus":"THREE_ENEMY_KILL","is_prod":false,"is_daily":false,"chose_seed":false,"campfire_upgraded":2,"win_rate":0,"timestamp":1544043094,"path_taken":["M","?","?","M","$","R","E","R","T","E","?","$","?","M"],"build_version":"2018-11-15","purchased_purges":0,"victory":false,"max_hp_per_floor":[66,66,66,66,66,66,66,66,66,66,66,66,66,66],"card_choices":[{"not_picked":["Dodge and Roll","Acrobatics"],"picked":"Bouncing Flask","floor":1.0},{"not_picked":["Outmaneuver","Bouncing Flask"],"picked":"Terror","floor":2.0},{"not_picked":["Choke","Acrobatics"],"picked":"Dodge and Roll","floor":4.0},{"not_picked":["Deadly Poison","Eviscerate"],"picked":"Poisoned Stab","floor":7.0},{"not_picked":["Flying Knee","Tactician"],"picked":"Dagger Throw","floor":10},{"not_picked":["Concentrate","Slice"],"picked":"Backstab","floor":13}],"player_experience":983412,"relics_obtained":[{"floor":7.0,"key":"Paper Crane"},{"floor":9.0,"key":"Shuriken"},{"floor":10,"key":"Ancient Tea Set"}],"event_choices":[{"cards_removed":["Defend_G"],"damage_healed":0.0,"max_hp_gain":0.0,"max_hp_loss":0.0,"gold_gain":0.0,"event_name":"Golden Wing","player_choice":"Card Removal","floor":3.0,"gold_loss":0.0,"damage_taken":7.0},{"damage_healed":0,"gold_gain":0,"player_choice":"1 cards matched","damage_taken":0,"max_hp_gain":0,"max_hp_loss":0,"event_name":"Match and Keep!","floor":11,"gold_loss":0,"cards_obtained":["Doppelganger"]}],"is_beta":false,"boss_relics":[],"items_purged_floors":[],"is_endless":false,"potions_floor_spawned":[2,10],"killed_by":"3 Louse","ascension_level":15}