{"gold_per_floor":[112,287,306,352,162,162,172,197,221,221,239,239,250,280,280,358,358,369,394,394,405,480,498,135,135,135,135,145,172,172,186,186,263,313,323,323,335,351,131,131,156,175,247,247,262,262,278,378,378,378],"floor_reached":51,"playtime":2407,"items_purged":["Doubt","Anger"],"score":1259,"play_id":"18d2bd81-e6a4-468f-b6ef-886d97f2608a","local_time":"20190316110532","is_ascension_mode":true,"campfire_choices":[{"data":"Shockwave","floor":6.0,"key":"SMITH"},{"floor":10.0,"key":"REST"},{"data":"Bash","floor":15.0,"key":"SMITH"},{"data":"Demon Form","floor":27,"key":"SMITH"},{"floor":30,"key":"REST"},{"data":"Double Tap","floor":32,"key":"SMITH"},{"data":"Metallicize","floor":40,"key":"SMITH"},{"floor":44,"key":"REST"},{"data":"Impervious","floor":49,"key":"SMITH"}],"neow_cost":"PERCENT_DAMAGE","seed_source_timestamp":0,"circlet_count":0,"master_deck":["AscendersBane","Strike_R","Strike_R+1","Strike_R","Strike_R","Defend_R","Defend_R","Defend_R","Defend_R","Bash+1","Cleave+1","Shockwave+1","Feel No Pain+1","Perfected Strike+1","Iron Wave+1","Impervious+1","Perfected Strike+1","Wild Strike+1","Demon Form+1","Wild Strike+1","Rampage+1","Double Tap+1","Fiend Fire+1","Cleave+1","Offering","Shrug It Off+1","Perfected Strike+1","Whirlwind+1","Pommel Strike+1","Metallicize+1","Iron Wave+1","Clothesline+1","Heavy Blade+1"],"special_seed":0,"relics":["Burning Blood","Orichalcum","Molten Egg 2","Bronze Scales","Thread and Needle","Velvet Choker","Art of War","Membership Card","Strawberry","Anchor","Paper Frog","PreservedInsect","Tiny House","Sundial","Whetstone","Red Skull","Bag of Marbles","Blue Candle"],"potions_floor_usage":[23,50],"damage_taken":[{"damage":7.0,"enemies":"Small Slimes","floor":1.0,"turns":4.0},{"damage":15.0,"enemies":"Jaw Worm","floor":3.0,"turns":5.0},{"damage":0.0,"enemies":"Cultist","floor":7.0,"turns":3.0},{"damage":22.0,"enemies":"3 Sentries","floor":8.0,"turns":7.0},{"damage":0.0,"enemies":"2 Fungi Beasts","floor":11.0,"turns":3.0},{"damage":3.0,"enemies":"Red Slaver","floor":13.0,"turns":3.0},{"damage":9.0,"enemies":"Gremlin Nob","floor":14.0,"turns":3.0},{"damage":17.0,"enemies":"The Guardian","floor":16.0,"turns":8.0},{"damage":0.0,"enemies":"Shell Parasite","floor":18.0,"turns":3.0},{"damage":0,"enemies":"Chosen","floor":21,"turns":3},{"damage":13,"enemies":"Centurion and Healer","floor":23,"turns":4},{"damage":7,"enemies":"Snecko","floor":28,"turns":4},{"damage":20,"enemies":"Gremlin Leader","floor":29,"turns":6},{"damage":0,"enemies":"Cultist and Chosen","floor":31,"turns":3},{"damage":55,"enemies":"Collector","floor":33,"turns":7},{"damage":0,"enemies":"Orb Walker","floor":35,"turns":3},{"damage":6,"enemies":"3 Shapes","floor":37,"turns":3},{"damage":21,"enemies":"Transient","floor":38,"turns":5},{"damage":6,"enemies":"Reptomancer","floor":41,"turns":5},{"damage":34,"enemies":"Jaw Worm Horde","floor":42,"turns":3},{"damage":47,"enemies":"Writhing Mass","floor":45,"turns":3},{"damage":8,"enemies":"Sphere and 2 Shapes","floor":47,"turns":4},{"damage":80,"enemies":"Time Eater","floor":50,"turns":10}],"seed_played":"-2841258612808413736","potions_obtained":[{"floor":1.0,"key":"FairyPotion"},{"floor":8.0,"key":"SteroidPotion"},{"floor":31,"key":"Explosive Potion"},{"floor":33,"key":"PowerPotion"}],"is_trial":false,"path_per_floor":["M","?","M","T","$","R","M","E","T","R","M","?","M","E","R","B",null,"M","T","?","M","?","M","$","T","T","R","M","E","R","M","R","B",null,"M","T","M","M","$","R","E","M","T","R","M","?","M","?","R","B",null],"character_chosen":"IRONCLAD","items_purchased":["Shockwave","Feel No Pain","Membership Card","Rampage+1","Strawberry","Whetstone","Pommel Strike+1","Metallicize","Red Skull"],"campfire_rested":3,"item_purchase_floors":[5,5,24,24,24,39,39,39,39],"current_hp_per_floor":[63,63,54,54,54,54,60,44,44,70,76,76,79,76,76,65,83,89,89,73,79,71,64,71,71,71,71,70,56,84,90,90,41,87,93,93,93,78,78,78,78,50,50,80,39,88,86,86,86,12],"gold":378,"neow_bonus":"TWENTY_PERCENT_HP_BONUS","is_prod":false,"is_daily":false,"chose_seed":false,"campfire_upgraded":6,"win_rate":0,"timestamp":1552748732,"path_taken":["M","?","M","?","$","R","M","E","T","R","?","?","M","E","R","BOSS","M","?","?","M","?","?","?","?","T","R","?","E","R","M","R","BOSS","M","?","M","M","$","R","E","M","T","R","?","?","M","?","R","BOSS"],"build_version":"2019-01-23","purchased_purges":2,"victory":true,"max_hp_per_floor":[89,89,89,89,89,89,89,89,89,89,89,89,89,89,89,89,89,89,89,89,89,89,89,96,96,96,96,96,96,96,96,96,96,101,101,101,101,101,101,101,101,101,101,101,101,88,88,88,88,88],"card_choices":[{"not_picked":["Sever Soul","Warcry"],"picked":"Cleave","floor":1.0},{"not_picked":["Evolve","Clash"],"picked":"Anger","floor":3.0},{"not_picked":["Reckless Charge","Iron Wave","Combust"],"picked":"SKIP","floor":7.0},{"not_picked":["Sentinel","Flex"],"picked":"Perfected Strike","floor":8.0},{"not_picked":["Sentinel","Wild Strike+1"],"picked":"Iron Wave+1","floor":11.0},{"not_picked":["Brutality","Rupture"],"picked":"Perfected Strike+1","floor":13.0},{"not_picked":["Feel No Pain","Flex"],"picked":"Wild Strike+1","floor":14.0},{"not_picked":["Impervious","Brutality"],"picked":"Demon Form","floor":16.0},{"not_picked":["Thunderclap+1","Rage","Flex"],"picked":"SKIP","floor":18.0},{"not_picked":["Seeing Red","Thunderclap+1","Flex"],"picked":"SKIP","floor":21},{"not_picked":["Warcry","Sentinel"],"picked":"Wild Strike+1","floor":23},{"not_picked":["Sentinel","Flex"],"picked":"Double Tap","floor":28},{"not_picked":["Anger+1","Hemokinesis+1"],"picked":"Fiend Fire+1","floor":29},{"not_picked":["Wild Strike+1","Evolve"],"picked":"Cleave+1","floor":31},{"not_picked":["Exhume","Juggernaut"],"picked":"Offering","floor":33},{"not_picked":["Whirlwind+1","Armaments"],"picked":"Shrug It Off+1","floor":34},{"not_picked":["Clash+1","Flex","Spot Weakness+1"],"picked":"SKIP","floor":35},{"not_picked":["Feel No Pain","Searing Blow+1"],"picked":"Perfected Strike+1","floor":37},{"not_picked":["Body Slam+1","Bloodletting+1"],"picked":"Whirlwind+1","floor":38},{"not_picked":["Thunderclap+1","Blood for Blood+1","Fiend Fire+1"],"picked":"SKIP","floor":41},{"not_picked":["Flex+1","Sever Soul+1"],"picked":"Iron Wave+1","floor":42},{"not_picked":["Whirlwind+1","Rage"],"picked":"Clothesline+1","floor":45},{"not_picked":["Shrug It Off","Clothesline+1"],"picked":"Heavy Blade+1","floor":47}],"player_experience":299934,"relics_obtained":[{"floor":4.0,"key":"Orichalcum"},{"floor":8.0,"key":"Molten Egg 2"},{"floor":9.0,"key":"Bronze Scales"},{"floor":14.0,"key":"Thread and Needle"},{"floor":19.0,"key":"Art of War"},{"floor":25,"key":"Anchor"},{"floor":26,"key":"Paper Frog"},{"floor":29,"key":"PreservedInsect"},{"floor":36,"key":"Sundial"},{"floor":41,"key":"Bag of Marbles"},{"floor":43,"key":"Blue Candle"}],"event_choices":[{"damage_healed":0.0,"max_hp_gain":0.0,"max_hp_loss":0.0,"gold_gain":175.0,"event_name":"Liars Game","player_choice":"AGREE","floor":2.0,"gold_loss":0.0,"damage_taken":0.0,"cards_obtained":["Doubt"]},{"damage_healed":0.0,"max_hp_gain":0.0,"max_hp_loss":0.0,"gold_gain":0.0,"cards_transformed":["Strike_R"],"event_name":"Transmorgrifier","player_choice":"Transformed","floor":12.0,"gold_loss":0.0,"damage_taken":0.0,"cards_obtained":["Impervious"]},{"damage_healed":0.0,"max_hp_gain":0.0,"max_hp_loss":0.0,"gold_gain":0.0,"event_name":"Cursed Tome","player_choice":"Obtained Book","floor":20.0,"gold_loss":0.0,"damage_taken":16.0},{"damage_healed":0,"gold_gain":75,"player_choice":"Touch","damage_taken":8,"max_hp_gain":0,"max_hp_loss":0,"event_name":"FaceTrader","floor":22,"gold_loss":0},{"damage_healed":88,"gold_gain":0,"player_choice":"Heal","damage_taken":0,"max_hp_gain":0,"max_hp_loss":13,"event_name":"The Moai Head","floor":46,"gold_loss":0},{"damage_healed":0,"gold_gain":100,"player_choice":"Pray","damage_taken":0,"max_hp_gain":0,"max_hp_loss":0,"event_name":"Golden Shrine","floor":48,"gold_loss":0}],"is_beta":false,"boss_relics":[{"not_picked":["Black Blood","Busted Crown"],"picked":"Velvet Choker"},{"not_picked":["Philosopher\u0027s Stone","Pandora\u0027s Box"],"picked":"Tiny House"}],"items_purged_floors":[5,24],"is_endless":false,"potions_floor_spawned":[1,8,13,21,31,33,35,41,45],"ascension_level":14}