{"gold_per_floor":[116,116,126,126,301,331,331,364,391,391,419,430,69,79,79,181,181,193,193,210,33,33,64,64,76,102,120,120,148,148,73,73,175,175,190,190,41,61,61,61,80,80,106,140,140,15,25,36,36,36],"floor_reached":50,"playtime":2596,"items_purged":["Regret","Strike_R","Doubt"],"score":770,"play_id":"77f52763-1fad-433e-b8d9-0e68d34b4971","local_time":"20190415163128","is_ascension_mode":true,"campfire_choices":[{"data":"Combust","floor":7.0,"key":"SMITH"},{"data":"Disarm","floor":10.0,"key":"SMITH"},{"floor":15.0,"key":"REST"},{"data":"Feed","floor":24.0,"key":"SMITH"},{"floor":28.0,"key":"REST"},{"floor":30.0,"key":"REST"},{"floor":32.0,"key":"REST"},{"data":"Juggernaut","floor":40.0,"key":"SMITH"},{"data":"Barricade","floor":42.0,"key":"SMITH"},{"floor":45.0,"key":"REST"},{"floor":49,"key":"RECALL"}],"neow_cost":"NONE","seed_source_timestamp":345721853894000,"circlet_count":0,"master_deck":["Defend_R+1","Defend_R+1","Defend_R+1","Defend_R+1","Bash","Power Through","Combust+1","Body Slam","Disarm+1","Shrug It Off","Sword Boomerang","Uppercut","Pommel Strike+1","Barricade+1","Feed+1","Feel No Pain","Corruption","Evolve","Searing Blow+1","Fiend Fire+1","Spot Weakness","Warcry","Offering","True Grit+1","Reckless Charge+1","Juggernaut+1","Burning Pact+1","Sentinel+1","Armaments","Cleave+1","Heavy Blade+1","Exhume","Thunderclap","Flame Barrier+1"],"special_seed":0,"relics":["Burning Blood","NeowsBlessing","PreservedInsect","Dream Catcher","Pantograph","Regal Pillow","Gremlin Horn","Mark of Pain","Red Skull","Potion Belt","Vajra","Pear","Astrolabe","Strawberry","Oddly Smooth Stone","Whetstone"],"potions_floor_usage":[50],"damage_taken":[{"damage":0.0,"enemies":"Small Slimes","floor":1.0,"turns":1.0},{"damage":0.0,"enemies":"Jaw Worm","floor":3.0,"turns":1.0},{"damage":0.0,"enemies":"3 Sentries","floor":6.0,"turns":2.0},{"damage":38.0,"enemies":"Gremlin Nob","floor":8.0,"turns":4.0},{"damage":10.0,"enemies":"3 Sentries","floor":11.0,"turns":4.0},{"damage":11.0,"enemies":"2 Louse","floor":12.0,"turns":2.0},{"damage":15.0,"enemies":"Exordium Wildlife","floor":14.0,"turns":5.0},{"damage":22.0,"enemies":"The Guardian","floor":16.0,"turns":18.0},{"damage":34.0,"enemies":"2 Thieves","floor":18.0,"turns":4.0},{"damage":23.0,"enemies":"Shell Parasite","floor":20.0,"turns":8.0},{"damage":8.0,"enemies":"Gremlin Leader","floor":23.0,"turns":6.0},{"damage":12.0,"enemies":"Snecko","floor":25.0,"turns":6.0},{"damage":16.0,"enemies":"Centurion and Healer","floor":27.0,"turns":8.0},{"damage":59.0,"enemies":"Slavers","floor":29.0,"turns":6.0},{"damage":51.0,"enemies":"Collector","floor":33.0,"turns":11.0},{"damage":79.0,"enemies":"3 Shapes","floor":35.0,"turns":3.0},{"damage":6.0,"enemies":"Orb Walker","floor":38.0,"turns":3.0},{"damage":51.0,"enemies":"Spire Growth","floor":41.0,"turns":5.0},{"damage":55.0,"enemies":"Nemesis","floor":44.0,"turns":7.0},{"damage":15.0,"enemies":"Transient","floor":47.0,"turns":5.0},{"damage":45.0,"enemies":"Jaw Worm Horde","floor":48.0,"turns":4.0},{"damage":56,"enemies":"Donu and Deca","floor":50,"turns":3}],"seed_played":"-7775937750550898416","potions_obtained":[{"floor":3.0,"key":"Poison Potion"},{"floor":6.0,"key":"Swift Potion"},{"floor":8.0,"key":"Fire Potion"},{"floor":18.0,"key":"Strength Potion"},{"floor":29.0,"key":"Block Potion"},{"floor":33.0,"key":"FearPotion"},{"floor":44.0,"key":"SneckoOil"},{"floor":48.0,"key":"EssenceOfSteel"}],"is_trial":false,"path_per_floor":["M","?","M","?","?","E","R","E","T","R","E","M","$","M","R","B",null,"M","?","M","$","?","E","R","M","T","M","R","E","R","?","R","B",null,"M","?","$","M","?","R","M","R","T","E","R","$","M","M","R","B"],"character_chosen":"IRONCLAD","items_purchased":["Gremlin Horn","Uppercut","Evolve","Strawberry"],"campfire_rested":5,"item_purchase_floors":[13,13,21,37],"current_hp_per_floor":[80,80,80,80,80,80,80,48,48,48,44,39,39,30,69,64,76,48,48,34,34,34,32,32,26,26,20,61,22,67,67,101,56,90,17,17,24,24,118,118,73,73,73,24,74,74,65,30,30,0],"gold":36,"neow_bonus":"THREE_ENEMY_KILL","is_prod":false,"is_daily":false,"chose_seed":false,"campfire_upgraded":5,"win_rate":0,"timestamp":1555371088,"path_taken":["M","?","M","?","?","E","R","E","T","R","E","M","?","M","R","BOSS","M","?","M","$","?","E","R","M","T","M","R","E","R","?","R","BOSS","BOSS","M","?","$","?","?","R","?","R","T","E","R","$","M","M","R","BOSS"],"build_version":"2019-04-04","purchased_purges":3,"victory":false,"max_hp_per_floor":[80,80,80,80,80,80,80,80,80,80,80,80,80,80,80,80,80,80,80,83,83,83,83,83,83,83,87,87,101,101,101,101,101,101,101,101,108,108,118,118,118,118,118,118,118,118,118,122,122,122],"card_choices":[{"not_picked":["Flex","Clash"],"picked":"Power Through","floor":1.0},{"not_picked":["Clash","Shrug It Off"],"picked":"Combust","floor":3.0},{"not_picked":["Flex","Reckless Charge"],"picked":"Body Slam","floor":6.0},{"not_picked":["Dark Embrace","Armaments"],"picked":"Disarm","floor":8.0},{"not_picked":["Havoc","Clash"],"picked":"Shrug It Off","floor":11.0},{"not_picked":["Bloodletting","Rage"],"picked":"Sword Boomerang","floor":12.0},{"not_picked":["Headbutt","Blood for Blood"],"picked":"Pommel Strike","floor":14.0},{"not_picked":["Dual Wield","True Grit"],"picked":"Barricade","floor":15.0},{"not_picked":["Reaper","Demon Form"],"picked":"Feed","floor":16.0},{"not_picked":["Havoc+1","Iron Wave+1"],"picked":"Feel No Pain","floor":18.0},{"not_picked":["Whirlwind+1","Pommel Strike"],"picked":"Corruption","floor":20.0},{"not_picked":["Intimidate","Armaments"],"picked":"Searing Blow+1","floor":23.0},{"not_picked":["Uppercut","Twin Strike"],"picked":"Fiend Fire","floor":25.0},{"not_picked":["Flex","Rage"],"picked":"Spot Weakness","floor":27.0},{"not_picked":["Sword Boomerang+1","Ghostly Armor"],"picked":"Warcry","floor":28.0},{"not_picked":["Intimidate+1","Blood for Blood"],"picked":"Offering","floor":29.0},{"not_picked":["Havoc","Clothesline+1"],"picked":"True Grit+1","floor":30.0},{"not_picked":["Perfected Strike","Spot Weakness"],"picked":"Reckless Charge+1","floor":32.0},{"not_picked":["Fiend Fire","Bludgeon"],"picked":"Juggernaut","floor":33.0},{"not_picked":["Twin Strike+1","Anger"],"picked":"Armaments","floor":35.0},{"not_picked":["Carnage","Reckless Charge+1"],"picked":"Cleave+1","floor":38.0},{"not_picked":["Armaments+1","Sword Boomerang+1"],"picked":"Heavy Blade+1","floor":41.0},{"not_picked":["Bloodletting","Infernal Blade+1","Sword Boomerang"],"picked":"SKIP","floor":44.0},{"not_picked":["Heavy Blade","Searing Blow"],"picked":"Exhume","floor":45.0},{"not_picked":["Body Slam+1","Anger"],"picked":"Thunderclap","floor":47.0},{"not_picked":["Body Slam+1","Disarm+1"],"picked":"Flame Barrier+1","floor":48.0}],"player_experience":684948,"relics_obtained":[{"floor":6.0,"key":"Dream Catcher"},{"floor":8.0,"key":"Pantograph"},{"floor":11.0,"key":"Regal Pillow"},{"floor":23.0,"key":"Potion Belt"},{"floor":26.0,"key":"Vajra"},{"floor":29.0,"key":"Pear"},{"floor":43.0,"key":"Oddly Smooth Stone"},{"floor":44.0,"key":"Whetstone"}],"event_choices":[{"cards_removed":["Strike_R"],"damage_healed":0.0,"max_hp_gain":0.0,"max_hp_loss":0.0,"gold_gain":0.0,"event_name":"Living Wall","player_choice":"Forget","floor":2.0,"gold_loss":0.0,"damage_taken":0.0},{"damage_healed":0.0,"max_hp_gain":0.0,"max_hp_loss":0.0,"gold_gain":0.0,"event_name":"Big Fish","player_choice":"Box","floor":4.0,"gold_loss":0.0,"damage_taken":0.0,"relics_obtained":["PreservedInsect"],"cards_obtained":["Regret"]},{"damage_healed":0.0,"max_hp_gain":0.0,"max_hp_loss":0.0,"gold_gain":175.0,"event_name":"Liars Game","player_choice":"AGREE","floor":5.0,"gold_loss":0.0,"damage_taken":0.0,"cards_obtained":["Doubt"]},{"damage_healed":0.0,"max_hp_gain":0.0,"max_hp_loss":0.0,"gold_gain":0.0,"event_name":"The Mausoleum","player_choice":"Opened","floor":19.0,"gold_loss":0.0,"damage_taken":0.0,"relics_obtained":["Red Skull"],"cards_obtained":["Writhe"]},{"damage_healed":0.0,"max_hp_gain":0.0,"max_hp_loss":0.0,"gold_gain":0.0,"event_name":"Back to Basics","player_choice":"Simplicity","floor":22.0,"gold_loss":0.0,"damage_taken":0.0,"cards_upgraded":["Strike_R","Strike_R","Strike_R","Defend_R","Defend_R","Defend_R","Defend_R"]},{"cards_removed":["Writhe"],"damage_healed":0.0,"max_hp_gain":0.0,"max_hp_loss":0.0,"gold_gain":0.0,"event_name":"Beggar","player_choice":"Gave Gold","floor":31.0,"gold_loss":75.0,"damage_taken":0.0},{"damage_healed":0.0,"max_hp_gain":0.0,"max_hp_loss":0.0,"gold_gain":0.0,"event_name":"SecretPortal","player_choice":"Ignored","floor":36.0,"gold_loss":0.0,"damage_taken":0.0},{"cards_removed":["Brutality"],"damage_healed":84.0,"max_hp_gain":10.0,"max_hp_loss":0.0,"gold_gain":0.0,"event_name":"Bonfire Elementals","player_choice":"Offered Rare","floor":39.0,"gold_loss":0.0,"damage_taken":0.0}],"is_beta":true,"boss_relics":[{"not_picked":["Black Blood","Pandora\u0027s Box"],"picked":"Mark of Pain"},{"not_picked":["Runic Pyramid","Empty Cage"],"picked":"Astrolabe"}],"items_purged_floors":[13,21,46],"is_endless":false,"potions_floor_spawned":[3,6,8,18,20,29,33,44,48],"killed_by":"Donu and Deca","ascension_level":5}