{"gold_per_floor":[119,194,194,39,52,85,85,104,104,124,124,124,124,137,137,137],"floor_reached":16,"playtime":914,"items_purged":["Strike_R"],"score":175,"play_id":"8ae798a4-5903-4015-ba89-d76405d281c6","local_time":"20190316142556","is_ascension_mode":true,"campfire_choices":[{"floor":7,"key":"REST"},{"data":"Headbutt","floor":13,"key":"SMITH"},{"data":"Feel No Pain","floor":15,"key":"SMITH"}],"neow_cost":"NONE","seed_source_timestamp":1034848243543112,"circlet_count":0,"master_deck":["AscendersBane","Strike_R","Strike_R","Strike_R","Defend_R","Defend_R","Defend_R","Defend_R","Bash+1","Shockwave+1","Feel No Pain+1","Headbutt+1","True Grit+1","Sentinel+1","Shockwave+1"],"relics":["Burning Blood","Toxic Egg 2","Darkstone Periapt","Letter Opener"],"potions_floor_usage":[14,16],"damage_taken":[{"damage":1,"enemies":"Cultist","floor":1,"turns":3},{"damage":6,"enemies":"Jaw Worm","floor":5,"turns":5},{"damage":36,"enemies":"3 Sentries","floor":6,"turns":13},{"damage":0,"enemies":"Small Slimes","floor":8,"turns":3},{"damage":14,"enemies":"2 Fungi Beasts","floor":10,"turns":5},{"damage":6,"enemies":"Blue Slaver","floor":14,"turns":5},{"damage":55,"enemies":"Hexaghost","floor":16,"turns":14}],"seed_played":"-5285502985269826349","potions_obtained":[{"floor":1,"key":"PowerPotion"},{"floor":6,"key":"BloodPotion"}],"is_trial":false,"path_per_floor":["M","?","?","$","M","E","R","M","T","M","T","?","R","M","R","B"],"character_chosen":"IRONCLAD","items_purchased":["Feel No Pain"],"campfire_rested":1,"item_purchase_floors":[4],"current_hp_per_floor":[73,62,62,62,62,32,54,60,60,52,52,45,45,52,52,0],"gold":137,"neow_bonus":"UPGRADE_CARD","is_prod":false,"is_daily":false,"chose_seed":false,"campfire_upgraded":2,"win_rate":0,"timestamp":1552760756,"path_taken":["M","?","?","?","M","E","R","M","T","M","?","?","R","M","R","BOSS"],"build_version":"2019-01-23","purchased_purges":1,"victory":false,"max_hp_per_floor":[75,75,75,75,75,75,75,75,75,75,75,75,75,75,75,75],"card_choices":[{"not_picked":["Whirlwind","Thunderclap"],"picked":"Shockwave","floor":1},{"not_picked":["Perfected Strike","Body Slam"],"picked":"Headbutt","floor":5},{"not_picked":["Power Through","Heavy Blade"],"picked":"True Grit","floor":6},{"not_picked":["Corruption","Warcry+1","Reckless Charge"],"picked":"SKIP","floor":8},{"not_picked":["Thunderclap","Perfected Strike"],"picked":"Sentinel+1","floor":10},{"not_picked":["Burning Pact+1","Reckless Charge"],"picked":"Shockwave+1","floor":14}],"player_experience":308806,"relics_obtained":[{"floor":6,"key":"Toxic Egg 2"},{"floor":9,"key":"Darkstone Periapt"},{"floor":11,"key":"Letter Opener"}],"event_choices":[{"damage_healed":0,"gold_gain":75,"player_choice":"Gather Gold","damage_taken":11,"max_hp_gain":0,"max_hp_loss":0,"event_name":"World of Goop","floor":2,"gold_loss":0},{"damage_healed":0,"gold_gain":0,"player_choice":"Grow","damage_taken":0,"max_hp_gain":0,"max_hp_loss":0,"event_name":"Living Wall","floor":3,"gold_loss":0,"cards_upgraded":["Shockwave"]},{"cards_removed":["Strike_R"],"damage_healed":0,"gold_gain":0,"player_choice":"Card Removal","damage_taken":7,"max_hp_gain":0,"max_hp_loss":0,"event_name":"Golden Wing","floor":12,"gold_loss":0}],"is_beta":false,"boss_relics":[],"items_purged_floors":[4],"is_endless":false,"potions_floor_spawned":[1,6],"killed_by":"Hexaghost","ascension_level":15}