{"gold_per_floor":[118,118,80,80,96,96,128,128,128,16,16,16,51,63,63,160,160,175,175,185,100,30,57,157,168,168,168,185,200,200,212,212,307,307,322,103,121,121,140,140,173,173,200,24,24,54,72,117,117,117],"floor_reached":50,"playtime":1431,"items_purged":["Normality","Decay"],"score":629,"play_id":"35d0f0be-91bd-4814-a407-71dbcfe17692","local_time":"20181014145542","is_ascension_mode":true,"campfire_choices":[{"data":"Biased Cognition","floor":6,"key":"SMITH"},{"data":"Redo","floor":8,"key":"SMITH"},{"data":"Storm","floor":11,"key":"SMITH"},{"data":"Redo","floor":15,"key":"SMITH"},{"data":"Defragment","floor":27,"key":"SMITH"},{"data":"Heatsinks","floor":30,"key":"SMITH"},{"data":"Fusion","floor":32,"key":"SMITH"},{"data":"Machine Learning","floor":40,"key":"SMITH"},{"data":"Consume","floor":42,"key":"SMITH"},{"data":"Storm","floor":45,"key":"SMITH"},{"data":"Buffer","floor":49,"key":"SMITH"}],"neow_cost":"NONE","seed_source_timestamp":333813954670116,"circlet_count":0,"master_deck":["Strike_B+1","Strike_B+1","Strike_B+1","Strike_B+1","Defend_B+1","Defend_B+1","Defend_B+1","Defend_B+1","Zap","Dualcast","Biased Cognition+1","Redo+1","Fusion+1","Auto Shields","Self Repair","Storm+1","Melter","Heatsinks+1","Redo+1","Thunder Strike","Force Field","Static Discharge+1","Defragment+1","Ball Lightning","Coolheaded+1","Storm+1","Blizzard+1","Cold Snap","Creative AI","Heatsinks","Machine Learning+1","Redo+1","Steam+1","Rip and Tear","Hologram","Coolheaded","Buffer+1","Heatsinks+1","Consume+1","Storm","Gash+1","Heatsinks+1","Tempest+1"],"relics":["Cracked Core","Omamori","Boot","Mummified Hand","Calling Bell","Bronze Scales","Dodecahedron","Bird Faced Urn","Nunchaku","Kunai","Meat on the Bone","Orrery","The Courier","Art of War","Vajra","Ginger"],"potions_floor_usage":[7,23,31,47,50,50,50,50,50,50,50],"damage_taken":[{"damage":4,"enemies":"Jaw Worm","floor":1,"turns":4},{"damage":0,"enemies":"Cultist","floor":5,"turns":2},{"damage":21,"enemies":"3 Sentries","floor":7,"turns":7},{"damage":12,"enemies":"Gremlin Nob","floor":13,"turns":4},{"damage":8,"enemies":"2 Louse","floor":14,"turns":2},{"damage":56,"enemies":"Hexaghost","floor":16,"turns":10},{"damage":15,"enemies":"3 Byrds","floor":18,"turns":2},{"damage":0,"enemies":"Chosen","floor":20,"turns":3},{"damage":21,"enemies":"Book of Stabbing","floor":23,"turns":4},{"damage":18,"enemies":"Shelled Parasite and Fungi","floor":25,"turns":3},{"damage":17,"enemies":"Snake Plant","floor":28,"turns":3},{"damage":7,"enemies":"Cultist and Chosen","floor":29,"turns":4},{"damage":10,"enemies":"Snecko","floor":31,"turns":3},{"damage":71,"enemies":"Automaton","floor":33,"turns":7},{"damage":21,"enemies":"3 Darklings","floor":35,"turns":3},{"damage":36,"enemies":"3 Shapes","floor":37,"turns":4},{"damage":5,"enemies":"Transient","floor":39,"turns":5},{"damage":41,"enemies":"2 Orb Walkers","floor":41,"turns":3},{"damage":11,"enemies":"Giant Head","floor":46,"turns":6},{"damage":9,"enemies":"Reptomancer","floor":47,"turns":3},{"damage":20,"enemies":"Mysterious Sphere","floor":48,"turns":2},{"damage":85,"enemies":"Awakened One","floor":50,"turns":3}],"seed_played":"-8799718609013321310","potions_obtained":[{"floor":1,"key":"SpeedPotion"},{"floor":20,"key":"Poison Potion"},{"floor":23,"key":"PowerPotion"},{"floor":25,"key":"SteroidPotion"},{"floor":33,"key":"Regen Potion"},{"floor":37,"key":"FearPotion"},{"floor":47,"key":"EntropicBrew"}],"is_trial":false,"path_per_floor":["M","?","$","?","M","R","E","R","T","$","R","?","E","M","R","B",null,"M","?","M","?","$","E","?","M","T","R","M","M","R","M","R","B",null,"M","$","M","?","M","R","E","R","T","$","R","E","M","?","R"],"character_chosen":"DEFECT","items_purchased":["Fusion","Storm","Melter","Defragment","Rip and Tear","Hologram","Coolheaded","Storm","AttackPotion"],"campfire_rested":0,"item_purchase_floors":[3,10,10,22,36,36,36,44,44],"current_hp_per_floor":[71,71,71,71,71,71,50,50,50,50,50,68,63,62,62,13,75,60,60,73,73,73,56,56,55,55,55,55,65,65,65,65,18,75,67,67,47,47,62,62,54,54,54,54,54,71,70,57,57,0],"gold":117,"neow_bonus":"ONE_RANDOM_RARE_CARD","is_prod":false,"is_daily":false,"chose_seed":false,"campfire_upgraded":11,"win_rate":0,"timestamp":1539554142,"path_taken":["M","?","$","?","M","R","E","R","T","?","R","?","E","?","R","BOSS","M","?","M","?","$","E","?","M","T","R","M","?","R","M","R","BOSS","M","$","M","?","M","R","E","R","T","$","R","E","?","?","R","BOSS"],"build_version":"2018-10-11","purchased_purges":2,"victory":false,"max_hp_per_floor":[75,75,75,75,75,75,75,75,75,75,75,75,75,75,75,75,75,75,75,75,75,75,75,75,75,75,75,75,75,75,75,75,75,75,75,75,75,71,71,71,71,71,71,71,71,71,71,71,71,71],"card_choices":[{"not_picked":["Static Discharge","Capacitor"],"picked":"Redo","floor":1},{"not_picked":["Sweeping Beam","Go for the Eyes"],"picked":"Auto Shields","floor":5},{"not_picked":["Go for the Eyes","Beam Cell"],"picked":"Self Repair","floor":7},{"not_picked":["Genetic Algorithm","Turbo"],"picked":"Heatsinks","floor":13},{"not_picked":["Conserve Battery","Ball Lightning"],"picked":"Redo","floor":14},{"not_picked":["Machine Learning","Amplify"],"picked":"Thunder Strike","floor":16},{"not_picked":["Reinforced Body","Rebound"],"picked":"Force Field","floor":18},{"not_picked":["Turbo","Leap"],"picked":"Static Discharge+1","floor":20},{"not_picked":["Chaos","Reprogram"],"picked":"Ball Lightning","floor":23},{"not_picked":["Glacier","Multi-Cast"],"picked":"Coolheaded+1","floor":25},{"not_picked":["Barrage","Auto Shields"],"picked":"Storm","floor":28},{"not_picked":["Leap","FTL"],"picked":"Blizzard+1","floor":29},{"not_picked":["Reprogram+1","Recycle"],"picked":"Cold Snap","floor":31},{"not_picked":["Multi-Cast","Thunder Strike"],"picked":"Creative AI","floor":33},{"not_picked":["Go for the Eyes+1","Melter"],"picked":"Heatsinks","floor":34},{"not_picked":["Go for the Eyes","Compile Driver"],"picked":"Machine Learning","floor":34},{"not_picked":["Go for the Eyes","Coolheaded"],"picked":"Redo+1","floor":34},{"not_picked":["Aggregate+1","Double Energy+1"],"picked":"Steam+1","floor":35},{"not_picked":["Capacitor+1","Ball Lightning"],"picked":"Buffer","floor":37},{"not_picked":["Stack","Go for the Eyes+1"],"picked":"Heatsinks+1","floor":39},{"not_picked":["Hologram","Ball Lightning+1"],"picked":"Consume","floor":41},{"not_picked":["Multi-Cast","Coolheaded+1"],"picked":"Gash+1","floor":46},{"not_picked":["Fusion","Reinforced Body+1"],"picked":"Heatsinks+1","floor":47},{"not_picked":["Cold Snap+1","Compile Driver+1"],"picked":"Tempest+1","floor":48}],"player_experience":500271,"relics_obtained":[{"floor":7,"key":"Omamori"},{"floor":9,"key":"Boot"},{"floor":13,"key":"Mummified Hand"},{"floor":17,"key":"Bronze Scales"},{"floor":17,"key":"Dodecahedron"},{"floor":17,"key":"Bird Faced Urn"},{"floor":23,"key":"Kunai"},{"floor":26,"key":"Meat on the Bone"},{"floor":41,"key":"The Courier"},{"floor":43,"key":"Art of War"},{"floor":46,"key":"Vajra"},{"floor":48,"key":"Ginger"}],"event_choices":[{"event_name":"The Woman in Blue","player_choice":"Bought 0 Potions","floor":2,"damage_taken":0},{"event_name":"Golden Wing","player_choice":"Ignored","floor":4,"damage_taken":0},{"event_name":"Mushrooms","player_choice":"Healed and dodged fight","floor":12,"damage_taken":0},{"event_name":"Back to Basics","player_choice":"Simplicity","floor":19,"damage_taken":0},{"event_name":"Addict","player_choice":"Obtained Relic","floor":21,"damage_taken":0},{"event_name":"Golden Shrine","player_choice":"Pray","floor":24,"damage_taken":0},{"event_name":"Winding Halls","player_choice":"Max HP","floor":38,"damage_taken":0},{"event_name":"Mysterious Sphere","player_choice":"Fight","floor":48,"damage_taken":0}],"is_beta":false,"boss_relics":[{"not_picked":["Eternal Feather","Black Star"],"picked":"Calling Bell"},{"not_picked":["Runic Pyramid","Snecko Eye"],"picked":"Orrery"}],"items_purged_floors":[36,44],"is_endless":false,"potions_floor_spawned":[1,20,23,25,33,37,39,46,47],"killed_by":"Awakened One","ascension_level":2}