{"gold_per_floor":[118,118,130,305,305,305,334,344,344,344,295,322,322,332,332,332],"floor_reached":16,"playtime":335,"items_purged":[],"score":184,"play_id":"7c6395dd-19f5-496a-afcb-5835984945fb","local_time":"20181020125951","is_ascension_mode":true,"campfire_choices":[{"data":"Pommel Strike","floor":6,"key":"SMITH"},{"data":"Hemokinesis","floor":10,"key":"SMITH"},{"floor":15,"key":"REST"}],"neow_cost":"NONE","seed_source_timestamp":846362610531805,"circlet_count":0,"master_deck":["Strike_R","Strike_R","Strike_R","Strike_R","Strike_R","Defend_R","Defend_R","Defend_R","Bash","AscendersBane","Impervious","Heavy Blade","Pommel Strike+1","Havoc","Hemokinesis+1","Searing Blow","Wild Strike"],"relics":["Burning Blood","Paper Frog","Ornamental Fan","Centennial Puzzle","Happy Flower"],"potions_floor_usage":[7,12,16],"damage_taken":[{"damage":0,"enemies":"Cultist","floor":1,"turns":5},{"damage":5,"enemies":"Small Slimes","floor":3,"turns":3},{"damage":46,"enemies":"Lagavulin","floor":7,"turns":9},{"damage":9,"enemies":"2 Louse","floor":8,"turns":2},{"damage":18,"enemies":"Gremlin Nob","floor":12,"turns":4},{"damage":1,"enemies":"Exordium Wildlife","floor":14,"turns":4},{"damage":45,"enemies":"Slime Boss","floor":16,"turns":10}],"seed_played":"-4703642931701218739","potions_obtained":[{"floor":1,"key":"Weak Potion"},{"floor":14,"key":"Fire Potion"}],"is_trial":false,"path_per_floor":["M","?","M","?","?","R","E","M","T","R","$","E","?","M","R"],"character_chosen":"IRONCLAD","items_purchased":["Poison Potion"],"campfire_rested":1,"item_purchase_floors":[11],"current_hp_per_floor":[74,74,75,75,75,75,35,32,32,32,32,20,17,22,44,0],"gold":332,"neow_bonus":"ONE_RANDOM_RARE_CARD","is_prod":false,"is_daily":false,"chose_seed":false,"campfire_upgraded":2,"win_rate":0,"timestamp":1540065591,"path_taken":["M","?","M","?","?","R","E","M","T","R","$","E","?","?","R","BOSS"],"build_version":"2018-10-18","purchased_purges":0,"victory":false,"max_hp_per_floor":[75,75,75,75,75,75,75,75,75,75,75,75,75,75,75,75],"card_choices":[{"not_picked":["Evolve","True Grit"],"picked":"Heavy Blade","floor":1},{"not_picked":["Warcry","Thunderclap"],"picked":"Pommel Strike","floor":3},{"not_picked":["Warcry","Fire Breathing"],"picked":"Havoc","floor":7},{"not_picked":["Thunderclap","Pummel"],"picked":"Hemokinesis","floor":8},{"not_picked":["Intimidate","Twin Strike"],"picked":"Searing Blow","floor":12},{"not_picked":["Body Slam","Feel No Pain"],"picked":"Wild Strike","floor":14}],"player_experience":568276,"relics_obtained":[{"floor":7,"key":"Paper Frog"},{"floor":9,"key":"Ornamental Fan"},{"floor":12,"key":"Centennial Puzzle"}],"event_choices":[{"cards_removed":["Defend_R"],"damage_healed":0,"gold_gain":0,"player_choice":"Purged","damage_taken":0,"max_hp_gain":0,"max_hp_loss":0,"event_name":"Purifier","floor":2,"gold_loss":0},{"damage_healed":0,"gold_gain":175,"player_choice":"AGREE","damage_taken":0,"max_hp_gain":0,"max_hp_loss":0,"event_name":"Liars Game","floor":4,"gold_loss":0,"cards_obtained":["Doubt"]},{"cards_removed":["Doubt"],"damage_healed":0,"gold_gain":0,"player_choice":"Forget","damage_taken":0,"max_hp_gain":0,"max_hp_loss":0,"event_name":"Living Wall","floor":5,"gold_loss":0},{"damage_healed":0,"gold_gain":0,"player_choice":"Success","damage_taken":3,"relics_obtained":["Happy Flower"],"max_hp_gain":0,"max_hp_loss":0,"event_name":"Scrap Ooze","floor":13,"gold_loss":0}],"is_beta":false,"boss_relics":[],"items_purged_floors":[],"is_endless":false,"potions_floor_spawned":[1,14],"killed_by":"Slime Boss","ascension_level":14}