{"gold_per_floor":[362,20,20,32,51,51,61,124,124,24,24,24,44,116,116,212,212,230,31,31,83,83,83,2,19,19,19,19,37,66,76,76,176,176,192,212,38,89,89],"floor_reached":39,"playtime":972,"items_purged":[],"score":464,"play_id":"79477a12-87fe-4fda-9b40-7d772fe8532c","local_time":"20181014050724","is_ascension_mode":true,"campfire_choices":[{"data":"Darkness","floor":6,"key":"SMITH"},{"data":"Redo","floor":12,"key":"SMITH"},{"data":"Sunder","floor":15,"key":"SMITH"},{"data":"Static Discharge","floor":23,"key":"SMITH"},{"data":"Redo","floor":28,"key":"SMITH"},{"floor":32,"key":"REST"}],"neow_cost":"PERCENT_DAMAGE","seed_source_timestamp":298973116922041,"circlet_count":0,"master_deck":["Strike_B","Strike_B","Defend_B","Defend_B","Defend_B","Zap","Dualcast","Redo+1","Redo+1","Darkness+1","Sweeping Beam","Sunder+1","Madness","Beam Cell","Thunder Strike","Amplify+1","Streamline+1","Static Discharge+1","Ball Lightning+1","Static Discharge+1","Bandage Up","Storm","Ball Lightning","Shame","All For One","Storm","Hologram+1","All For One","Redo+1","Ball Lightning+1","Rebound","Hologram","Swift Strike","Genetic Algorithm+1"],"relics":["Cracked Core","Toolbox","Pen Nib","Tiny Chest","Anchor","Question Card","Ornamental Fan","Astrolabe","Symbiotic Virus","Art of War","Bronze Scales","Regal Pillow","Torii","Nuclear Battery","FossilizedHelix"],"potions_floor_usage":[8,16,30,30],"damage_taken":[{"damage":2,"enemies":"2 Louse","floor":1,"turns":2},{"damage":0,"enemies":"Cultist","floor":4,"turns":3},{"damage":1,"enemies":"Jaw Worm","floor":5,"turns":4},{"damage":7,"enemies":"Looter","floor":7,"turns":3},{"damage":0,"enemies":"Gremlin Nob","floor":8,"turns":2},{"damage":0,"enemies":"3 Louse","floor":13,"turns":3},{"damage":42,"enemies":"The Guardian","floor":16,"turns":7},{"damage":2,"enemies":"Chosen","floor":18,"turns":3},{"damage":8,"enemies":"3 Byrds","floor":25,"turns":3},{"damage":10,"enemies":"Snake Plant","floor":29,"turns":2},{"damage":34,"enemies":"Slavers","floor":30,"turns":4},{"damage":0,"enemies":"Centurion and Healer","floor":31,"turns":2},{"damage":57,"enemies":"Automaton","floor":33,"turns":7},{"damage":6,"enemies":"3 Shapes","floor":35,"turns":2},{"damage":29,"enemies":"3 Darklings","floor":36,"turns":4},{"damage":39,"enemies":"Mysterious Sphere","floor":38,"turns":4},{"damage":9,"enemies":"4 Shapes","floor":39,"turns":3}],"seed_played":"4188838728387354981","potions_obtained":[{"floor":3,"key":"Explosive Potion"},{"floor":3,"key":"Fire Potion"},{"floor":3,"key":"Explosive Potion"},{"floor":7,"key":"Fire Potion"},{"floor":8,"key":"FearPotion"},{"floor":16,"key":"SteroidPotion"},{"floor":18,"key":"Block Potion"},{"floor":33,"key":"EssenceOfSteel"},{"floor":36,"key":"EssenceOfSteel"}],"is_trial":false,"path_per_floor":["M","$","?","M","M","R","M","E","T","$","?","R","M","T","R","B",null,"M","$","T","T","?","R","$","M","T","?","R","M","E","M","R","B",null,"M","M","$","?"],"character_chosen":"DEFECT","items_purchased":["Toolbox","Pen Nib","Madness","Static Discharge","Bandage Up","Gash","Storm","Rebound","Hologram","Swift Strike"],"campfire_rested":1,"item_purchase_floors":[2,2,10,19,19,19,24,37,37,37],"current_hp_per_floor":[52,52,52,52,51,51,44,44,44,44,44,44,44,44,44,2,75,73,73,73,73,75,75,75,67,67,67,67,57,23,23,60,7,75,69,40,40,1,0],"gold":89,"neow_bonus":"TWO_FIFTY_GOLD","is_prod":false,"is_daily":false,"chose_seed":false,"campfire_upgraded":5,"win_rate":0,"timestamp":1539518844,"path_taken":["M","$","?","M","M","R","M","E","T","$","?","R","?","?","R","BOSS","M","$","?","?","?","R","$","M","T","?","R","M","E","M","R","BOSS","M","?","$","?","M"],"build_version":"2018-10-11","purchased_purges":0,"victory":false,"max_hp_per_floor":[75,75,75,75,75,75,75,75,75,75,75,75,75,75,75,75,75,75,75,75,75,75,75,75,75,75,75,75,75,75,75,75,75,75,75,75,75,75,75],"card_choices":[{"not_picked":["Stack","Recycle"],"picked":"Redo","floor":1},{"not_picked":["Streamline","Chill"],"picked":"Redo","floor":4},{"not_picked":["Conserve Battery","Redo"],"picked":"Darkness","floor":5},{"not_picked":["Biased Cognition","Conserve Battery"],"picked":"Sweeping Beam","floor":7},{"not_picked":["Go for the Eyes","Turbo"],"picked":"Sunder","floor":8},{"not_picked":["Barrage","Streamline","Sweeping Beam"],"picked":"Beam Cell","floor":13},{"not_picked":["Machine Learning","All For One","Reboot"],"picked":"Thunder Strike","floor":16},{"not_picked":["Go for the Eyes+1","Compile Driver","Lockon"],"picked":"Ball Lightning+1","floor":18},{"not_picked":["Streamline","Rebound","Chill"],"picked":"Ball Lightning","floor":25},{"not_picked":["Coolheaded","Sweeping Beam","Barrage+1"],"picked":"All For One","floor":29},{"not_picked":["Gash","Fission","Amplify"],"picked":"Storm","floor":30},{"not_picked":["Sweeping Beam","Rebound","White Noise"],"picked":"Hologram+1","floor":31},{"not_picked":["Seek","Machine Learning","Hyperbeam"],"picked":"All For One","floor":33},{"not_picked":["Loop+1","Ball Lightning","Auto Shields+1"],"picked":"Redo+1","floor":35},{"not_picked":["Loop","Static Discharge","White Noise+1"],"picked":"Ball Lightning+1","floor":36},{"not_picked":["Sunder","Hologram+1","Lockon"],"picked":"Genetic Algorithm+1","floor":38}],"player_experience":495415,"relics_obtained":[{"floor":8,"key":"Tiny Chest"},{"floor":9,"key":"Anchor"},{"floor":14,"key":"Ornamental Fan"},{"floor":20,"key":"Symbiotic Virus"},{"floor":21,"key":"Art of War"},{"floor":26,"key":"Bronze Scales"},{"floor":30,"key":"Torii"},{"floor":38,"key":"FossilizedHelix"}],"event_choices":[{"event_name":"The Lab","player_choice":"Got Potions","floor":3,"damage_taken":0},{"event_name":"Dead Adventurer","player_choice":"Searched \u00272\u0027 times","floor":11,"damage_taken":0},{"event_name":"Bonfire Elementals","player_choice":"COMMON","floor":22,"damage_taken":0},{"event_name":"Addict","player_choice":"Stole Relic","floor":27,"damage_taken":0},{"event_name":"Mysterious Sphere","player_choice":"Fight","floor":38,"damage_taken":0}],"is_beta":false,"boss_relics":[{"not_picked":["FrozenCore","Runic Dome"],"picked":"Astrolabe"},{"not_picked":["Empty Cage","Cursed Key"],"picked":"Nuclear Battery"}],"items_purged_floors":[],"is_endless":false,"potions_floor_spawned":[5,7,8,13,16,18,33,36],"killed_by":"4 Shapes","ascension_level":2}