{"gold_per_floor":[119,119,134,134,134,165,178,198,198,198,223,240,240,24,24,38,38,49,49,49,68,83,83,38,38],"floor_reached":25,"playtime":769,"items_purged":[],"score":205,"play_id":"ccebaa90-4a50-4870-bc40-c1180df335b8","local_time":"20181014013315","is_ascension_mode":false,"campfire_choices":[{"floor":13.0,"key":"REST"},{"data":"Streamline","floor":15,"key":"SMITH"},{"data":"White Noise","floor":23,"key":"SMITH"}],"neow_cost":"","seed_source_timestamp":0,"circlet_count":0,"master_deck":["Strike_B","Strike_B","Strike_B","Strike_B","Defend_B","Defend_B","Defend_B","Defend_B","Zap","Dualcast","Reinforced Body","White Noise+1","Sweeping Beam","Redo","Sunder+1","Streamline+1","Force Field","Madness","Capacitor","Undo","Buffer","Tempest+1","Writhe","Stack+1","Darkness+1","Compile Driver"],"special_seed":0,"relics":["Cracked Core","Ornamental Fan","Blue Candle","Pantograph","Bottled Flame","Odd Mushroom","Sozu","PreservedInsect"],"potions_floor_usage":[16,16],"damage_taken":[{"damage":0.0,"enemies":"2 Louse","floor":1.0,"turns":3.0},{"damage":3.0,"enemies":"Jaw Worm","floor":3.0,"turns":3.0},{"damage":54.0,"enemies":"Gremlin Nob","floor":6.0,"turns":6.0},{"damage":1.0,"enemies":"Small Slimes","floor":7.0,"turns":3.0},{"damage":4.0,"enemies":"Blue Slaver","floor":8.0,"turns":4.0},{"damage":4.0,"enemies":"The Mushroom Lair","floor":11.0,"turns":3.0},{"damage":0.0,"enemies":"2 Fungi Beasts","floor":12.0,"turns":2.0},{"damage":0.0,"enemies":"Exordium Wildlife","floor":14.0,"turns":1.0},{"damage":43,"enemies":"Hexaghost","floor":16,"turns":10},{"damage":24,"enemies":"Shell Parasite","floor":18,"turns":7},{"damage":4,"enemies":"Chosen","floor":21,"turns":5},{"damage":15,"enemies":"Snake Plant","floor":22,"turns":4},{"damage":35,"enemies":"Colosseum Slavers","floor":25,"turns":4}],"seed_played":"-7449256130713809192","potions_obtained":[{"floor":1.0,"key":"Regen Potion"},{"floor":7.0,"key":"GamblersBrew"},{"floor":8.0,"key":"Dexterity Potion"},{"floor":11.0,"key":"SkillPotion"}],"is_trial":false,"path_per_floor":["M","?","M","?","T","E","M","M","T","?","?","M","R","$","R","B",null,"M","?","$","M","M","R","$"],"character_chosen":"DEFECT","items_purchased":["Madness","Capacitor","Undo","Compile Driver"],"campfire_rested":1,"item_purchase_floors":[14,14,14,24],"current_hp_per_floor":[75,75,72,65,65,26,25,21,21,21,17,17,39,39,39,21,75,51,51,51,47,32,32,32,0],"gold":38,"neow_bonus":"","is_prod":false,"is_daily":false,"chose_seed":false,"campfire_upgraded":2,"win_rate":0.0,"timestamp":1539505995,"path_taken":["M","?","M","?","?","E","M","M","T","?","?","M","R","?","R","BOSS","M","?","?","?","M","R","$","?"],"build_version":"2018-10-11","purchased_purges":0,"victory":false,"max_hp_per_floor":[75,75,75,75,75,75,75,75,75,75,75,75,75,75,75,75,75,75,75,75,75,75,75,75,75],"card_choices":[{"not_picked":["Rebound","Cold Snap"],"picked":"Reinforced Body","floor":1.0},{"not_picked":["Scrape","Conserve Battery"],"picked":"White Noise","floor":3.0},{"not_picked":["Meteor Strike","Steam"],"picked":"Sweeping Beam","floor":6.0},{"not_picked":["Leap","Stack"],"picked":"Redo","floor":7.0},{"not_picked":["Loop","Undo"],"picked":"Sunder","floor":8.0},{"not_picked":["Go for the Eyes","Beam Cell"],"picked":"Streamline","floor":11.0},{"not_picked":["Undo","Fission"],"picked":"Force Field","floor":12.0},{"not_picked":["Rainbow","Creative AI"],"picked":"Buffer","floor":16},{"not_picked":["Barrage","Cold Snap+1"],"picked":"Tempest+1","floor":18},{"not_picked":["Skim","Turbo"],"picked":"Stack+1","floor":21},{"not_picked":["Steam Power","Go for the Eyes"],"picked":"Darkness+1","floor":22}],"player_experience":483670,"relics_obtained":[{"floor":5.0,"key":"Blue Candle"},{"floor":6.0,"key":"Pantograph"},{"floor":9.0,"key":"Bottled Flame"},{"floor":11.0,"key":"Odd Mushroom"}],"event_choices":[{"event_name":"Big Fish","player_choice":"Box","floor":2.0,"damage_taken":0.0},{"event_name":"Golden Wing","player_choice":"Card Removal","floor":4.0,"damage_taken":0.0},{"event_name":"Living Wall","player_choice":"Grow","floor":10.0,"damage_taken":0.0},{"event_name":"Mushrooms","player_choice":"Fought Mushrooms","floor":11.0,"damage_taken":0.0},{"event_name":"The Mausoleum","player_choice":"Yes","floor":19,"damage_taken":0},{"event_name":"Colosseum","player_choice":"Fight","floor":25,"damage_taken":0}],"is_beta":false,"boss_relics":[{"not_picked":["Philosopher\u0027s Stone","Coffee Dripper"],"picked":"Sozu"}],"items_purged_floors":[],"is_endless":false,"potions_floor_spawned":[1,7,8,11,18,21],"killed_by":"Colosseum Slavers","ascension_level":0}