{"gold_per_floor":[110,127,143,68,68,68,68,88,88,45,86,6,6,40,40,131,131,149,149,162,162,177,177,195,195,244,159,84,119,134,147,147,236,236,261,261,35,55,55,55,0,43,98,23,23,48,48,66,66,66],"floor_reached":50,"playtime":1694,"items_purged":["Strike_G"],"score":946,"play_id":"71ea0473-2e72-4873-89a4-79c1b97815cf","local_time":"20190116101002","is_ascension_mode":true,"campfire_choices":[{"data":"Deadly Poison","floor":6,"key":"SMITH"},{"floor":13,"key":"REST"},{"data":"Noxious Fumes","floor":15,"key":"SMITH"},{"floor":23,"key":"REST"},{"floor":25,"key":"REST"},{"floor":32,"key":"REST"},{"data":"A Thousand Cuts","floor":40,"key":"SMITH"},{"floor":49,"key":"REST"}],"neow_cost":"NONE","seed_source_timestamp":627631155850147,"circlet_count":0,"master_deck":["AscendersBane","Defend_G","Defend_G+1","Defend_G","Defend_G","Defend_G","Strike_G","Strike_G+1","Survivor","Neutralize+1","Dodge and Roll","Deadly Poison+1","Escape Plan","Dash","All Out Attack","Dodge and Roll","Noxious Fumes+1","A Thousand Cuts+1","Glass Knife+1","Dagger Spray+1","Necronomicurse","Heel Hook+1","Predator+1","Blur","Glass Knife+1","Glass Knife+1","Sucker Punch+1","Flash of Steel+1","Secret Weapon","Well Laid Plans+1","Terror"],"relics":["Ring of the Snake","Golden Idol","Pear","Molten Egg 2","Ornamental Fan","Sozu","Necronomicon","MutagenicStrength","Bag of Preparation","Letter Opener","Bronze Scales","Philosopher\u0027s Stone","Strawberry","Sling","Red Mask","Potion Belt","PreservedInsect"],"potions_floor_usage":[14,18],"damage_taken":[{"damage":0,"enemies":"Cultist","floor":1,"turns":4},{"damage":2,"enemies":"Small Slimes","floor":2,"turns":6},{"damage":0,"enemies":"2 Louse","floor":3,"turns":3},{"damage":0,"enemies":"Red Slaver","floor":8,"turns":4},{"damage":27,"enemies":"Lagavulin","floor":11,"turns":7},{"damage":17,"enemies":"3 Sentries","floor":14,"turns":8},{"damage":25,"enemies":"Hexaghost","floor":16,"turns":10},{"damage":6,"enemies":"Shell Parasite","floor":18,"turns":6},{"damage":17,"enemies":"3 Byrds","floor":20,"turns":4},{"damage":8,"enemies":"Snake Plant","floor":22,"turns":4},{"damage":0,"enemies":"Cultist and Chosen","floor":24,"turns":5},{"damage":10,"enemies":"Gremlin Leader","floor":29,"turns":5},{"damage":1,"enemies":"3 Cultists","floor":30,"turns":4},{"damage":6,"enemies":"Snake Plant","floor":31,"turns":3},{"damage":22,"enemies":"Collector","floor":33,"turns":6},{"damage":3,"enemies":"3 Shapes","floor":35,"turns":4},{"damage":4,"enemies":"3 Darklings","floor":38,"turns":5},{"damage":29,"enemies":"Giant Head","floor":42,"turns":7},{"damage":1,"enemies":"Maw","floor":46,"turns":5},{"damage":13,"enemies":"Jaw Worm Horde","floor":48,"turns":3},{"damage":46,"enemies":"Awakened One","floor":50,"turns":4}],"seed_played":"3544719772540756102","potions_obtained":[{"floor":2,"key":"Dexterity Potion"},{"floor":11,"key":"SkillPotion"}],"is_trial":false,"path_per_floor":["M","M","M","?","?","R","?","M","T","$","E","$","R","E","R","B",null,"M","?","M","?","M","R","M","R","T","?","?","E","M","M","R","B",null,"M","T","$","M","?","R","?","E","T","$","$","M","?","M","R","B"],"character_chosen":"THE_SILENT","items_purchased":["All Out Attack","Noxious Fumes","Sling"],"campfire_rested":5,"item_purchase_floors":[10,12,37],"current_hp_per_floor":[59,57,57,57,57,57,39,39,49,49,22,22,43,26,26,1,53,47,26,9,9,1,22,22,43,43,43,43,33,32,26,47,25,59,56,63,63,59,54,54,54,25,25,25,25,24,24,11,34,0],"gold":66,"neow_bonus":"UPGRADE_CARD","is_prod":false,"is_daily":false,"chose_seed":false,"campfire_upgraded":3,"win_rate":0,"timestamp":1547662202,"path_taken":["M","M","?","?","?","R","?","M","T","?","E","$","R","E","R","BOSS","M","?","M","?","M","R","M","R","T","?","?","E","?","M","R","BOSS","M","?","$","?","?","R","?","E","T","?","$","M","?","M","R","BOSS"],"build_version":"2019-01-10","purchased_purges":1,"victory":false,"max_hp_per_floor":[66,66,66,66,60,60,60,60,70,70,70,70,70,70,70,70,70,70,70,70,70,70,70,70,70,70,70,70,70,70,70,70,70,70,70,77,77,77,77,77,77,77,77,77,77,77,77,77,77,77],"card_choices":[{"not_picked":["Accuracy","Blade Dance"],"picked":"Dodge and Roll","floor":1},{"not_picked":["Bouncing Flask","Eviscerate"],"picked":"Deadly Poison","floor":2},{"not_picked":["Blade Dance","Outmaneuver"],"picked":"Escape Plan","floor":3},{"not_picked":["Underhanded Strike","Quick Slash"],"picked":"Dash","floor":8},{"not_picked":["Masterful Stab","Skewer"],"picked":"Dodge and Roll","floor":11},{"not_picked":["PiercingWail","Underhanded Strike+1"],"picked":"A Thousand Cuts","floor":14},{"not_picked":["Adrenaline","Envenom"],"picked":"Glass Knife+1","floor":16},{"not_picked":["Acrobatics","Cloak And Dagger"],"picked":"Dagger Spray+1","floor":18},{"not_picked":["Underhanded Strike+1","Calculated Gamble+1"],"picked":"Heel Hook+1","floor":20},{"not_picked":["Slice+1","Cloak And Dagger","Outmaneuver"],"picked":"SKIP","floor":22},{"not_picked":["Bouncing Flask","Bane+1"],"picked":"Predator+1","floor":24},{"not_picked":["Concentrate","Acrobatics","Skewer+1"],"picked":"SKIP","floor":29},{"not_picked":["Slice+1","Dagger Throw+1"],"picked":"Blur","floor":30},{"not_picked":["Choke+1","Dodge and Roll"],"picked":"Glass Knife+1","floor":31},{"not_picked":["Tools of the Trade","Storm of Steel"],"picked":"Glass Knife+1","floor":33},{"not_picked":["Prepared","Underhanded Strike+1","Outmaneuver"],"picked":"SKIP","floor":35},{"not_picked":["Poisoned Stab+1","Endless Agony+1"],"picked":"Sucker Punch+1","floor":38},{"not_picked":["Bandage Up","Forethought"],"picked":"Flash of Steel+1","floor":39},{"not_picked":["Good Instincts","Dark Shackles"],"picked":"Secret Weapon","floor":39},{"not_picked":["Acrobatics","Masterful Stab+1","Riddle With Holes+1"],"picked":"SKIP","floor":42},{"not_picked":["Acrobatics+1","Cloak And Dagger"],"picked":"Well Laid Plans+1","floor":46},{"not_picked":["Accuracy","Finisher+1","Outmaneuver"],"picked":"SKIP","floor":48}],"player_experience":1077224,"relics_obtained":[{"floor":9,"key":"Pear"},{"floor":11,"key":"Molten Egg 2"},{"floor":14,"key":"Ornamental Fan"},{"floor":19,"key":"Necronomicon"},{"floor":26,"key":"Bag of Preparation"},{"floor":29,"key":"Bronze Scales"},{"floor":36,"key":"Strawberry"},{"floor":42,"key":"Potion Belt"},{"floor":43,"key":"PreservedInsect"}],"event_choices":[{"cards_removed":["Strike_G"],"damage_healed":0,"gold_gain":0,"player_choice":"Card Removal","damage_taken":0,"max_hp_gain":0,"max_hp_loss":0,"event_name":"The Cleric","floor":4,"gold_loss":75},{"damage_healed":0,"gold_gain":0,"player_choice":"Lose Max HP","damage_taken":0,"relics_obtained":["Golden Idol"],"max_hp_gain":0,"max_hp_loss":6,"event_name":"Golden Idol","floor":5,"gold_loss":0},{"damage_healed":0,"gold_gain":0,"player_choice":"Entered Light","damage_taken":18,"max_hp_gain":0,"max_hp_loss":0,"event_name":"Shining Light","floor":7,"gold_loss":0,"cards_upgraded":["Defend_G","Strike_G"]},{"damage_healed":0,"gold_gain":0,"player_choice":"Obtained Book","damage_taken":21,"max_hp_gain":0,"max_hp_loss":0,"event_name":"Cursed Tome","floor":19,"gold_loss":0},{"damage_healed":0,"gold_gain":0,"player_choice":"Inject Mutagens","damage_taken":0,"relics_obtained":["MutagenicStrength"],"max_hp_gain":0,"max_hp_loss":0,"event_name":"Drug Dealer","floor":21,"gold_loss":0},{"damage_healed":0,"gold_gain":0,"player_choice":"Obtained Relic","damage_taken":0,"relics_obtained":["Letter Opener"],"max_hp_gain":0,"max_hp_loss":0,"event_name":"Addict","floor":27,"gold_loss":85},{"cards_removed":["Strike_G"],"damage_healed":0,"gold_gain":0,"player_choice":"Gave Gold","damage_taken":0,"max_hp_gain":0,"max_hp_loss":0,"event_name":"Beggar","floor":28,"gold_loss":75},{"damage_healed":0,"gold_gain":0,"player_choice":"Memory 2","damage_taken":5,"max_hp_gain":0,"max_hp_loss":0,"event_name":"SensoryStone","floor":39,"gold_loss":0},{"damage_healed":0,"gold_gain":0,"player_choice":"Paid","damage_taken":0,"relics_obtained":["Red Mask"],"max_hp_gain":0,"max_hp_loss":0,"event_name":"Tomb of Lord Red Mask","floor":41,"gold_loss":55},{"damage_healed":0,"gold_gain":0,"player_choice":"1 cards matched","damage_taken":0,"max_hp_gain":0,"max_hp_loss":0,"event_name":"Match and Keep!","floor":47,"gold_loss":0,"cards_obtained":["Terror"]}],"is_beta":false,"boss_relics":[{"not_picked":["Black Star","Velvet Choker"],"picked":"Sozu"},{"not_picked":["Snecko Eye","HoveringKite"],"picked":"Philosopher\u0027s Stone"}],"items_purged_floors":[44],"is_endless":false,"potions_floor_spawned":[2,11,20,22,30,33,38,48],"killed_by":"Awakened One","ascension_level":17}