{"gold_per_floor":[117,137,137,26,45,70,70,98,167,167,167,42,67,108,108,201,201,224,248,104,128,128,128,168,168],"floor_reached":25,"playtime":1479,"items_purged":["Strike_G"],"score":406,"play_id":"1d9ea793-7ad4-48fb-8818-b6d33a7b0c78","local_time":"20181104120818","is_ascension_mode":true,"campfire_choices":[{"floor":7,"key":"REST"},{"floor":10,"key":"REST"},{"data":"Envenom","floor":15,"key":"SMITH"},{"floor":23,"key":"REST"}],"neow_cost":"NONE","seed_source_timestamp":2141731472417413,"circlet_count":0,"master_deck":["AscendersBane","Defend_G","Defend_G","Defend_G+1","Defend_G","Defend_G+1","Strike_G","Strike_G","Strike_G","Strike_G","Survivor","Neutralize","Envenom+1","Poisoned Stab","Deflect","Footwork","All Out Attack","Crippling Poison","All Out Attack","Noxious Fumes","Heel Hook","Slice","Well Laid Plans","Deflect","Envenom","Blade Dance+1","Poisoned Stab","Noxious Fumes","Bane","PiercingWail"],"relics":["Ring of the Snake","Meat on the Bone","Gremlin Horn","War Paint","Kunai","Golden Idol","Torii","White Beast Statue","Lantern"],"potions_floor_usage":[14,16,21,24,25],"damage_taken":[{"damage":0,"enemies":"Cultist","floor":1,"turns":4},{"damage":0,"enemies":"2 Louse","floor":2,"turns":4},{"damage":7,"enemies":"Jaw Worm","floor":5,"turns":3},{"damage":28,"enemies":"3 Sentries","floor":6,"turns":10},{"damage":30,"enemies":"Lagavulin","floor":8,"turns":9},{"damage":12,"enemies":"Large Slime","floor":13,"turns":5},{"damage":31,"enemies":"Gremlin Nob","floor":14,"turns":5},{"damage":24,"enemies":"Hexaghost","floor":16,"turns":10},{"damage":7,"enemies":"Chosen","floor":18,"turns":6},{"damage":24,"enemies":"Spheric Guardian","floor":19,"turns":6},{"damage":10,"enemies":"Centurion and Healer","floor":21,"turns":6},{"damage":16,"enemies":"Gremlin Leader","floor":24,"turns":7},{"damage":48,"enemies":"Colosseum Slavers","floor":25,"turns":4}],"seed_played":"-7778120255504397598","potions_obtained":[{"floor":1,"key":"Weak Potion"},{"floor":13,"key":"SkillPotion"},{"floor":16,"key":"GhostInAJar"},{"floor":18,"key":"Energy Potion"},{"floor":21,"key":"EssenceOfSteel"},{"floor":24,"key":"Regen Potion"}],"is_trial":false,"path_per_floor":["M","M","T","$","M","E","R","E","T","R","?","$","M","E","R","B",null,"M","M","$","M","?","R","E","?"],"character_chosen":"THE_SILENT","items_purchased":["Footwork","All Out Attack","Heel Hook","Slice","Noxious Fumes"],"campfire_rested":3,"item_purchase_floors":[4,4,12,12,20],"current_hp_per_floor":[59,59,59,59,52,36,55,37,37,56,56,56,44,25,25,13,49,42,30,30,32,32,50,34,0],"gold":168,"neow_bonus":"ONE_RANDOM_RARE_CARD","is_prod":false,"is_daily":false,"chose_seed":false,"campfire_upgraded":1,"win_rate":0,"timestamp":1541362098,"path_taken":["M","M","?","$","M","E","R","E","T","R","?","?","M","E","R","BOSS","M","M","$","M","?","R","E","?"],"build_version":"2018-11-01","purchased_purges":1,"victory":false,"max_hp_per_floor":[66,66,66,66,66,66,66,66,66,66,61,61,61,61,61,61,61,61,61,61,61,61,61,61,61],"card_choices":[{"not_picked":["Dodge and Roll","Crippling Poison"],"picked":"Poisoned Stab","floor":1},{"not_picked":["Riddle With Holes","Backflip"],"picked":"Deflect","floor":2},{"not_picked":["Prepared","Underhanded Strike"],"picked":"Crippling Poison","floor":5},{"not_picked":["Flying Knee","Finisher"],"picked":"All Out Attack","floor":6},{"not_picked":["Dodge and Roll","Masterful Stab"],"picked":"Noxious Fumes","floor":8},{"not_picked":["Flechettes","Grand Finale"],"picked":"Well Laid Plans","floor":13},{"not_picked":["Dodge and Roll","Expertise"],"picked":"Deflect","floor":14},{"not_picked":["Burst","Malaise"],"picked":"Envenom","floor":16},{"not_picked":["Acrobatics","Deadly Poison"],"picked":"Blade Dance+1","floor":18},{"not_picked":["Crippling Poison","Prepared"],"picked":"Poisoned Stab","floor":19},{"not_picked":["Predator","Dagger Spray"],"picked":"Bane","floor":21},{"not_picked":["Setup","Dash"],"picked":"PiercingWail","floor":24}],"player_experience":852187,"relics_obtained":[{"floor":3,"key":"Meat on the Bone"},{"floor":6,"key":"Gremlin Horn"},{"floor":8,"key":"War Paint"},{"floor":9,"key":"Kunai"},{"floor":14,"key":"Torii"},{"floor":24,"key":"Lantern"}],"event_choices":[{"damage_healed":0,"gold_gain":0,"player_choice":"Lose Max HP","damage_taken":0,"relics_obtained":["Golden Idol"],"max_hp_gain":0,"max_hp_loss":5,"event_name":"Golden Idol","floor":11,"gold_loss":0},{"damage_healed":0,"gold_gain":0,"player_choice":"Ignored","damage_taken":0,"max_hp_gain":0,"max_hp_loss":0,"event_name":"Cursed Tome","floor":22,"gold_loss":0},{"damage_healed":0,"gold_gain":0,"player_choice":"Fight","damage_taken":0,"max_hp_gain":0,"max_hp_loss":0,"event_name":"Colosseum","floor":25,"gold_loss":0}],"is_beta":false,"boss_relics":[{"not_picked":["Tiny House","HoveringKite"],"picked":"White Beast Statue"}],"items_purged_floors":[20],"is_endless":false,"potions_floor_spawned":[1,13,16,18,19,21,24],"killed_by":"Colosseum Slavers","ascension_level":14}