{"gold_per_floor":[13,33,50,67,77,77,109,121,199,199,474,474,487,505,505,505],"floor_reached":16,"playtime":945,"items_purged":[],"score":287,"play_id":"310dbda4-db7d-43eb-a0cc-298b4006a1c5","local_time":"20190403215407","is_ascension_mode":true,"campfire_choices":[{"data":"Barricade","floor":6.0,"key":"SMITH"},{"data":"Armaments","floor":10.0,"key":"SMITH"},{"data":"Body Slam","floor":12.0,"key":"SMITH"},{"floor":15.0,"key":"DIG"}],"neow_cost":"NO_GOLD","seed_source_timestamp":964073581725133,"circlet_count":0,"master_deck":["AscendersBane","Strike_R","Strike_R","Strike_R","Strike_R","Strike_R","Defend_R","Defend_R","Defend_R","Defend_R","Bash","Body Slam+1","Anger","Armaments","Barricade+1","Armaments+1","Regret","Headbutt","Infernal Blade"],"special_seed":0,"relics":["Burning Blood","Shovel","Darkstone Periapt","Pear","Strawberry"],"potions_floor_usage":[16,16],"damage_taken":[{"damage":7.0,"enemies":"Cultist","floor":1.0,"turns":4.0},{"damage":4.0,"enemies":"2 Louse","floor":2.0,"turns":4.0},{"damage":4.0,"enemies":"Small Slimes","floor":3.0,"turns":3.0},{"damage":19.0,"enemies":"Exordium Wildlife","floor":4.0,"turns":6.0},{"damage":21.0,"enemies":"Large Slime","floor":5.0,"turns":7.0},{"damage":0.0,"enemies":"Lagavulin","floor":7.0,"turns":7.0},{"damage":0.0,"enemies":"Red Slaver","floor":8.0,"turns":3.0},{"damage":16.0,"enemies":"Blue Slaver","floor":13.0,"turns":4.0},{"damage":40.0,"enemies":"Exordium Thugs","floor":14.0,"turns":6.0},{"damage":44,"enemies":"Hexaghost","floor":16,"turns":12}],"seed_played":"7208350036799032416","potions_obtained":[{"floor":4.0,"key":"EssenceOfSteel"},{"floor":5.0,"key":"Poison Potion"},{"floor":8.0,"key":"BloodPotion"},{"floor":13.0,"key":"SpeedPotion"}],"is_trial":false,"path_per_floor":["M","M","M","M","M","R","E","M","T","R","?","R","M","M","R","B"],"character_chosen":"IRONCLAD","items_purchased":[],"campfire_rested":0,"item_purchase_floors":[],"current_hp_per_floor":[67,69,71,58,43,43,49,55,65,65,71,71,61,27,34,0],"gold":505,"neow_bonus":"ONE_RARE_RELIC","is_prod":false,"is_daily":false,"chose_seed":false,"campfire_upgraded":3,"win_rate":0,"timestamp":1554350047,"path_taken":["M","M","M","M","?","R","E","M","T","R","?","R","M","M","R","BOSS"],"build_version":"2019-03-15","purchased_purges":0,"victory":false,"max_hp_per_floor":[75,75,75,75,75,75,75,75,85,85,91,91,91,91,98,98],"card_choices":[{"not_picked":["Twin Strike","Anger"],"picked":"Body Slam","floor":1.0},{"not_picked":["Thunderclap","Heavy Blade"],"picked":"Anger","floor":2.0},{"not_picked":["Seeing Red","Anger"],"picked":"Armaments","floor":3.0},{"not_picked":["Disarm","Reckless Charge"],"picked":"Barricade","floor":4.0},{"not_picked":["Perfected Strike","Twin Strike","Clothesline"],"picked":"SKIP","floor":5.0},{"not_picked":["Hemokinesis","Combust"],"picked":"Armaments","floor":7.0},{"not_picked":["Power Through","Inflame","Thunderclap"],"picked":"SKIP","floor":8.0},{"not_picked":["Warcry","Brutality"],"picked":"Headbutt","floor":13.0},{"not_picked":["Havoc","Rampage"],"picked":"Infernal Blade","floor":14.0}],"player_experience":2744904,"relics_obtained":[{"floor":7.0,"key":"Darkstone Periapt"},{"floor":9.0,"key":"Pear"},{"floor":15.0,"key":"Strawberry"}],"event_choices":[{"damage_healed":0.0,"max_hp_gain":0.0,"max_hp_loss":0.0,"gold_gain":275.0,"event_name":"Golden Shrine","player_choice":"Desecrate","floor":11.0,"gold_loss":0.0,"damage_taken":0.0,"cards_obtained":["Regret"]}],"is_beta":true,"boss_relics":[],"items_purged_floors":[],"is_endless":false,"potions_floor_spawned":[4,5,8,13],"killed_by":"Hexaghost","ascension_level":20}