{"gold_per_floor":[118,136,62,72,92,118,118,118,197,228,56,56,75,107,107,181,181,201,43,56,75,175,175,175],"floor_reached":24,"playtime":1815,"items_purged":["Strike_B"],"score":389,"play_id":"43763a04-f4ea-479d-8cdb-3ca6fcc18dc7","local_time":"20190411115946","is_ascension_mode":true,"campfire_choices":[{"floor":8,"key":"REST"},{"floor":12,"key":"REST"},{"data":"Zap","floor":15,"key":"SMITH"},{"data":"Defragment","floor":23,"key":"SMITH"}],"neow_cost":"NONE","seed_source_timestamp":96124478151609,"circlet_count":0,"master_deck":["AscendersBane","Strike_B","Strike_B","Strike_B","Defend_B","Defend_B","Defend_B","Defend_B","Zap+1","Dualcast","Streamline","Conserve Battery","Doom and Gloom","Beam Cell","Coolheaded","Glacier","Defragment+1","White Noise","White Noise","Electrodynamics","Capacitor","Chill","Cold Snap"],"relics":["Nuclear Battery","WingedGreaves","Kunai","Bag of Preparation","DataDisk","Du-Vu Doll","Black Star","Thread and Needle","Bottled Tornado"],"potions_floor_usage":[6,10,14,18,21],"damage_taken":[{"damage":1,"enemies":"Cultist","floor":1,"turns":4},{"damage":4,"enemies":"2 Louse","floor":2,"turns":4},{"damage":7,"enemies":"Jaw Worm","floor":4,"turns":5},{"damage":26,"enemies":"Exordium Wildlife","floor":5,"turns":5},{"damage":23,"enemies":"Gremlin Nob","floor":6,"turns":5},{"damage":7,"enemies":"3 Sentries","floor":10,"turns":5},{"damage":2,"enemies":"Looter","floor":13,"turns":3},{"damage":8,"enemies":"Gremlin Nob","floor":14,"turns":4},{"damage":20,"enemies":"Slime Boss","floor":16,"turns":4},{"damage":6,"enemies":"Shell Parasite","floor":18,"turns":7},{"damage":0,"enemies":"3 Byrds","floor":20,"turns":3},{"damage":15,"enemies":"Snake Plant","floor":21,"turns":4},{"damage":4,"enemies":"Colosseum Slavers","floor":22,"turns":5},{"damage":0,"enemies":"Colosseum Nobs","floor":22,"turns":3},{"damage":42,"enemies":"Book of Stabbing","floor":24,"turns":4}],"seed_played":"886082154725583959","potions_obtained":[{"floor":1,"key":"Strength Potion"},{"floor":2,"key":"FocusPotion"},{"floor":10,"key":"GamblersBrew"},{"floor":13,"key":"Energy Potion"},{"floor":16,"key":"Swift Potion"},{"floor":18,"key":"Explosive Potion"},{"floor":21,"key":"FairyPotion"}],"is_trial":false,"path_per_floor":["M","M","$","M","M","E","?","R","T","E","$","R","M","E","R","B",null,"M","$","M","M","?","R","E"],"character_chosen":"DEFECT","items_purchased":["Doom and Gloom","DataDisk","Capacitor"],"campfire_rested":2,"item_purchase_floors":[3,11,19],"current_hp_per_floor":[63,59,59,52,26,3,3,24,24,17,17,38,36,28,28,8,55,49,49,49,34,30,30,0],"gold":175,"neow_bonus":"BOSS_RELIC","is_prod":false,"is_daily":false,"chose_seed":false,"campfire_upgraded":2,"win_rate":0,"timestamp":1554980386,"path_taken":["M","M","$","?","M","E","?","R","T","E","$","R","M","E","R","BOSS","M","$","M","M","?","R","E"],"build_version":"2019-01-23","purchased_purges":1,"victory":false,"max_hp_per_floor":[71,71,71,71,71,71,71,71,71,71,71,71,71,71,71,71,71,71,71,71,71,71,71,71],"card_choices":[{"not_picked":["Aggregate","Beam Cell"],"picked":"Streamline","floor":1},{"not_picked":["Barrage","Leap"],"picked":"Conserve Battery","floor":2},{"not_picked":["Stack","Capacitor"],"picked":"Beam Cell","floor":4},{"not_picked":["Steam","Amplify"],"picked":"Coolheaded","floor":5},{"not_picked":["Beam Cell","Sweeping Beam"],"picked":"Glacier","floor":6},{"not_picked":["Scrape","Ball Lightning"],"picked":"Defragment","floor":10},{"not_picked":["Conserve Battery","Hologram"],"picked":"White Noise","floor":13},{"not_picked":["Compile Driver","Sweeping Beam"],"picked":"White Noise","floor":14},{"not_picked":["Meteor Strike","Buffer"],"picked":"Electrodynamics","floor":16},{"not_picked":["Conserve Battery","Double Energy","Sweeping Beam"],"picked":"SKIP","floor":18},{"not_picked":["Rebound","Beam Cell+1","Conserve Battery"],"picked":"SKIP","floor":20},{"not_picked":["Leap","Beam Cell"],"picked":"Chill","floor":21},{"not_picked":["Leap","Beam Cell+1"],"picked":"Cold Snap","floor":22}],"player_experience":1002739,"relics_obtained":[{"floor":6,"key":"WingedGreaves"},{"floor":9,"key":"Kunai"},{"floor":10,"key":"Bag of Preparation"},{"floor":14,"key":"Du-Vu Doll"},{"floor":22,"key":"Thread and Needle"},{"floor":22,"key":"Bottled Tornado"}],"event_choices":[{"damage_healed":0,"gold_gain":0,"player_choice":"Ignored","damage_taken":0,"max_hp_gain":0,"max_hp_loss":0,"event_name":"Shining Light","floor":7,"gold_loss":0},{"damage_healed":0,"gold_gain":0,"player_choice":"Fight","damage_taken":0,"max_hp_gain":0,"max_hp_loss":0,"event_name":"Colosseum","floor":22,"gold_loss":0},{"damage_healed":0,"gold_gain":0,"player_choice":"Fought Nobs","damage_taken":0,"max_hp_gain":0,"max_hp_loss":0,"event_name":"Colosseum","floor":22,"gold_loss":0}],"is_beta":false,"boss_relics":[{"not_picked":["Tiny House","Lizard Tail"],"picked":"Black Star"}],"items_purged_floors":[19],"is_endless":false,"potions_floor_spawned":[1,2,10,13,16,18,21],"killed_by":"Book of Stabbing","ascension_level":16}