{"gold_per_floor":[132,171,346,394,76,76,187,217,243,34,82,157,187,41,41,335,485,506,61,61,61,140,179,236,536,536,486,528,528,0,36,36,327,327],"floor_reached":34,"playtime":1585,"items_purged":["Strike_G","Strike_G","Defend_G","Strike_G+1"],"score":587,"play_id":"a56fc39a-8deb-4da4-9be5-7f1744d38e64","local_time":"20181024125754","daily_mods":["Cursed Run","Vintage","Midas"],"is_ascension_mode":false,"campfire_choices":[{"floor":6,"key":"REST"},{"floor":15,"key":"REST"},{"floor":29,"key":"REST"},{"floor":32,"key":"REST"}],"neow_cost":"","seed_source_timestamp":0,"circlet_count":0,"master_deck":["Defend_G","Defend_G","Defend_G","Strike_G+1","Strike_G+1","Survivor","Neutralize","Doubt","Footwork","Shame","Coolheaded","Dagger Spray+1","Doubt","Magnetism","Footwork","Deflect","Dash+1","Setup","Parasite","Distraction","Well Laid Plans","Infinite Blades","Accuracy","After Image","Doubt","Limit Break+1"],"relics":["Cursed Key","Darkstone Periapt","Du-Vu Doll","Pen Nib","Snake Skull","Whetstone","PrismaticShard","Tiny Chest","The Specimen","Bag of Preparation","MealTicket","Centennial Puzzle","Anchor","Molten Egg 2","Omamori","Tiny House","Blue Candle","Membership Card","Ancient Tea Set","Pear","Bottled Flame","Thread and Needle","Ninja Scroll","Tough Bandages","The Courier","Shuriken","Dodecahedron","Meat on the Bone","Kunai","Mummified Hand","Oddly Smooth Stone","Toxic Egg 2","White Beast Statue"],"potions_floor_usage":[16,18,18,18,25],"damage_taken":[{"damage":2,"enemies":"Small Slimes","floor":1,"turns":3},{"damage":0,"enemies":"2 Louse","floor":2,"turns":3},{"damage":0,"enemies":"Cultist","floor":4,"turns":4},{"damage":14,"enemies":"3 Sentries","floor":7,"turns":13},{"damage":0,"enemies":"Large Slime","floor":8,"turns":9},{"damage":3,"enemies":"Lots of Slimes","floor":11,"turns":5},{"damage":4,"enemies":"Lagavulin","floor":12,"turns":10},{"damage":0,"enemies":"Gremlin Gang","floor":13,"turns":5},{"damage":20,"enemies":"Slime Boss","floor":16,"turns":9},{"damage":1,"enemies":"2 Thieves","floor":18,"turns":4},{"damage":15,"enemies":"Shell Parasite","floor":23,"turns":4},{"damage":3,"enemies":"Chosen and Byrds","floor":24,"turns":4},{"damage":3,"enemies":"Colosseum Slavers","floor":25,"turns":3},{"damage":13,"enemies":"Colosseum Nobs","floor":25,"turns":4},{"damage":4,"enemies":"Centurion and Healer","floor":28,"turns":4},{"damage":2,"enemies":"3 Cultists","floor":31,"turns":4},{"damage":7,"enemies":"Champ","floor":33,"turns":8}],"seed_played":"-6181246076181932142","potions_obtained":[{"floor":1,"key":"FearPotion"},{"floor":2,"key":"Fire Potion"},{"floor":12,"key":"AttackPotion"},{"floor":16,"key":"GamblersBrew"},{"floor":17,"key":"EntropicBrew"},{"floor":23,"key":"AttackPotion"},{"floor":25,"key":"GamblersBrew"},{"floor":33,"key":"Weak Potion"}],"is_trial":true,"path_per_floor":["M","M","?","M","$","R","E","M","T","$","M","E","M","$","R","B",null,"M","$","?","?","T","M","M","?","T","?","M","R","$","M","R","B"],"character_chosen":"THE_SILENT","items_purchased":["PrismaticShard","Footwork","MealTicket","Dagger Spray+1","Membership Card","Footwork","Deflect","Ancient Tea Set","Dash+1","Distraction","Well Laid Plans","Infinite Blades","Accuracy","After Image","Meat on the Bone","Kunai","Mummified Hand"],"campfire_rested":4,"item_purchase_floors":[5,5,10,14,19,19,19,19,19,30,30,30,30,30,30,30,30],"current_hp_per_floor":[68,68,74,74,74,76,62,62,68,68,65,61,61,61,82,68,93,92,93,93,103,103,88,85,69,75,75,71,103,103,101,109,108,115],"gold":327,"neow_bonus":"","is_prod":false,"is_daily":false,"chose_seed":false,"campfire_upgraded":0,"win_rate":0,"timestamp":1540400274,"path_taken":["M","M","?","M","$","R","E","M","T","$","M","E","M","?","R","BOSS","M","$","?","?","?","M","M","?","T","?","M","R","?","M","R","BOSS"],"build_version":"2018-10-18","purchased_purges":4,"victory":false,"max_hp_per_floor":[70,70,76,76,76,76,76,76,82,82,82,82,82,82,82,88,93,93,93,93,103,103,103,103,103,109,109,109,109,109,109,109,115,115],"card_choices":[{"not_picked":["Redo","True Grit","Beam Cell"],"picked":"SKIP","floor":7},{"not_picked":["Combust","Power Through"],"picked":"Coolheaded","floor":12},{"not_picked":["Feed+1","Bludgeon+1"],"picked":"Magnetism","floor":16},{"not_picked":["Secret Weapon","Offering"],"picked":"Limit Break","floor":33}],"player_experience":249018,"relics_obtained":[{"floor":1,"key":"Pen Nib"},{"floor":2,"key":"Snake Skull"},{"floor":4,"key":"Whetstone"},{"floor":7,"key":"Tiny Chest"},{"floor":8,"key":"The Specimen"},{"floor":9,"key":"Bag of Preparation"},{"floor":11,"key":"Centennial Puzzle"},{"floor":12,"key":"Anchor"},{"floor":13,"key":"Molten Egg 2"},{"floor":16,"key":"Omamori"},{"floor":18,"key":"Blue Candle"},{"floor":22,"key":"Bottled Flame"},{"floor":23,"key":"Thread and Needle"},{"floor":24,"key":"Ninja Scroll"},{"floor":25,"key":"Tough Bandages"},{"floor":25,"key":"The Courier"},{"floor":26,"key":"Shuriken"},{"floor":28,"key":"Dodecahedron"},{"floor":31,"key":"Oddly Smooth Stone"},{"floor":33,"key":"Toxic Egg 2"}],"event_choices":[{"damage_healed":0,"gold_gain":175,"player_choice":"AGREE","damage_taken":0,"max_hp_gain":0,"max_hp_loss":0,"event_name":"Liars Game","floor":3,"gold_loss":0,"cards_obtained":["Doubt"]},{"damage_healed":0,"gold_gain":0,"cards_transformed":["Defend_G"],"player_choice":"Transformed","damage_taken":0,"max_hp_gain":0,"max_hp_loss":0,"event_name":"Transmorgrifier","floor":20,"gold_loss":0,"cards_obtained":["Setup"]},{"damage_healed":0,"gold_gain":0,"player_choice":"Stole Relic","damage_taken":0,"relics_obtained":["Pear"],"max_hp_gain":0,"max_hp_loss":0,"event_name":"Addict","floor":21,"gold_loss":0,"cards_obtained":["Shame"]},{"damage_healed":0,"gold_gain":0,"player_choice":"Fight","damage_taken":0,"max_hp_gain":0,"max_hp_loss":0,"event_name":"Colosseum","floor":25,"gold_loss":0},{"damage_healed":0,"gold_gain":0,"player_choice":"Fought Nobs","damage_taken":0,"max_hp_gain":0,"max_hp_loss":0,"event_name":"Colosseum","floor":25,"gold_loss":0},{"damage_healed":0,"gold_gain":0,"player_choice":"Bet on Murderer","damage_taken":0,"max_hp_gain":0,"max_hp_loss":0,"event_name":"The Joust","floor":27,"gold_loss":50}],"is_beta":false,"boss_relics":[{"not_picked":["WristBlade","Orrery"],"picked":"Tiny House"},{"not_picked":["Empty Cage","Snecko Eye"],"picked":"White Beast Statue"}],"items_purged_floors":[5,14,19,30],"is_endless":false,"potions_floor_spawned":[1,2,12,16,23,25,33],"ascension_level":0}