{"gold_per_floor":[109,128,128,128,141,141,167,167,167,167,193,368,368,63,63,63],"floor_reached":16,"playtime":447,"items_purged":["Strike_R"],"score":122,"play_id":"a634011f-e8da-4746-ace1-1b70e1cd7aa8","local_time":"20190201152104","is_ascension_mode":true,"campfire_choices":[{"data":"Armaments","floor":6,"key":"SMITH"},{"floor":8,"key":"REST"},{"data":"Bash","floor":10,"key":"SMITH"},{"data":"Dark Embrace","floor":13,"key":"SMITH"},{"floor":15,"key":"REST"}],"neow_cost":"NONE","seed_source_timestamp":4343206685100,"circlet_count":0,"master_deck":["Strike_R","Strike_R","Strike_R","Strike_R","Defend_R+1","Defend_R+1","Defend_R","Defend_R","Bash+1","Impervious","Armaments+1","Whirlwind","Regret","Headbutt","Immolate","Dark Embrace+1","Doubt","Seeing Red"],"relics":["Burning Blood","Meat on the Bone","Ice Cream","War Paint","Shuriken","Dead Branch","Bronze Scales"],"potions_floor_usage":[7,11,16],"damage_taken":[{"damage":11,"enemies":"Jaw Worm","floor":1,"turns":4},{"damage":6,"enemies":"2 Louse","floor":2,"turns":3},{"damage":12,"enemies":"Small Slimes","floor":5,"turns":3},{"damage":33,"enemies":"Lagavulin","floor":7,"turns":7},{"damage":35,"enemies":"3 Sentries","floor":11,"turns":4},{"damage":84,"enemies":"The Guardian","floor":16,"turns":15}],"seed_played":"-4861387570752544605","potions_obtained":[{"floor":5,"key":"Poison Potion"},{"floor":7,"key":"BloodPotion"},{"floor":11,"key":"Swift Potion"}],"is_trial":false,"path_per_floor":["M","M","?","?","M","R","E","R","T","R","E","?","R","$","R","B"],"character_chosen":"IRONCLAD","items_purchased":["Seeing Red","Bronze Scales"],"campfire_rested":2,"item_purchase_floors":[14,14],"current_hp_per_floor":[75,75,50,50,56,56,41,65,65,65,56,56,56,56,80,0],"gold":63,"neow_bonus":"ONE_RANDOM_RARE_CARD","is_prod":false,"is_daily":false,"chose_seed":false,"campfire_upgraded":3,"win_rate":0,"timestamp":1549063264,"path_taken":["M","M","?","?","M","R","E","R","T","R","E","?","R","$","R","BOSS"],"build_version":"2019-01-23","purchased_purges":1,"victory":false,"max_hp_per_floor":[80,80,80,80,80,80,80,80,80,80,80,80,80,80,80,80],"card_choices":[{"not_picked":["Wild Strike","Perfected Strike"],"picked":"Armaments","floor":1},{"not_picked":["Seeing Red","Infernal Blade"],"picked":"Whirlwind","floor":2},{"not_picked":["Clash","Havoc"],"picked":"Headbutt","floor":5},{"not_picked":["Armaments","Sword Boomerang"],"picked":"Immolate","floor":7},{"not_picked":["Dropkick","Perfected Strike"],"picked":"Dark Embrace","floor":11}],"player_experience":434963,"relics_obtained":[{"floor":7,"key":"War Paint"},{"floor":9,"key":"Shuriken"},{"floor":11,"key":"Dead Branch"}],"event_choices":[{"damage_healed":0,"gold_gain":0,"player_choice":"Success","damage_taken":25,"relics_obtained":["Meat on the Bone"],"max_hp_gain":0,"max_hp_loss":0,"event_name":"Scrap Ooze","floor":3,"gold_loss":0},{"damage_healed":0,"gold_gain":0,"player_choice":"Box","damage_taken":0,"relics_obtained":["Ice Cream"],"max_hp_gain":0,"max_hp_loss":0,"event_name":"Big Fish","floor":4,"gold_loss":0,"cards_obtained":["Regret"]},{"damage_healed":0,"gold_gain":175,"player_choice":"AGREE","damage_taken":0,"max_hp_gain":0,"max_hp_loss":0,"event_name":"Liars Game","floor":12,"gold_loss":0,"cards_obtained":["Doubt"]}],"is_beta":true,"boss_relics":[],"items_purged_floors":[14],"is_endless":false,"potions_floor_spawned":[5,7,11],"killed_by":"The Guardian","ascension_level":3}