{"gold_per_floor":[211,226,226,151,21,54,4,35,35,35],"floor_reached":10,"playtime":259,"items_purged":[],"score":130,"play_id":"98f58716-9f1d-465e-bc44-d8693aec41e2","local_time":"20181024195221","is_ascension_mode":true,"campfire_choices":[],"neow_cost":"NONE","seed_source_timestamp":1216791099354688,"circlet_count":0,"master_deck":["Strike_R","Strike_R","Strike_R","Strike_R","Strike_R","Defend_R","Defend_R","Defend_R","Defend_R","Bash","AscendersBane","Clothesline","Seeing Red","Carnage","Iron Wave","Disarm"],"relics":["Burning Blood","Pantograph","Ornamental Fan","Paper Frog","Question Card","Gremlin Horn"],"potions_floor_usage":[8,10],"damage_taken":[{"damage":3,"enemies":"2 Louse","floor":1,"turns":4},{"damage":10,"enemies":"Small Slimes","floor":2,"turns":3},{"damage":30,"enemies":"Gremlin Nob","floor":6,"turns":4},{"damage":25,"enemies":"Lagavulin","floor":8,"turns":5},{"damage":29,"enemies":"Gremlin Nob","floor":10,"turns":5}],"seed_played":"4936214846063661145","potions_obtained":[{"floor":1,"key":"LiquidBronze"}],"is_trial":false,"path_per_floor":["M","M","?","?","$","E","?","E","T"],"character_chosen":"IRONCLAD","items_purchased":["Carnage","Block Potion"],"campfire_rested":0,"item_purchase_floors":[5,5],"current_hp_per_floor":[71,67,67,67,67,43,43,24,24,0],"gold":35,"neow_bonus":"HUNDRED_GOLD","is_prod":false,"is_daily":false,"chose_seed":false,"campfire_upgraded":0,"win_rate":0,"timestamp":1540435941,"path_taken":["M","M","?","?","$","E","?","E","T","E"],"build_version":"2018-10-18","purchased_purges":0,"victory":false,"max_hp_per_floor":[75,75,75,75,75,75,75,75,75,75],"card_choices":[{"not_picked":["Rage","Rupture"],"picked":"Clothesline","floor":1},{"not_picked":["Sword Boomerang","Pommel Strike"],"picked":"Seeing Red","floor":2},{"not_picked":["Juggernaut","Bloodletting"],"picked":"Iron Wave","floor":6},{"not_picked":["Infernal Blade","Armaments"],"picked":"Disarm","floor":8}],"player_experience":645018,"relics_obtained":[{"floor":6,"key":"Ornamental Fan"},{"floor":8,"key":"Question Card"},{"floor":9,"key":"Gremlin Horn"}],"event_choices":[{"damage_healed":0,"gold_gain":0,"player_choice":"Box","damage_taken":0,"relics_obtained":["Pantograph"],"max_hp_gain":0,"max_hp_loss":0,"event_name":"Big Fish","floor":3,"gold_loss":0,"cards_obtained":["Regret"]},{"cards_removed":["Regret"],"damage_healed":0,"gold_gain":0,"player_choice":"Card Removal","damage_taken":0,"max_hp_gain":0,"max_hp_loss":0,"event_name":"The Cleric","floor":4,"gold_loss":75},{"damage_healed":0,"gold_gain":0,"player_choice":"Paid Gold","damage_taken":0,"relics_obtained":["Paper Frog"],"max_hp_gain":0,"max_hp_loss":0,"event_name":"WeMeetAgain","floor":7,"gold_loss":50}],"is_beta":false,"boss_relics":[],"items_purged_floors":[],"is_endless":false,"potions_floor_spawned":[1],"killed_by":"Gremlin Nob","ascension_level":15}