{"gold_per_floor":[117,217,217,232,69,103,103,141,164,183,221,221,244,70,70,191,191,205,205,205,205,224,268,0,0,300,300,323,359,374,333,333,333],"floor_reached":33,"playtime":812,"items_purged":[],"score":416,"play_id":"adde4e70-e0b8-449b-9b82-93737621de9f","local_time":"20181015082342","is_ascension_mode":true,"campfire_choices":[{"data":"Sunder","floor":7,"key":"SMITH"},{"data":"White Noise","floor":12,"key":"SMITH"},{"floor":15,"key":"REST"},{"floor":25,"key":"REST"},{"floor":27,"key":"REST"},{"floor":32,"key":"REST"}],"neow_cost":"NONE","seed_source_timestamp":397314498623336,"circlet_count":0,"master_deck":["Strike_B","Strike_B","Strike_B","Strike_B","Defend_B","Defend_B","Defend_B","Defend_B","Zap","Dualcast","White Noise+1","Sweeping Beam","Rebound","Dramatic Entrance","Glacier","Sunder+1","Streamline","Leap","Go for the Eyes","Doom and Gloom","Streamline","Electrodynamics","Heatsinks","Loop","Melter","Static Discharge","Go for the Eyes","Scrape","RitualDagger","Loop","Self Repair","Redo","Go for the Eyes","Conserve Battery","Hello World"],"relics":["Cracked Core","Golden Idol","PreservedInsect","Pantograph","Potion Belt","Ancient Tea Set","Oddly Smooth Stone","Orrery","Boot","Enchiridion","Lantern","Old Coin","Torii"],"potions_floor_usage":[6,16,33],"damage_taken":[{"damage":7,"enemies":"Jaw Worm","floor":1,"turns":3},{"damage":1,"enemies":"Cultist","floor":4,"turns":3},{"damage":8,"enemies":"Gremlin Nob","floor":6,"turns":4},{"damage":12,"enemies":"3 Sentries","floor":8,"turns":3},{"damage":0,"enemies":"2 Louse","floor":10,"turns":1},{"damage":0,"enemies":"Gremlin Nob","floor":11,"turns":2},{"damage":10,"enemies":"Exordium Wildlife","floor":13,"turns":3},{"damage":64,"enemies":"Hexaghost","floor":16,"turns":10},{"damage":11,"enemies":"Spheric Guardian","floor":18,"turns":3},{"damage":2,"enemies":"2 Thieves","floor":22,"turns":4},{"damage":33,"enemies":"Gremlin Leader","floor":23,"turns":5},{"damage":20,"enemies":"Snecko","floor":28,"turns":5},{"damage":25,"enemies":"Book of Stabbing","floor":29,"turns":4},{"damage":13,"enemies":"3 Cultists","floor":30,"turns":3},{"damage":73,"enemies":"Collector","floor":33,"turns":5}],"seed_played":"-2205636047809057691","potions_obtained":[{"floor":1,"key":"Block Potion"},{"floor":10,"key":"Dexterity Potion"},{"floor":16,"key":"Dexterity Potion"},{"floor":30,"key":"Ancient Potion"}],"is_trial":false,"path_per_floor":["M","?","?","M","$","E","R","E","T","M","E","R","M","$","R","B",null,"M","?","?","?","M","E","?","R","T","R","M","E","M","$","R"],"character_chosen":"DEFECT","items_purchased":["Dramatic Entrance","Glacier","Oddly Smooth Stone","Streamline","Hello World"],"campfire_rested":4,"item_purchase_floors":[5,5,14,14,31],"current_hp_per_floor":[68,68,68,67,67,59,59,47,47,47,47,47,37,37,57,5,69,58,58,52,36,34,1,1,21,21,41,35,17,11,11,31,0],"gold":333,"neow_bonus":"THREE_CARDS","is_prod":false,"is_daily":false,"chose_seed":false,"campfire_upgraded":2,"win_rate":0,"timestamp":1539617022,"path_taken":["M","?","?","?","$","E","R","E","T","M","E","R","M","$","R","BOSS","M","?","?","?","M","E","?","R","T","R","M","E","?","?","R","BOSS"],"build_version":"2018-10-11","purchased_purges":0,"victory":false,"max_hp_per_floor":[75,75,69,69,69,69,69,69,69,69,69,69,69,69,69,69,69,69,69,69,69,69,69,69,69,69,69,69,69,69,69,69,69],"card_choices":[{"not_picked":["Heatsinks","Rebound"],"picked":"White Noise","floor":0},{"not_picked":["Steam Power","Steam"],"picked":"Sweeping Beam","floor":1},{"not_picked":["Leap","Stack"],"picked":"Rebound","floor":4},{"not_picked":["Ball Lightning","Steam"],"picked":"Sunder","floor":6},{"not_picked":["Coolheaded","Gash"],"picked":"Streamline","floor":8},{"not_picked":["Consume","Streamline"],"picked":"Leap","floor":10},{"not_picked":["Stack","FTL"],"picked":"Go for the Eyes","floor":11},{"not_picked":["Force Field","Redo"],"picked":"Doom and Gloom","floor":13},{"not_picked":["Thunder Strike","Meteor Strike"],"picked":"Electrodynamics","floor":16},{"not_picked":["Tempest","Gash"],"picked":"Heatsinks","floor":17},{"not_picked":["Stack","Skim"],"picked":"Loop","floor":17},{"not_picked":["Conserve Battery","Beam Cell"],"picked":"Melter","floor":17},{"not_picked":["Barrage","Redo"],"picked":"Static Discharge","floor":17},{"not_picked":["Compile Driver","Turbo"],"picked":"Go for the Eyes","floor":17},{"not_picked":["Lockon","Genetic Algorithm"],"picked":"Scrape","floor":18},{"not_picked":["Beam Cell","Redo"],"picked":"Loop","floor":22},{"not_picked":["Melter+1","Machine Learning"],"picked":"Self Repair","floor":23},{"not_picked":["Skim","Fusion"],"picked":"Redo","floor":28},{"not_picked":["Stack","Turbo"],"picked":"Go for the Eyes","floor":29},{"not_picked":["Cold Snap","Skim"],"picked":"Conserve Battery","floor":30}],"player_experience":509523,"relics_obtained":[{"floor":6,"key":"PreservedInsect"},{"floor":8,"key":"Pantograph"},{"floor":9,"key":"Potion Belt"},{"floor":11,"key":"Ancient Tea Set"},{"floor":21,"key":"Enchiridion"},{"floor":23,"key":"Lantern"},{"floor":26,"key":"Old Coin"},{"floor":29,"key":"Torii"}],"event_choices":[{"event_name":"Golden Shrine","player_choice":"Pray","floor":2,"damage_taken":0},{"event_name":"Golden Idol","player_choice":"Lose Max HP","floor":3,"damage_taken":0},{"event_name":"The Mausoleum","player_choice":"Yes","floor":19,"damage_taken":0},{"event_name":"Nest","player_choice":"Joined the Cult","floor":20,"damage_taken":0},{"event_name":"Cursed Tome","player_choice":"Obtained Book","floor":21,"damage_taken":0},{"event_name":"Masked Bandits","player_choice":"Paid Fearfully","floor":24,"damage_taken":0}],"is_beta":false,"boss_relics":[{"not_picked":["FrozenCore","Velvet Choker"],"picked":"Orrery"}],"items_purged_floors":[],"is_endless":false,"potions_floor_spawned":[1,10,16,30],"killed_by":"Collector","ascension_level":4}