{"gold_per_floor":[118,193,159,1,18,48,23,23,23,23,50,50,50,25,25,100,100,114,129,44,64,64,64,390,402,425,456,456],"floor_reached":28,"playtime":2733,"items_purged":[],"score":432,"play_id":"8a65a600-19b2-46c8-962a-f9073162ec56","local_time":"20181030175259","is_ascension_mode":true,"campfire_choices":[{"floor":8.0,"key":"REST"},{"floor":12.0,"key":"REST"},{"data":"Poisoned Stab","floor":15.0,"key":"SMITH"},{"floor":23,"key":"REST"}],"neow_cost":"NONE","seed_source_timestamp":0,"circlet_count":0,"master_deck":["Defend_G","Defend_G+1","Defend_G","Defend_G","Defend_G","Strike_G","Strike_G","Strike_G","Strike_G","Survivor","Neutralize","AscendersBane","A Thousand Cuts","Poisoned Stab","Well Laid Plans","Catalyst","Footwork","Sucker Punch+1","Escape Plan","Poisoned Stab+1","Die Die Die","Dodge and Roll","Adrenaline","Dagger Spray","Bane","Flying Knee","Dodge and Roll+1","Bouncing Flask","Normality","Deflect"],"special_seed":0,"relics":["Ring of the Snake","Pantograph","Strawberry","Kunai","Question Card","Cursed Key","Bag of Marbles","Old Coin","Snake Skull","Omamori"],"potions_floor_usage":[24,27],"damage_taken":[{"damage":2.0,"enemies":"2 Louse","floor":1.0,"turns":3.0},{"damage":4.0,"enemies":"Jaw Worm","floor":5.0,"turns":5.0},{"damage":26.0,"enemies":"Gremlin Nob","floor":6.0,"turns":4.0},{"damage":20.0,"enemies":"Lagavulin","floor":11.0,"turns":6.0},{"damage":49.0,"enemies":"Slime Boss","floor":16.0,"turns":13.0},{"damage":6,"enemies":"Shell Parasite","floor":18,"turns":9},{"damage":5,"enemies":"Spheric Guardian","floor":19,"turns":4},{"damage":6,"enemies":"Snake Plant","floor":21,"turns":5},{"damage":23,"enemies":"Colosseum Slavers","floor":22,"turns":5},{"damage":28,"enemies":"Slavers","floor":24,"turns":3},{"damage":4,"enemies":"Cultist and Chosen","floor":25,"turns":7},{"damage":8,"enemies":"Book of Stabbing","floor":27,"turns":7},{"damage":13,"enemies":"Sentry and Sphere","floor":28,"turns":3}],"seed_played":"-969585391964535198","potions_obtained":[{"floor":16.0,"key":"GhostInAJar"},{"floor":18,"key":"SteroidPotion"},{"floor":24,"key":"LiquidBronze"}],"is_trial":false,"path_per_floor":["M","?","$","$","M","E","$","R","T","?","E","R","T","$","R","B",null,"M","M","?","M","?","R","E","M","T","E"],"character_chosen":"THE_SILENT","items_purchased":["Well Laid Plans","Catalyst","Footwork","Poison Potion","Poisoned Stab","Dodge and Roll"],"campfire_rested":3,"item_purchase_floors":[3,4,4,4,7,14],"current_hp_per_floor":[61,50,50,50,46,20,20,41,48,33,13,36,36,36,36,12,61,55,50,50,44,21,44,16,12,12,4,0],"gold":456,"neow_bonus":"TRANSFORM_CARD","is_prod":false,"is_daily":false,"chose_seed":false,"campfire_upgraded":1,"win_rate":0,"timestamp":1540947179,"path_taken":["M","?","?","$","?","E","$","R","T","?","E","R","?","?","R","BOSS","M","M","?","M","?","R","E","M","T","E","M"],"build_version":"2018-10-25v2","purchased_purges":0,"victory":false,"max_hp_per_floor":[70,70,70,70,70,70,70,70,77,77,77,77,77,77,77,77,77,77,77,77,77,77,77,77,77,77,77,77],"card_choices":[{"not_picked":["Backflip","Quick Slash"],"picked":"Poisoned Stab","floor":1.0},{"not_picked":["Eviscerate","Reflex"],"picked":"Sucker Punch","floor":5.0},{"not_picked":["Dagger Spray","Acrobatics"],"picked":"Escape Plan","floor":6.0},{"not_picked":["Dodge and Roll","Quick Slash"],"picked":"Die Die Die","floor":11.0},{"not_picked":["Bullet Time","Storm of Steel","Malaise"],"picked":"Adrenaline","floor":16.0},{"not_picked":["Flying Knee","Backflip","Slice"],"picked":"Dagger Spray","floor":18},{"not_picked":["Escape Plan","Accuracy","Sucker Punch"],"picked":"Bane","floor":19},{"not_picked":["Accuracy","Blade Dance","Skewer"],"picked":"Flying Knee","floor":21},{"not_picked":["Sucker Punch","All Out Attack","Bane"],"picked":"Dodge and Roll+1","floor":24},{"not_picked":["Deadly Poison","Footwork","PiercingWail"],"picked":"Bouncing Flask","floor":25},{"not_picked":["Outmaneuver+1","Flechettes","Skewer"],"picked":"Deflect","floor":27}],"player_experience":749963,"relics_obtained":[{"floor":6.0,"key":"Pantograph"},{"floor":9.0,"key":"Strawberry"},{"floor":11.0,"key":"Kunai"},{"floor":13.0,"key":"Question Card"},{"floor":24,"key":"Old Coin"},{"floor":26,"key":"Snake Skull"},{"floor":27,"key":"Omamori"}],"event_choices":[{"damage_healed":0.0,"max_hp_gain":0.0,"max_hp_loss":0.0,"gold_gain":75.0,"event_name":"World of Goop","player_choice":"Gather Gold","floor":2.0,"gold_loss":0.0,"damage_taken":11.0},{"damage_healed":0.0,"max_hp_gain":0.0,"max_hp_loss":0.0,"gold_gain":0.0,"event_name":"Shining Light","player_choice":"Entered Light","floor":10.0,"gold_loss":0.0,"damage_taken":15.0,"cards_upgraded":["Defend_G","Sucker Punch"]},{"damage_healed":0,"gold_gain":0,"player_choice":"Obtained Relic","damage_taken":0,"relics_obtained":["Bag of Marbles"],"max_hp_gain":0,"max_hp_loss":0,"event_name":"Addict","floor":20,"gold_loss":85},{"damage_healed":0,"gold_gain":0,"player_choice":"Fight","damage_taken":0,"max_hp_gain":0,"max_hp_loss":0,"event_name":"Colosseum","floor":22,"gold_loss":0},{"damage_healed":0,"gold_gain":0,"player_choice":"Fled From Nobs","damage_taken":0,"max_hp_gain":0,"max_hp_loss":0,"event_name":"Colosseum","floor":22,"gold_loss":0}],"is_beta":false,"boss_relics":[{"not_picked":["Snecko Eye","Tiny House"],"picked":"Cursed Key"}],"items_purged_floors":[],"is_endless":false,"potions_floor_spawned":[16,18,21,24],"killed_by":"Sentry and Sphere","ascension_level":13}