{"gold_per_floor":[12,12,12,23,34,68,68,81,81,94,123,123,123],"floor_reached":13,"playtime":396,"items_purged":[],"score":176,"play_id":"535be279-327f-44b9-b00e-034476357be8","local_time":"20190131043843","is_ascension_mode":true,"campfire_choices":[{"floor":7,"key":"REST"}],"neow_cost":"NO_GOLD","seed_source_timestamp":301322233049259,"circlet_count":0,"master_deck":["AscendersBane","Defend_G","Defend_G","Defend_G","Defend_G","Defend_G","Strike_G","Strike_G","Strike_G","Strike_G","Strike_G","Survivor","Neutralize","Venomology","Dagger Spray","Backflip","Predator","Noxious Fumes","Noxious Fumes","Deadly Poison","Blur","Doppelganger","Footwork"],"special_seed":0,"relics":["Ring of the Snake","Mummified Hand","Sundial","Bottled Lightning"],"potions_floor_usage":[6,6,8,10,10,11,11,11,13],"damage_taken":[{"damage":6.0,"enemies":"2 Louse","floor":1.0,"turns":5.0},{"damage":2,"enemies":"Jaw Worm","floor":4,"turns":8},{"damage":11,"enemies":"Cultist","floor":5,"turns":4},{"damage":35,"enemies":"Gremlin Nob","floor":6,"turns":5},{"damage":7,"enemies":"Large Slime","floor":8,"turns":6},{"damage":0,"enemies":"Red Slaver","floor":10,"turns":3},{"damage":12,"enemies":"Lagavulin","floor":11,"turns":5},{"damage":14,"enemies":"Gremlin Nob","floor":13,"turns":4}],"seed_played":"-4469413954432143245","potions_obtained":[{"floor":3,"key":"PowerPotion"},{"floor":6,"key":"GhostInAJar"},{"floor":10,"key":"LiquidBronze"}],"is_trial":false,"path_per_floor":["M","?","?","M","M","E","R","M","T","M","E","?","E"],"character_chosen":"THE_SILENT","items_purchased":[],"campfire_rested":1,"item_purchase_floors":[],"current_hp_per_floor":[53,58,58,56,45,10,31,24,24,24,12,12,0],"gold":123,"neow_bonus":"THREE_RARE_CARDS","is_prod":false,"is_daily":false,"chose_seed":false,"campfire_upgraded":0,"win_rate":0,"timestamp":1548938323,"path_taken":["M","?","?","M","M","E","R","?","T","M","E","?","E"],"build_version":"2019-01-23","purchased_purges":0,"victory":false,"max_hp_per_floor":[66,71,71,71,71,71,71,71,71,71,71,71,71],"card_choices":[{"not_picked":["Phantasmal Killer","Grand Finale"],"picked":"Venomology","floor":0.0},{"not_picked":["Leg Sweep","Outmaneuver"],"picked":"Dagger Spray","floor":1},{"not_picked":["Masterful Stab","Dodge and Roll"],"picked":"Backflip","floor":4},{"not_picked":["Prepared","PiercingWail"],"picked":"Predator","floor":5},{"not_picked":["Unload","Flechettes"],"picked":"Noxious Fumes","floor":6},{"not_picked":["Poisoned Stab","Infinite Blades"],"picked":"Noxious Fumes","floor":8},{"not_picked":["Slice","Terror"],"picked":"Deadly Poison","floor":10},{"not_picked":["Riddle With Holes","Setup"],"picked":"Blur","floor":11}],"player_experience":1091401,"relics_obtained":[{"floor":6,"key":"Mummified Hand"},{"floor":9,"key":"Sundial"},{"floor":11,"key":"Bottled Lightning"}],"event_choices":[{"damage_healed":0,"gold_gain":0,"player_choice":"Donut","damage_taken":0,"max_hp_gain":5,"max_hp_loss":0,"event_name":"Big Fish","floor":2,"gold_loss":0},{"damage_healed":0,"gold_gain":0,"player_choice":"Got Potions","damage_taken":0,"max_hp_gain":0,"max_hp_loss":0,"event_name":"Lab","floor":3,"gold_loss":0},{"damage_healed":0,"gold_gain":0,"player_choice":"2 cards matched","damage_taken":0,"max_hp_gain":0,"max_hp_loss":0,"event_name":"Match and Keep!","floor":12,"gold_loss":0,"cards_obtained":["Doppelganger","Footwork"]}],"is_beta":false,"boss_relics":[],"items_purged_floors":[],"is_endless":false,"potions_floor_spawned":[6,8,10],"killed_by":"Gremlin Nob","ascension_level":17}