{"gold_per_floor":[118,118,136,153,45,45,76,76,100,125,142,142,155,183,183,260,260,180,180],"floor_reached":19,"playtime":1276,"items_purged":[],"score":352,"play_id":"dd20ecdd-d656-4bb4-9939-988ca8432142","local_time":"20190413135446","is_ascension_mode":true,"campfire_choices":[{"data":"Conserve Battery","floor":6,"key":"SMITH"},{"data":"Dualcast","floor":8,"key":"SMITH"},{"data":"Coolheaded","floor":15,"key":"SMITH"}],"neow_cost":"NONE","seed_source_timestamp":103191327976241,"circlet_count":0,"master_deck":["AscendersBane","Strike_B","Strike_B","Strike_B","Strike_B","Defend_B","Defend_B","Defend_B","Defend_B","Zap+1","Dualcast+1","Rip and Tear","Ball Lightning","Conserve Battery+1","Cold Snap","Barrage","Coolheaded+1","Core Surge","Capacitor","Buffer","Echo Form","Coolheaded"],"relics":["FrozenCore","Dream Catcher","Bag of Marbles","Letter Opener","Ancient Tea Set"],"potions_floor_usage":[7,10,10,13],"damage_taken":[{"damage":2,"enemies":"Jaw Worm","floor":1,"turns":3},{"damage":0,"enemies":"Cultist","floor":3,"turns":2},{"damage":0,"enemies":"Small Slimes","floor":4,"turns":2},{"damage":31,"enemies":"Gremlin Nob","floor":7,"turns":4},{"damage":8,"enemies":"Lagavulin","floor":10,"turns":5},{"damage":4,"enemies":"Looter","floor":11,"turns":2},{"damage":0,"enemies":"3 Louse","floor":13,"turns":2},{"damage":13,"enemies":"3 Sentries","floor":14,"turns":5},{"damage":14,"enemies":"The Guardian","floor":16,"turns":10},{"damage":19,"enemies":"2 Thieves","floor":18,"turns":4},{"damage":47,"enemies":"3 Byrds","floor":19,"turns":6}],"seed_played":"-6256403397169448581","potions_obtained":[{"floor":1,"key":"Energy Potion"},{"floor":3,"key":"FearPotion"},{"floor":7,"key":"SteroidPotion"},{"floor":10,"key":"Regen Potion"}],"is_trial":false,"path_per_floor":["M","?","M","M","$","R","E","R","T","E","M","?","M","E","R","B",null,"M","M"],"character_chosen":"DEFECT","items_purchased":["Cold Snap","Barrage"],"campfire_rested":0,"item_purchase_floors":[5,5],"current_hp_per_floor":[69,69,69,69,69,69,38,38,38,30,26,31,36,23,23,9,65,46,0],"gold":180,"neow_bonus":"TEN_PERCENT_HP_BONUS","is_prod":false,"is_daily":false,"chose_seed":false,"campfire_upgraded":3,"win_rate":0,"timestamp":1555160086,"path_taken":["M","?","M","M","$","R","E","R","T","E","M","?","M","E","R","BOSS","M","M"],"build_version":"2019-01-23","purchased_purges":0,"victory":false,"max_hp_per_floor":[78,78,78,78,78,78,78,78,78,78,78,83,83,83,83,83,83,83,83],"card_choices":[{"not_picked":["Double Energy","Recycle"],"picked":"Rip and Tear","floor":1},{"not_picked":["Steam","Static Discharge"],"picked":"Ball Lightning","floor":3},{"not_picked":["Chaos","Storm"],"picked":"Conserve Battery","floor":4},{"not_picked":["Rebound","Streamline"],"picked":"Coolheaded","floor":7},{"not_picked":["Go for the Eyes","Conserve Battery"],"picked":"Core Surge","floor":10},{"not_picked":["Gash","Streamline","Force Field"],"picked":"SKIP","floor":11},{"not_picked":["Turbo","Chaos"],"picked":"Capacitor","floor":13},{"not_picked":["Beam Cell","Machine Learning"],"picked":"Buffer","floor":14},{"not_picked":["Reboot","Buffer"],"picked":"Echo Form","floor":16},{"not_picked":["Rebound+1","Hologram+1"],"picked":"Coolheaded","floor":18}],"player_experience":1057658,"relics_obtained":[{"floor":7,"key":"Dream Catcher"},{"floor":9,"key":"Bag of Marbles"},{"floor":10,"key":"Letter Opener"},{"floor":14,"key":"Ancient Tea Set"}],"event_choices":[{"damage_healed":0,"gold_gain":0,"player_choice":"Grow","damage_taken":0,"max_hp_gain":0,"max_hp_loss":0,"event_name":"Living Wall","floor":2,"gold_loss":0,"cards_upgraded":["Zap"]},{"damage_healed":0,"gold_gain":0,"player_choice":"Donut","damage_taken":0,"max_hp_gain":5,"max_hp_loss":0,"event_name":"Big Fish","floor":12,"gold_loss":0}],"is_beta":false,"boss_relics":[{"not_picked":["Tiny House","White Beast Statue"],"picked":"FrozenCore"}],"items_purged_floors":[],"is_endless":false,"potions_floor_spawned":[1,3,7,10],"killed_by":"3 Byrds","ascension_level":18}