{"gold_per_floor":[115,115,115,13,88,118,118,148,175,175,194,220,220,5,5,106,106,123,123,137,137],"floor_reached":21,"playtime":870,"items_purged":["Strike_R"],"score":279,"play_id":"05070ed1-1be1-426a-817b-2b1084bf1c34","local_time":"20190327163607","is_ascension_mode":true,"campfire_choices":[{"data":"Thunderclap","floor":7,"key":"SMITH"},{"data":"Wild Strike","floor":10,"key":"SMITH"},{"data":"Evolve","floor":13,"key":"SMITH"},{"data":"Flex","floor":15,"key":"SMITH"}],"neow_cost":"NONE","seed_source_timestamp":2554683421800,"circlet_count":0,"master_deck":["Strike_R","Strike_R","Strike_R","Strike_R","Defend_R","Defend_R","Defend_R","Defend_R","Bash+1","Dropkick","Thunderclap+1","Wild Strike+1","Evolve+1","Reaper","Flex+1","Barricade","Shockwave","Writhe"],"relics":["Burning Blood","NeowsBlessing","Singing Bowl","Regal Pillow","Lantern","Bag of Preparation","Runic Pyramid","Potion Belt"],"potions_floor_usage":[21,21],"damage_taken":[{"damage":0,"enemies":"Jaw Worm","floor":1,"turns":1},{"damage":0,"enemies":"Lagavulin","floor":6,"turns":1},{"damage":0,"enemies":"3 Sentries","floor":8,"turns":1},{"damage":0,"enemies":"Cultist","floor":11,"turns":2},{"damage":16,"enemies":"Gremlin Nob","floor":12,"turns":3},{"damage":8,"enemies":"Slime Boss","floor":16,"turns":7},{"damage":28,"enemies":"Shell Parasite","floor":18,"turns":4},{"damage":52,"enemies":"Spheric Guardian","floor":20,"turns":6},{"damage":17,"enemies":"Colosseum Slavers","floor":21,"turns":3}],"seed_played":"-7496068036832147183","potions_obtained":[{"floor":1,"key":"LiquidBronze"},{"floor":11,"key":"EssenceOfSteel"},{"floor":12,"key":"FairyPotion"},{"floor":20,"key":"EssenceOfSteel"}],"is_trial":false,"path_per_floor":["M","?","$","$","?","E","R","E","T","R","M","E","R","$","R","B",null,"M","?","M","?"],"character_chosen":"IRONCLAD","items_purchased":["Thunderclap","Reaper","Flex"],"campfire_rested":0,"item_purchase_floors":[4,14,14],"current_hp_per_floor":[80,80,80,80,69,77,77,82,82,82,84,74,74,74,74,82,84,62,62,18,13],"gold":137,"neow_bonus":"THREE_ENEMY_KILL","is_prod":false,"is_daily":false,"chose_seed":false,"campfire_upgraded":4,"win_rate":0,"timestamp":1553729767,"path_taken":["M","?","?","$","?","E","R","E","T","R","M","E","R","$","R","BOSS","M","?","M","?"],"build_version":"2019-03-15","purchased_purges":1,"victory":false,"max_hp_per_floor":[80,80,80,80,80,82,82,82,82,82,84,84,84,84,84,84,84,84,84,86,86],"card_choices":[{"not_picked":["Burning Pact","Combust"],"picked":"Dropkick","floor":1},{"not_picked":["Clash","Clothesline","Ghostly Armor"],"picked":"Singing Bowl","floor":6},{"not_picked":["Clothesline","Ghostly Armor"],"picked":"Wild Strike","floor":8},{"not_picked":["Body Slam","Wild Strike","Searing Blow"],"picked":"Singing Bowl","floor":11},{"not_picked":["Reckless Charge","Heavy Blade"],"picked":"Evolve","floor":12},{"not_picked":["Berserk","Double Tap"],"picked":"Barricade","floor":16},{"not_picked":["Battle Trance","Second Wind+1"],"picked":"Shockwave","floor":18},{"not_picked":["Wild Strike","Body Slam","Infernal Blade"],"picked":"Singing Bowl","floor":20}],"player_experience":622086,"relics_obtained":[{"floor":6,"key":"Singing Bowl"},{"floor":8,"key":"Regal Pillow"},{"floor":9,"key":"Lantern"},{"floor":12,"key":"Bag of Preparation"}],"event_choices":[{"damage_healed":0,"gold_gain":0,"player_choice":"Upgraded","damage_taken":0,"max_hp_gain":0,"max_hp_loss":0,"event_name":"Upgrade Shrine","floor":2,"gold_loss":0,"cards_upgraded":["Bash"]},{"damage_healed":0,"gold_gain":75,"player_choice":"Gather Gold","damage_taken":11,"max_hp_gain":0,"max_hp_loss":0,"event_name":"World of Goop","floor":5,"gold_loss":0},{"damage_healed":0,"gold_gain":0,"player_choice":"Opened","damage_taken":0,"relics_obtained":["Potion Belt"],"max_hp_gain":0,"max_hp_loss":0,"event_name":"The Mausoleum","floor":19,"gold_loss":0,"cards_obtained":["Writhe"]},{"damage_healed":0,"gold_gain":0,"player_choice":"Fight","damage_taken":0,"max_hp_gain":0,"max_hp_loss":0,"event_name":"Colosseum","floor":21,"gold_loss":0}],"is_beta":true,"boss_relics":[{"not_picked":["Ectoplasm","Runic Cube"],"picked":"Runic Pyramid"}],"items_purged_floors":[4],"is_endless":false,"potions_floor_spawned":[1,11,12,20],"killed_by":"Colosseum Slavers","ascension_level":3}