{"gold_per_floor":[109,129,129,141,155,183,183,216,216,216,64,64,78,3,3,96,96,109,128,128,149,149,149,172,172,217,217,217,235,235,248,248,248],"floor_reached":33,"playtime":1808,"items_purged":["Strike_R"],"score":463,"play_id":"df3c9f1f-b7b9-495c-a561-1e7dd3a1ba98","local_time":"20190316162839","is_ascension_mode":true,"campfire_choices":[{"data":"Bash","floor":7.0,"key":"SMITH"},{"floor":10.0,"key":"REST"},{"data":"Armaments","floor":15,"key":"SMITH"},{"floor":23,"key":"REST"},{"data":"True Grit","floor":25,"key":"SMITH"},{"data":"Shockwave","floor":27,"key":"SMITH"},{"data":"Flame Barrier","floor":28,"key":"SMITH"},{"floor":30,"key":"REST"},{"data":"Whirlwind","floor":32,"key":"SMITH"}],"neow_cost":"NONE","seed_source_timestamp":0,"circlet_count":0,"master_deck":["AscendersBane","Strike_R","Strike_R","Strike_R","Defend_R","Defend_R","Defend_R","Defend_R","Bash+1","Pommel Strike","Headbutt","Clothesline","Pummel","Shrug It Off","Armaments+1","Blood for Blood","Flame Barrier+1","Double Tap","True Grit+1","Shockwave+1","Sword Boomerang","Metallicize","Whirlwind+1"],"special_seed":0,"relics":["Burning Blood","WingedGreaves","Self Forming Clay","Calipers","Golden Idol","Mark of Pain","Regal Pillow"],"potions_floor_usage":[21,21],"damage_taken":[{"damage":4.0,"enemies":"2 Louse","floor":1.0,"turns":3.0},{"damage":1.0,"enemies":"Cultist","floor":2.0,"turns":3.0},{"damage":2.0,"enemies":"Jaw Worm","floor":4.0,"turns":3.0},{"damage":19.0,"enemies":"Exordium Wildlife","floor":5.0,"turns":5.0},{"damage":20.0,"enemies":"Gremlin Nob","floor":6.0,"turns":4.0},{"damage":37.0,"enemies":"Lagavulin","floor":8.0,"turns":6.0},{"damage":10.0,"enemies":"2 Fungi Beasts","floor":13.0,"turns":3.0},{"damage":24,"enemies":"Hexaghost","floor":16,"turns":10},{"damage":2,"enemies":"3 Byrds","floor":18,"turns":4},{"damage":14,"enemies":"Spheric Guardian","floor":19,"turns":4},{"damage":39,"enemies":"3 Cultists","floor":21,"turns":7},{"damage":27,"enemies":"Centurion and Healer","floor":24,"turns":6},{"damage":10,"enemies":"Snecko","floor":29,"turns":4},{"damage":15,"enemies":"Chosen and Byrds","floor":31,"turns":7},{"damage":91,"enemies":"Automaton","floor":33,"turns":6}],"seed_played":"-3297244444193534485","potions_obtained":[{"floor":2.0,"key":"Explosive Potion"},{"floor":6.0,"key":"Weak Potion"},{"floor":8.0,"key":"GamblersBrew"},{"floor":18,"key":"Regen Potion"}],"is_trial":false,"path_per_floor":["M","M","?","M","M","E","R","E","T","R","$","?","M","$","R","B",null,"M","M","?","M","?","R","M","R","T","R","R","M","R","M","R","B"],"character_chosen":"IRONCLAD","items_purchased":["Blood for Blood","Flame Barrier"],"campfire_rested":3,"item_purchase_floors":[11,14],"current_hp_per_floor":[77,82,82,82,69,55,55,24,24,48,48,48,44,44,44,26,62,66,58,58,40,40,62,41,41,41,41,41,37,74,65,65,0],"gold":248,"neow_bonus":"TEN_PERCENT_HP_BONUS","is_prod":false,"is_daily":false,"chose_seed":false,"campfire_upgraded":6,"win_rate":0,"timestamp":1552768119,"path_taken":["M","M","?","?","M","E","R","E","T","R","$","?","M","?","R","BOSS","M","M","?","?","?","R","M","R","T","R","R","M","R","M","R","BOSS"],"build_version":"2019-01-23","purchased_purges":1,"victory":false,"max_hp_per_floor":[82,82,82,82,82,82,82,82,82,82,82,74,74,74,74,74,74,74,74,74,74,74,74,74,74,74,74,74,74,74,74,74,74],"card_choices":[{"not_picked":["Heavy Blade","Twin Strike"],"picked":"Pommel Strike","floor":1.0},{"not_picked":["Havoc","Pommel Strike"],"picked":"Headbutt","floor":2.0},{"not_picked":["Cleave","Iron Wave"],"picked":"Clothesline","floor":4.0},{"not_picked":["Body Slam","Brutality"],"picked":"Pummel","floor":5.0},{"not_picked":["Rupture","Anger"],"picked":"Shrug It Off","floor":6.0},{"not_picked":["Perfected Strike","Second Wind"],"picked":"Armaments","floor":8.0},{"not_picked":["Headbutt","Twin Strike","Clothesline"],"picked":"SKIP","floor":13.0},{"not_picked":["Berserk","Exhume"],"picked":"Double Tap","floor":16},{"not_picked":["Twin Strike","Anger"],"picked":"True Grit","floor":18},{"not_picked":["Sentinel+1","Body Slam+1"],"picked":"Shockwave","floor":19},{"not_picked":["Heavy Blade+1","Headbutt","Body Slam"],"picked":"SKIP","floor":21},{"not_picked":["Iron Wave","Dual Wield"],"picked":"Sword Boomerang","floor":24},{"not_picked":["Twin Strike","Thunderclap"],"picked":"Metallicize","floor":29},{"not_picked":["Armaments","Wild Strike"],"picked":"Whirlwind","floor":31}],"player_experience":313392,"relics_obtained":[{"floor":6.0,"key":"WingedGreaves"},{"floor":8.0,"key":"Self Forming Clay"},{"floor":9.0,"key":"Calipers"},{"floor":26,"key":"Regal Pillow"}],"event_choices":[{"cards_removed":["Strike_R"],"damage_healed":0.0,"max_hp_gain":0.0,"max_hp_loss":0.0,"gold_gain":0.0,"event_name":"Purifier","player_choice":"Purged","floor":3.0,"gold_loss":0.0,"damage_taken":0.0},{"damage_healed":0.0,"max_hp_gain":0.0,"max_hp_loss":8.0,"gold_gain":0.0,"event_name":"Golden Idol","player_choice":"Lose Max HP","floor":12.0,"gold_loss":0.0,"damage_taken":0.0,"relics_obtained":["Golden Idol"]},{"damage_healed":0,"gold_gain":0,"player_choice":"Got Potions","damage_taken":0,"max_hp_gain":0,"max_hp_loss":0,"event_name":"Lab","floor":20,"gold_loss":0},{"damage_healed":0,"gold_gain":0,"player_choice":"Ignored","damage_taken":0,"max_hp_gain":0,"max_hp_loss":0,"event_name":"The Mausoleum","floor":22,"gold_loss":0}],"is_beta":false,"boss_relics":[{"not_picked":["Philosopher\u0027s Stone","Empty Cage"],"picked":"Mark of Pain"}],"items_purged_floors":[11],"is_endless":false,"potions_floor_spawned":[2,6,8,18,19],"killed_by":"Automaton","ascension_level":16}