{"gold_per_floor":[115,115,40,40,54,79,79,114,114,126,126,51,65,84,84,185,185,197,472,491,16,28,28,28],"floor_reached":24,"playtime":1773,"items_purged":["Defend_R","Regret"],"score":254,"play_id":"7f189d4c-c2ba-44a5-95b6-671452f0895a","local_time":"20190117023210","is_ascension_mode":true,"campfire_choices":[{"data":"Hemokinesis","floor":7,"key":"SMITH"},{"data":"Exhume","floor":15,"key":"SMITH"},{"floor":23,"key":"REST"}],"neow_cost":"NONE","seed_source_timestamp":896206225122828,"circlet_count":0,"master_deck":["Strike_R","Strike_R","Strike_R","Strike_R","Strike_R+1","Defend_R","Defend_R","Defend_R","Bash+1","Flame Barrier+1","Hemokinesis+1","Exhume+1","Shrug It Off","Battle Trance","Spot Weakness","Demon Form","Clothesline","Dramatic Entrance","Disarm"],"relics":["Burning Blood","NeowsBlessing","Incense Burner","Anchor","Paper Frog","Philosopher\u0027s Stone","Membership Card","Mummified Hand"],"potions_floor_usage":[8,18,22,22,22,22],"damage_taken":[{"damage":0,"enemies":"2 Louse","floor":1,"turns":1},{"damage":0,"enemies":"Cultist","floor":5,"turns":1},{"damage":3,"enemies":"3 Sentries","floor":6,"turns":2},{"damage":16,"enemies":"Gremlin Nob","floor":8,"turns":3},{"damage":2,"enemies":"Small Slimes","floor":10,"turns":3},{"damage":5,"enemies":"Looter","floor":13,"turns":3},{"damage":2,"enemies":"Red Slaver","floor":14,"turns":2},{"damage":48,"enemies":"The Guardian","floor":16,"turns":15},{"damage":34,"enemies":"3 Byrds","floor":18,"turns":4},{"damage":45,"enemies":"Spheric Guardian","floor":20,"turns":4},{"damage":2,"enemies":"3 Cultists","floor":22,"turns":3},{"damage":46,"enemies":"Shelled Parasite and Fungi","floor":24,"turns":4}],"seed_played":"-3974954092144640370","potions_obtained":[{"floor":5,"key":"SneckoOil"},{"floor":6,"key":"AttackPotion"},{"floor":8,"key":"EntropicBrew"},{"floor":13,"key":"Explosive Potion"},{"floor":18,"key":"Swift Potion"}],"is_trial":false,"path_per_floor":["M","?","$","?","M","E","R","E","T","M","?","$","M","M","R","B",null,"M","?","M","$","M","R","M"],"character_chosen":"IRONCLAD","items_purchased":["Battle Trance","Membership Card","Dramatic Entrance","Mummified Hand"],"campfire_rested":1,"item_purchase_floors":[12,21,21,21],"current_hp_per_floor":[80,80,80,80,80,80,80,70,70,74,58,58,59,63,63,21,80,52,52,13,13,17,41,0],"gold":28,"neow_bonus":"THREE_ENEMY_KILL","is_prod":false,"is_daily":false,"chose_seed":false,"campfire_upgraded":2,"win_rate":0,"timestamp":1547710330,"path_taken":["M","?","?","?","M","E","R","E","T","M","?","?","M","M","R","BOSS","M","?","M","$","M","R","M"],"build_version":"2019-01-10","purchased_purges":2,"victory":false,"max_hp_per_floor":[80,80,80,80,80,80,80,80,80,80,80,80,80,80,80,80,80,80,80,80,80,80,80,80],"card_choices":[{"not_picked":["Flex","Body Slam"],"picked":"Flame Barrier","floor":1},{"not_picked":["Armaments","True Grit"],"picked":"Hemokinesis","floor":5},{"not_picked":["Clash","Power Through","Perfected Strike"],"picked":"SKIP","floor":6},{"not_picked":["Entrench","Twin Strike"],"picked":"Exhume","floor":8},{"not_picked":["Anger","Pommel Strike"],"picked":"Shrug It Off","floor":10},{"not_picked":["Twin Strike","Armaments","Thunderclap"],"picked":"SKIP","floor":13},{"not_picked":["Power Through","Anger"],"picked":"Spot Weakness","floor":14},{"not_picked":["Bludgeon","Barricade"],"picked":"Demon Form","floor":16},{"not_picked":["Wild Strike+1","Headbutt","Corruption"],"picked":"SKIP","floor":18},{"not_picked":["Sword Boomerang","Thunderclap"],"picked":"Clothesline","floor":20},{"not_picked":["Thunderclap","Iron Wave+1"],"picked":"Disarm","floor":22}],"player_experience":139964,"relics_obtained":[{"floor":6,"key":"Incense Burner"},{"floor":8,"key":"Anchor"},{"floor":9,"key":"Paper Frog"}],"event_choices":[{"damage_healed":0,"gold_gain":0,"player_choice":"Forge","damage_taken":0,"max_hp_gain":0,"max_hp_loss":0,"event_name":"Accursed Blacksmith","floor":2,"gold_loss":0,"cards_upgraded":["Bash"]},{"damage_healed":0,"gold_gain":0,"player_choice":"Leave","damage_taken":0,"max_hp_gain":0,"max_hp_loss":0,"event_name":"The Cleric","floor":4,"gold_loss":0},{"damage_healed":0,"gold_gain":0,"player_choice":"Entered Light","damage_taken":16,"max_hp_gain":0,"max_hp_loss":0,"event_name":"Shining Light","floor":11,"gold_loss":0,"cards_upgraded":["Flame Barrier","Strike_R"]},{"damage_healed":0,"gold_gain":275,"player_choice":"Desecrate","damage_taken":0,"max_hp_gain":0,"max_hp_loss":0,"event_name":"Golden Shrine","floor":19,"gold_loss":0,"cards_obtained":["Regret"]}],"is_beta":false,"boss_relics":[{"not_picked":["White Beast Statue","Ectoplasm"],"picked":"Philosopher\u0027s Stone"}],"items_purged_floors":[3,21],"is_endless":false,"potions_floor_spawned":[5,6,8,13,14,16,18],"killed_by":"Shelled Parasite and Fungi","ascension_level":2}