{"gold_per_floor":[113,113,113,132,149,149,160,172,226,226,245,245,263,278,278,278],"floor_reached":16,"playtime":453,"items_purged":[],"score":115,"play_id":"1fecdc48-cace-4475-9b28-47524668c864","local_time":"20181205090044","is_ascension_mode":true,"campfire_choices":[{"data":"Disarm","floor":6,"key":"SMITH"},{"data":"True Grit","floor":10,"key":"SMITH"},{"data":"Rampage","floor":12,"key":"SMITH"},{"floor":15,"key":"REST"}],"neow_cost":"NONE","seed_source_timestamp":743311169640996,"circlet_count":0,"master_deck":["Strike_R","Strike_R","Strike_R","Strike_R","Defend_R","Defend_R","Defend_R","Defend_R","Bash","Rampage+1","Disarm+1","True Grit+1"],"relics":["Burning Blood","Boot","Centennial Puzzle"],"potions_floor_usage":[7,8,14],"damage_taken":[{"damage":0,"enemies":"Small Slimes","floor":1,"turns":3},{"damage":8,"enemies":"Jaw Worm","floor":4,"turns":4},{"damage":4,"enemies":"2 Louse","floor":5,"turns":4},{"damage":34,"enemies":"Gremlin Gang","floor":7,"turns":6},{"damage":11,"enemies":"3 Louse","floor":8,"turns":2},{"damage":9,"enemies":"Large Slime","floor":11,"turns":7},{"damage":10,"enemies":"Blue Slaver","floor":13,"turns":4},{"damage":14,"enemies":"Looter","floor":14,"turns":3},{"damage":69,"enemies":"Slime Boss","floor":16,"turns":8}],"seed_played":"2911188886422774158","potions_obtained":[{"floor":5,"key":"Explosive Potion"},{"floor":7,"key":"Explosive Potion"},{"floor":13,"key":"AttackPotion"}],"is_trial":false,"path_per_floor":["M","?","?","M","M","R","M","M","T","R","M","R","M","M","R","B"],"character_chosen":"IRONCLAD","items_purchased":[],"campfire_rested":1,"item_purchase_floors":[],"current_hp_per_floor":[80,85,78,76,78,78,50,45,45,45,42,42,38,30,55,0],"gold":278,"neow_bonus":"RANDOM_COMMON_RELIC","is_prod":false,"is_daily":false,"chose_seed":false,"campfire_upgraded":3,"win_rate":0,"timestamp":1544018444,"path_taken":["M","?","?","M","M","R","M","M","T","R","?","R","M","M","R","BOSS"],"build_version":"2018-11-15","purchased_purges":0,"victory":false,"max_hp_per_floor":[80,85,85,85,85,85,85,85,85,85,85,85,85,85,85,85],"card_choices":[{"not_picked":["Twin Strike","Perfected Strike"],"picked":"Rampage","floor":1},{"not_picked":["Warcry","Clothesline","Clash"],"picked":"SKIP","floor":4},{"not_picked":["Uppercut","Seeing Red"],"picked":"Disarm","floor":5},{"not_picked":["Heavy Blade","Armaments"],"picked":"True Grit","floor":7},{"not_picked":["Rupture","Anger","Clash"],"picked":"SKIP","floor":8},{"not_picked":["Pommel Strike","Infernal Blade","Flex"],"picked":"SKIP","floor":11},{"not_picked":["Heavy Blade","Pommel Strike","Thunderclap"],"picked":"SKIP","floor":13},{"not_picked":["Inflame","Feed","Second Wind"],"picked":"SKIP","floor":14}],"player_experience":270618,"relics_obtained":[{"floor":9,"key":"Centennial Puzzle"}],"event_choices":[{"damage_healed":0,"gold_gain":0,"player_choice":"Donut","damage_taken":0,"max_hp_gain":5,"max_hp_loss":0,"event_name":"Big Fish","floor":2,"gold_loss":0},{"cards_removed":["Strike_R"],"damage_healed":0,"gold_gain":0,"player_choice":"Card Removal","damage_taken":7,"max_hp_gain":0,"max_hp_loss":0,"event_name":"Golden Wing","floor":3,"gold_loss":0}],"is_beta":false,"boss_relics":[],"items_purged_floors":[],"is_endless":false,"potions_floor_spawned":[5,7,13],"killed_by":"Slime Boss","ascension_level":4}