{"path_per_floor":["M","?","?","M","M","E","$","E","T","?","R","M","M","?","R"],"character_chosen":"THE_SILENT","items_purchased":["Sucker Punch","Bandage Up"],"gold_per_floor":[114,64,64,78,98,132,19,46,46,46,46,56,71,71,71],"floor_reached":16,"campfire_rested":0,"playtime":453,"current_hp_per_floor":[67,67,67,67,67,47,47,27,37,37,37,44,44,49,49],"items_purged":[],"gold":71,"score":157,"play_id":"3ce034b5-247a-437c-bc1f-fd5a6298e0f6","is_prod":false,"is_daily":false,"is_ascension_mode":true,"campfire_upgraded":2,"path_taken":["M","?","?","M","M","E","$","E","T","?","R","M","M","?","R","BOSS"],"build_version":"2018-02-15-PROD1","purchased_purges":0,"victory":false,"master_deck":["Defend_G","Defend_G","Defend_G","Defend_G","Strike_G","Strike_G","Strike_G","Strike_G","Survivor","Neutralize+1","Slice","Dagger Throw","Accuracy","Sucker Punch+1","Leg Sweep","Sucker Punch+1","Bandage Up+1","Backstab","Dagger Spray"],"max_hp_per_floor":[70,70,70,70,70,70,70,70,80,80,80,82,82,87,87],"relics":["Ring of the Snake","Bag of Preparation","Singing Bowl","Pear"],"card_choices":[{"not_picked":["Outmaneuver","Underhanded Strike"],"picked":"Slice"},{"not_picked":["Dash","Grand Finale"],"picked":"Accuracy"},{"not_picked":["Masterful Stab","Acrobatics"],"picked":"Sucker Punch"},{"not_picked":["Malaise","Footwork"],"picked":"Leg Sweep"},{"not_picked":["Masterful Stab","Dash"],"picked":"Backstab"},{"not_picked":["Well Laid Plans","Concentrate"],"picked":"Dagger Spray"}],"player_experience":162085,"potions_floor_usage":[6,16,16],"damage_taken":[{"damage":3,"enemies":"2 Louse","floor":1,"turns":3},{"damage":0,"enemies":"Cultist","floor":4,"turns":3},{"damage":0,"enemies":"Small Slimes","floor":5,"turns":3},{"damage":20,"enemies":"Gremlin Nob","floor":6,"turns":4},{"damage":24,"enemies":"3 Sentries","floor":8,"turns":9},{"damage":1,"enemies":"2 Fungi Beasts","floor":12,"turns":3},{"damage":6,"enemies":"Blue Slaver","floor":13,"turns":2},{"damage":41,"enemies":"Slime Boss","floor":16,"turns":9}],"event_choices":[{"event_name":"The Cleric","player_choice":"Card Removal","floor":2,"damage_taken":0},{"event_name":"Living Wall","player_choice":"Change","floor":3,"damage_taken":0},{"event_name":"Accursed Blacksmith","player_choice":"Forge","floor":10,"damage_taken":0},{"event_name":"Big Fish","player_choice":"Donut","floor":14,"damage_taken":0}],"boss_relics":[],"potions_floor_spawned":[4,12,13],"seed_played":"-597533797301437184","killed_by":"Slime Boss","ascension_level":4,"is_trial":false}