{"gold_per_floor":[114,134,7,7,22,22,22,48,48,48,1,35,11,38,38,117,117,128,28,47,63,63,98,98,109,109,109,109,141,16,41,41,119,119,137,490,46,46,64,92,161,192,273,19,48,0,0,15,15,15],"floor_reached":51,"playtime":1447,"items_purged":["Strike_R","Strike_R","Strike_R","Defend_R"],"score":1486,"play_id":"87db7cbc-d0c8-4832-a50b-f8321711ef38","local_time":"20181023132740","is_ascension_mode":true,"campfire_choices":[{"data":"Bash","floor":6,"key":"SMITH"},{"floor":15,"key":"REST"},{"data":"Offering","floor":24,"key":"SMITH"},{"floor":27,"key":"REST"},{"data":"Demon Form","floor":32,"key":"SMITH"},{"data":"Disarm","floor":49,"key":"SMITH"}],"neow_cost":"NONE","seed_source_timestamp":1106109979884236,"circlet_count":0,"master_deck":["Defend_R","Bash+1","AscendersBane","Cleave","Whirlwind+1","Headbutt","Double Tap+1","Flex+1","Pommel Strike","Thunderclap","Offering+1","Demon Form+1","Inflame","Battle Trance","Flame Barrier+1","Dropkick","Shrug It Off","Disarm","Reaper","Shrug It Off","Offering+1","Inflame","Disarm+1","Shrug It Off","Disarm+1"],"relics":["Burning Blood","Art of War","Self Forming Clay","Shuriken","Lantern","Incense Burner","Mark of Pain","MutagenicStrength","War Paint","Meat on the Bone","Nilry\u0027s Codex","Dream Catcher","Mercury Hourglass","Empty Cage","Old Coin","Anchor","Strawberry","Potion Belt","Gremlin Horn","Boot","Sundial","Mummified Hand","Darkstone Periapt","Red Mask"],"potions_floor_usage":[8,12,33,33,36,48,50],"damage_taken":[{"damage":9,"enemies":"2 Louse","floor":1,"turns":4},{"damage":7,"enemies":"Small Slimes","floor":2,"turns":3},{"damage":9,"enemies":"Jaw Worm","floor":5,"turns":4},{"damage":16,"enemies":"Gremlin Nob","floor":8,"turns":3},{"damage":22,"enemies":"Lagavulin","floor":12,"turns":5},{"damage":8,"enemies":"Gremlin Nob","floor":14,"turns":3},{"damage":51,"enemies":"The Guardian","floor":16,"turns":6},{"damage":6,"enemies":"Spheric Guardian","floor":18,"turns":2},{"damage":18,"enemies":"2 Thieves","floor":20,"turns":3},{"damage":4,"enemies":"Shelled Parasite and Fungi","floor":21,"turns":2},{"damage":6,"enemies":"Slavers","floor":23,"turns":1},{"damage":6,"enemies":"Chosen and Byrds","floor":25,"turns":3},{"damage":19,"enemies":"Book of Stabbing","floor":29,"turns":4},{"damage":6,"enemies":"Gremlin Leader","floor":31,"turns":4},{"damage":42,"enemies":"Champ","floor":33,"turns":5},{"damage":29,"enemies":"3 Shapes","floor":35,"turns":4},{"damage":20,"enemies":"2 Orb Walkers","floor":36,"turns":2},{"damage":12,"enemies":"Orb Walker","floor":39,"turns":1},{"damage":15,"enemies":"Giant Head","floor":40,"turns":5},{"damage":46,"enemies":"Nemesis","floor":42,"turns":5},{"damage":2,"enemies":"Giant Head","floor":45,"turns":5},{"damage":22,"enemies":"Transient","floor":48,"turns":5},{"damage":77,"enemies":"Awakened One","floor":50,"turns":7}],"seed_played":"4121201261228508408","potions_obtained":[{"floor":8,"key":"PowerPotion"},{"floor":21,"key":"Poison Potion"},{"floor":23,"key":"LiquidBronze"},{"floor":31,"key":"PowerPotion"},{"floor":35,"key":"PowerPotion"},{"floor":36,"key":"Strength Potion"},{"floor":48,"key":"Fruit Juice"}],"is_trial":false,"path_per_floor":["M","M","$","?","M","R","?","E","T","?","$","E","$","E","R","B",null,"M","$","M","M","?","E","R","M","T","R","?","E","$","E","R","B",null,"M","?","$","?","M","E","T","E","T","$","E","?","?","M","R","B"],"character_chosen":"IRONCLAD","items_purchased":["Fire Potion","Flex","Thunderclap","Anchor","Strawberry","Mummified Hand"],"campfire_rested":2,"item_purchase_floors":[3,11,13,37,37,44],"current_hp_per_floor":[65,64,64,64,61,61,61,51,51,51,51,35,35,33,55,10,59,59,59,47,49,49,49,49,49,49,71,55,54,54,54,54,30,64,60,66,73,73,80,82,82,59,59,59,63,63,63,65,65,21],"gold":15,"neow_bonus":"RANDOM_COMMON_RELIC","is_prod":false,"is_daily":false,"chose_seed":false,"campfire_upgraded":4,"win_rate":0,"timestamp":1540326460,"path_taken":["M","M","$","?","M","R","?","E","T","?","?","E","$","E","R","BOSS","M","$","M","M","?","E","R","?","T","R","?","E","$","E","R","BOSS","M","?","$","?","M","E","?","E","T","$","E","?","?","M","R","BOSS"],"build_version":"2018-10-18","purchased_purges":4,"victory":true,"max_hp_per_floor":[75,75,75,75,75,75,75,75,75,75,75,75,75,75,75,75,75,75,75,75,75,75,75,75,75,75,75,75,75,75,75,75,75,75,75,75,82,82,82,82,82,82,82,82,82,82,82,87,87,87],"card_choices":[{"not_picked":["Evolve","Body Slam"],"picked":"Cleave","floor":1},{"not_picked":["Cleave","Body Slam"],"picked":"Whirlwind","floor":2},{"not_picked":["Wild Strike","Perfected Strike"],"picked":"Headbutt","floor":5},{"not_picked":["True Grit","Hemokinesis"],"picked":"Double Tap","floor":8},{"not_picked":["Rage","Searing Blow"],"picked":"Pommel Strike","floor":12},{"not_picked":["Bloodletting","Clothesline"],"picked":"Offering","floor":14},{"not_picked":["Exhume","Feed"],"picked":"Demon Form","floor":16},{"not_picked":["Body Slam","Warcry+1"],"picked":"Inflame","floor":18},{"not_picked":["Second Wind","Iron Wave"],"picked":"Battle Trance","floor":20},{"not_picked":["Armaments","Rupture"],"picked":"Flame Barrier","floor":21},{"not_picked":["Battle Trance","Brutality","Headbutt"],"picked":"SKIP","floor":23},{"not_picked":["Clash","Carnage"],"picked":"Dropkick","floor":25},{"not_picked":["Clash","Thunderclap"],"picked":"Shrug It Off","floor":29},{"not_picked":["Corruption","Twin Strike"],"picked":"Disarm","floor":31},{"not_picked":["Exhume","Impervious"],"picked":"Reaper","floor":33},{"not_picked":["Rampage+1","Power Through","Rupture"],"picked":"SKIP","floor":35},{"not_picked":["Searing Blow","Intimidate"],"picked":"Shrug It Off","floor":36},{"not_picked":["Twin Strike","Metallicize"],"picked":"Inflame","floor":39},{"not_picked":["Thunderclap","Wild Strike+1"],"picked":"Disarm","floor":40},{"not_picked":["Berserk","Iron Wave"],"picked":"Shrug It Off","floor":42},{"not_picked":["Headbutt+1","Sentinel","Thunderclap"],"picked":"SKIP","floor":45},{"not_picked":["Armaments","Rupture"],"picked":"Disarm+1","floor":48}],"player_experience":624039,"relics_obtained":[{"floor":8,"key":"Self Forming Clay"},{"floor":9,"key":"Shuriken"},{"floor":12,"key":"Lantern"},{"floor":14,"key":"Incense Burner"},{"floor":23,"key":"War Paint"},{"floor":26,"key":"Meat on the Bone"},{"floor":28,"key":"Nilry\u0027s Codex"},{"floor":29,"key":"Dream Catcher"},{"floor":31,"key":"Mercury Hourglass"},{"floor":36,"key":"Old Coin"},{"floor":40,"key":"Potion Belt"},{"floor":41,"key":"Gremlin Horn"},{"floor":42,"key":"Boot"},{"floor":43,"key":"Sundial"},{"floor":45,"key":"Darkstone Periapt"}],"event_choices":[{"damage_healed":0,"gold_gain":0,"player_choice":"Grow","damage_taken":0,"max_hp_gain":0,"max_hp_loss":0,"event_name":"Living Wall","floor":4,"gold_loss":0,"cards_upgraded":["Whirlwind"]},{"cards_removed":["Defend_R"],"damage_healed":0,"gold_gain":0,"player_choice":"Offered Basic","damage_taken":0,"max_hp_gain":0,"max_hp_loss":0,"event_name":"Bonfire Elementals","floor":7,"gold_loss":0},{"damage_healed":0,"gold_gain":0,"player_choice":"Forge","damage_taken":0,"max_hp_gain":0,"max_hp_loss":0,"event_name":"Accursed Blacksmith","floor":10,"gold_loss":0,"cards_upgraded":["Double Tap"]},{"damage_healed":0,"gold_gain":0,"player_choice":"Inject Mutagens","damage_taken":0,"relics_obtained":["MutagenicStrength"],"max_hp_gain":0,"max_hp_loss":0,"event_name":"Drug Dealer","floor":22,"gold_loss":0},{"damage_healed":0,"gold_gain":0,"player_choice":"Obtained Book","damage_taken":16,"max_hp_gain":0,"max_hp_loss":0,"event_name":"Cursed Tome","floor":28,"gold_loss":0},{"damage_healed":0,"gold_gain":0,"player_choice":"Fight","damage_taken":0,"max_hp_gain":0,"max_hp_loss":0,"event_name":"Mysterious Sphere","floor":36,"gold_loss":0},{"damage_healed":0,"gold_gain":0,"player_choice":"Copied","damage_taken":0,"max_hp_gain":0,"max_hp_loss":0,"event_name":"Duplicator","floor":38,"gold_loss":0,"cards_obtained":["Offering"]},{"damage_healed":0,"gold_gain":0,"player_choice":"Paid","damage_taken":0,"relics_obtained":["Red Mask"],"max_hp_gain":0,"max_hp_loss":0,"event_name":"Tomb of Lord Red Mask","floor":46,"gold_loss":48},{"cards_removed":["Defend_R"],"damage_healed":0,"gold_gain":0,"player_choice":"Removed Skill","damage_taken":0,"max_hp_gain":0,"max_hp_loss":0,"event_name":"Falling","floor":47,"gold_loss":0}],"is_beta":false,"boss_relics":[{"not_picked":["Snecko Eye","Runic Cube"],"picked":"Mark of Pain"},{"not_picked":["Tiny House","Lizard Tail"],"picked":"Empty Cage"}],"items_purged_floors":[3,19,30,37],"is_endless":false,"potions_floor_spawned":[8,21,23,31,35,36,48],"ascension_level":14}