{"gold_per_floor":[115,127,127,127,139,149,149,177,177,177,188,188,248,323,323,400,400,417,342,18,18,68,68,102,102,152,163,163,163,198,4,4,4],"floor_reached":33,"playtime":3102,"items_purged":[],"score":558,"play_id":"2916ba88-c528-4085-b48f-9a8b2f7a1e04","local_time":"20190407232119","is_ascension_mode":true,"campfire_choices":[{"data":"Barrage","floor":7.0,"key":"SMITH"},{"data":"Glacier","floor":10.0,"key":"SMITH"},{"data":"Zap","floor":12.0,"key":"SMITH"},{"data":"Capacitor","floor":15.0,"key":"SMITH"},{"data":"Electrodynamics","floor":23.0,"key":"SMITH"},{"data":"Self Repair","floor":25.0,"key":"SMITH"},{"floor":28.0,"key":"DIG"},{"floor":32,"key":"DIG"}],"neow_cost":"TEN_PERCENT_HP_LOSS","seed_source_timestamp":183011773423981,"circlet_count":0,"master_deck":["AscendersBane","Defend_B","Defend_B","Defend_B","Defend_B","Zap+1","Dualcast","Ball Lightning","Leap+1","Barrage+1","Cold Snap","Glacier+1","Capacitor+1","Electrodynamics+1","Gash+1","Coolheaded+1","Hologram+1","Self Repair+1","Ghostly","Ghostly","Ghostly","Barrage+1","Multi-Cast+1","Fusion+1"],"special_seed":0,"relics":["Cracked Core","Pocketwatch","Shovel","Pear","Molten Egg 2","Astrolabe","Membership Card","DataDisk","Toxic Egg 2","Anchor","Lantern","MutagenicStrength","Bottled Lightning","OrangePellets","Darkstone Periapt"],"potions_floor_usage":[30,33,33],"damage_taken":[{"damage":1.0,"enemies":"Cultist","floor":1.0,"turns":3.0},{"damage":0.0,"enemies":"Jaw Worm","floor":2.0,"turns":3.0},{"damage":0.0,"enemies":"2 Louse","floor":5.0,"turns":2.0},{"damage":1.0,"enemies":"Looter","floor":6.0,"turns":3.0},{"damage":18.0,"enemies":"Lagavulin","floor":8.0,"turns":5.0},{"damage":0.0,"enemies":"Exordium Wildlife","floor":11.0,"turns":3.0},{"damage":0.0,"enemies":"3 Sentries","floor":13.0,"turns":5.0},{"damage":6.0,"enemies":"Slime Boss","floor":16.0,"turns":9.0},{"damage":17.0,"enemies":"2 Thieves","floor":18.0,"turns":4.0},{"damage":26.0,"enemies":"Gremlin Leader","floor":24.0,"turns":6.0},{"damage":0.0,"enemies":"3 Byrds","floor":27.0,"turns":3.0},{"damage":17,"enemies":"Book of Stabbing","floor":30,"turns":5},{"damage":28,"enemies":"Champ","floor":33,"turns":13}],"seed_played":"4161719194503994359","potions_obtained":[{"floor":2.0,"key":"Dexterity Potion"},{"floor":6.0,"key":"Fire Potion"},{"floor":16.0,"key":"Fruit Juice"},{"floor":30,"key":"Block Potion"}],"is_trial":false,"path_per_floor":["M","M","?","?","M","M","R","E","T","R","M","R","?","?","R","B",null,"M","?","$","?","?","R","E","R","T","M","R","?","E","$","R","B"],"character_chosen":"DEFECT","items_purchased":["Membership Card","DataDisk","Self Repair","OrangePellets","Fusion+1","EssenceOfSteel"],"campfire_rested":0,"item_purchase_floors":[20,20,20,31,31,31],"current_hp_per_floor":[63,63,63,63,63,62,62,44,54,54,54,54,54,43,43,37,65,48,48,48,42,42,42,23,23,23,23,23,23,16,16,16,0],"gold":4,"neow_bonus":"ONE_RARE_RELIC","is_prod":false,"is_daily":false,"chose_seed":false,"campfire_upgraded":6,"win_rate":0,"timestamp":1554700879,"path_taken":["M","M","?","?","M","M","R","E","T","R","M","R","?","?","R","BOSS","M","?","$","?","?","R","E","R","T","M","R","?","E","?","R","BOSS"],"build_version":"2019-04-04","purchased_purges":0,"victory":false,"max_hp_per_floor":[64,64,64,64,64,64,64,64,74,74,74,74,74,74,74,74,74,74,74,74,42,42,42,42,42,42,42,42,42,42,42,42,42],"card_choices":[{"not_picked":["Compile Driver","Gash"],"picked":"Ball Lightning","floor":1.0},{"not_picked":["Chaos","Melter"],"picked":"Leap","floor":2.0},{"not_picked":["Leap","Meteor Strike"],"picked":"Barrage","floor":5.0},{"not_picked":["Beam Cell","Hello World"],"picked":"Cold Snap","floor":6.0},{"not_picked":["Cold Snap","Rebound"],"picked":"Glacier","floor":8.0},{"not_picked":["Beam Cell","Gash","Leap"],"picked":"SKIP","floor":11.0},{"not_picked":["Turbo","Barrage"],"picked":"Capacitor","floor":13.0},{"not_picked":["Rainbow","Meteor Strike+1"],"picked":"Electrodynamics","floor":16.0},{"not_picked":["Skim","Turbo","Cold Snap+1"],"picked":"SKIP","floor":18.0},{"not_picked":["Beam Cell+1","Skim","Hello World+1"],"picked":"SKIP","floor":24.0},{"not_picked":["Rip and Tear+1","Hologram+1"],"picked":"Barrage+1","floor":27.0},{"not_picked":["Cold Snap+1","Steam+1"],"picked":"Multi-Cast+1","floor":30}],"player_experience":2792590,"relics_obtained":[{"floor":8.0,"key":"Shovel"},{"floor":9.0,"key":"Pear"},{"floor":13.0,"key":"Molten Egg 2"},{"floor":24.0,"key":"Toxic Egg 2"},{"floor":26.0,"key":"Anchor"},{"floor":28.0,"key":"Lantern"},{"floor":30,"key":"Bottled Lightning"},{"floor":32,"key":"Darkstone Periapt"}],"event_choices":[{"damage_healed":0.0,"max_hp_gain":0.0,"max_hp_loss":0.0,"gold_gain":0.0,"event_name":"Living Wall","player_choice":"Grow","floor":3.0,"gold_loss":0.0,"damage_taken":0.0,"cards_upgraded":["Leap"]},{"damage_healed":0.0,"max_hp_gain":0.0,"max_hp_loss":0.0,"gold_gain":0.0,"event_name":"Liars Game","player_choice":"Ignored","floor":4.0,"gold_loss":0.0,"damage_taken":0.0},{"damage_healed":0.0,"max_hp_gain":0.0,"max_hp_loss":0.0,"gold_gain":30.0,"event_name":"Dead Adventurer","player_choice":"Searched \u00272\u0027 times","floor":13.0,"gold_loss":0.0,"damage_taken":0.0},{"damage_healed":0.0,"max_hp_gain":0.0,"max_hp_loss":0.0,"gold_gain":75.0,"event_name":"World of Goop","player_choice":"Gather Gold","floor":14.0,"gold_loss":0.0,"damage_taken":11.0},{"cards_removed":["Strike_B"],"damage_healed":0.0,"max_hp_gain":0.0,"max_hp_loss":0.0,"gold_gain":0.0,"event_name":"Beggar","player_choice":"Gave Gold","floor":19.0,"gold_loss":75.0,"damage_taken":0.0},{"damage_healed":0.0,"max_hp_gain":0.0,"max_hp_loss":37.0,"gold_gain":0.0,"event_name":"Ghosts","player_choice":"Became a Ghost","floor":21.0,"gold_loss":0.0,"damage_taken":0.0,"cards_obtained":["Ghostly","Ghostly","Ghostly"]},{"damage_healed":0.0,"max_hp_gain":0.0,"max_hp_loss":0.0,"gold_gain":50.0,"event_name":"Nest","player_choice":"Stole From Cult","floor":22.0,"gold_loss":0.0,"damage_taken":0.0},{"damage_healed":0.0,"max_hp_gain":0.0,"max_hp_loss":0.0,"gold_gain":0.0,"event_name":"Drug Dealer","player_choice":"Inject Mutagens","floor":29.0,"gold_loss":0.0,"damage_taken":0.0,"relics_obtained":["MutagenicStrength"]}],"is_beta":true,"boss_relics":[{"not_picked":["Black Star","Tiny House"],"picked":"Astrolabe"}],"items_purged_floors":[],"is_endless":false,"potions_floor_spawned":[2,6,8,16,30],"killed_by":"Champ","ascension_level":20}