{"gold_per_floor":[110,60,13,24,40,40,40,50,103,117,43,53,53,53,53,53],"floor_reached":16,"playtime":862,"items_purged":[],"score":97,"play_id":"bff47260-cb3a-4927-b2eb-7f0cce76d115","local_time":"20180926160618","is_ascension_mode":true,"campfire_choices":[{"data":"Prepared","floor":6,"key":"SMITH"},{"floor":13,"key":"REST"},{"data":"Footwork","floor":15,"key":"SMITH"}],"neow_cost":"","seed_source_timestamp":412616305556793,"circlet_count":0,"master_deck":["Defend_G","Defend_G","Defend_G","Defend_G","Defend_G","Strike_G","Strike_G","Strike_G","Survivor","Neutralize","Prepared+1","Well Laid Plans","Dash","Footwork+1"],"relics":["Ring of the Snake","Bag of Marbles"],"potions_floor_usage":[16,16],"damage_taken":[{"damage":0,"enemies":"2 Louse","floor":1,"turns":3},{"damage":0,"enemies":"Jaw Worm","floor":4,"turns":5},{"damage":2,"enemies":"Cultist","floor":5,"turns":6},{"damage":30,"enemies":"Exordium Thugs","floor":8,"turns":14},{"damage":4,"enemies":"Large Slime","floor":10,"turns":15},{"damage":0,"enemies":"3 Louse","floor":12,"turns":3},{"damage":64,"enemies":"Hexaghost","floor":16,"turns":16}],"seed_played":"-4298343937761652388","potions_obtained":[{"floor":1,"key":"EssenceOfSteel"},{"floor":10,"key":"Dexterity Potion"},{"floor":12,"key":"Explosive Potion"}],"is_trial":false,"path_per_floor":["M","?","$","M","M","R","?","M","T","M","$","M","R","?","R"],"character_chosen":"THE_SILENT","items_purchased":["Prepared","Footwork"],"campfire_rested":1,"item_purchase_floors":[3,11],"current_hp_per_floor":[70,70,70,70,68,68,73,43,43,39,39,39,61,61,61,0],"gold":53,"neow_bonus":"","is_prod":false,"is_daily":false,"chose_seed":false,"campfire_upgraded":2,"win_rate":0,"timestamp":1537992378,"path_taken":["M","?","?","M","M","R","?","M","T","?","$","M","R","?","R","BOSS"],"build_version":"2018-09-20","purchased_purges":0,"victory":false,"max_hp_per_floor":[70,70,70,70,70,70,75,75,75,75,75,75,75,75,75,75],"card_choices":[{"not_picked":["Leg Sweep","Dagger Spray","Cloak And Dagger"],"picked":"SKIP","floor":1},{"not_picked":["Poisoned Stab","Riddle With Holes"],"picked":"Well Laid Plans","floor":4},{"not_picked":["Heel Hook","Masterful Stab","Sucker Punch"],"picked":"SKIP","floor":5},{"not_picked":["Cloak And Dagger","Flying Knee","Quick Slash"],"picked":"SKIP","floor":8},{"not_picked":["Dodge and Roll","All Out Attack"],"picked":"Dash","floor":10},{"not_picked":["Flying Knee","Setup","Slice"],"picked":"SKIP","floor":12}],"player_experience":193786,"relics_obtained":[{"floor":9,"key":"Bag of Marbles"}],"event_choices":[{"event_name":"The Cleric","player_choice":"Card Removal","floor":2,"damage_taken":0},{"event_name":"Big Fish","player_choice":"Donut","floor":7,"damage_taken":0},{"event_name":"Living Wall","player_choice":"Forget","floor":14,"damage_taken":0}],"is_beta":false,"boss_relics":[],"items_purged_floors":[],"is_endless":false,"potions_floor_spawned":[1,10,12],"killed_by":"Hexaghost","ascension_level":1}