{"gold_per_floor":[365,365,378,378,389,389,415,21,21,51,62,126,143,108,108,211,211,229,191,210,36,47,47,9,9,9,9,9,38,57,67,67,170,170,183,183,38,38,12,12],"floor_reached":40,"playtime":1010,"items_purged":["Shame"],"score":561,"play_id":"8065ba55-a2f8-45b6-b02d-799aacee0321","local_time":"20181016103725","is_ascension_mode":true,"campfire_choices":[{"data":"Sunder","floor":6,"key":"SMITH"},{"floor":15,"key":"REST"},{"floor":25,"key":"REST"},{"data":"White Noise","floor":28,"key":"SMITH"},{"floor":32,"key":"REST"}],"neow_cost":"CURSE","seed_source_timestamp":491536315019481,"circlet_count":0,"master_deck":["Strike_B","Strike_B","Strike_B","Strike_B","Defend_B","Defend_B","Defend_B","Defend_B","Zap","Dualcast","Streamline","Sunder+1","White Noise+1","Beam Cell","Reinforced Body","Melter+1","Conserve Battery","Conserve Battery","Echo Form+1","Cold Snap","Defragment+1","Conserve Battery","Redo","Ball Lightning+1","Melter","Shame","Compile Driver","Streamline","Steam+1","Fission","Hologram+1","White Noise","Redo","Hologram+1","Cold Snap+1","Ball Lightning","Defragment+1","Good Instincts","Panache+1","Bandage Up","Leap"],"relics":["Cracked Core","Frozen Egg 2","Pear","DataDisk","Toolbox","Matryoshka","Pantograph","Black Star","Blood Vial","Bottled Tornado","FossilizedHelix","Potion Belt","Juzu Bracelet","Whetstone","Orrery"],"potions_floor_usage":[13,13,16,18,29,31,35],"damage_taken":[{"damage":3,"enemies":"Jaw Worm","floor":1,"turns":4},{"damage":10,"enemies":"Small Slimes","floor":3,"turns":4},{"damage":0,"enemies":"Cultist","floor":5,"turns":2},{"damage":35,"enemies":"Lagavulin","floor":7,"turns":5},{"damage":10,"enemies":"Gremlin Nob","floor":10,"turns":3},{"damage":4,"enemies":"Lots of Slimes","floor":11,"turns":2},{"damage":0,"enemies":"Large Slime","floor":13,"turns":4},{"damage":68,"enemies":"Hexaghost","floor":16,"turns":8},{"damage":21,"enemies":"Shell Parasite","floor":18,"turns":5},{"damage":12,"enemies":"Chosen","floor":20,"turns":5},{"damage":26,"enemies":"Snecko","floor":22,"turns":5},{"damage":20,"enemies":"Book of Stabbing","floor":29,"turns":5},{"damage":6,"enemies":"Cultist and Chosen","floor":30,"turns":5},{"damage":22,"enemies":"Chosen and Byrds","floor":31,"turns":4},{"damage":36,"enemies":"Champ","floor":33,"turns":10},{"damage":24,"enemies":"3 Shapes","floor":35,"turns":5},{"damage":66,"enemies":"Giant Head","floor":40,"turns":6}],"seed_played":"-218729180918784588","potions_obtained":[{"floor":3,"key":"Swift Potion"},{"floor":11,"key":"SpeedPotion"},{"floor":13,"key":"AttackPotion"},{"floor":16,"key":"Regen Potion"},{"floor":22,"key":"Poison Potion"},{"floor":30,"key":"FocusPotion"},{"floor":31,"key":"Block Potion"}],"is_trial":false,"path_per_floor":["M","?","M","?","M","R","E","$","T","E","M","?","M","?","R","B",null,"M","$","M","$","M","?","$","R","T","?","R","E","M","M","R","B",null,"M","?","$","?","$"],"character_chosen":"DEFECT","items_purchased":["DataDisk","Toolbox","Reinforced Body","Defragment+1","Blood Vial","Redo","Melter","Defragment+1","Leap"],"campfire_rested":3,"item_purchase_floors":[8,8,8,19,21,21,24,37,39],"current_hp_per_floor":[65,47,37,62,62,62,37,37,37,27,23,23,23,44,69,17,68,61,61,49,49,25,25,25,50,50,50,50,32,28,8,33,24,70,48,48,48,38,38,0],"gold":12,"neow_bonus":"TWO_FIFTY_GOLD","is_prod":false,"is_daily":false,"chose_seed":false,"campfire_upgraded":2,"win_rate":0,"timestamp":1539711445,"path_taken":["M","?","?","?","M","R","E","$","T","E","M","?","M","?","R","BOSS","M","$","M","$","M","?","?","R","T","?","R","E","M","M","R","BOSS","M","?","$","?","?","E"],"build_version":"2018-10-11","purchased_purges":1,"victory":false,"max_hp_per_floor":[75,75,75,75,75,75,85,85,85,85,85,85,85,85,85,85,85,85,85,85,85,85,85,85,85,85,85,85,85,85,85,85,85,85,85,85,85,85,85,85],"card_choices":[{"not_picked":["Coolheaded","Compile Driver"],"picked":"Streamline","floor":1},{"not_picked":["Coolheaded","Barrage"],"picked":"Sunder","floor":3},{"not_picked":["Turbo","Beam Cell"],"picked":"White Noise","floor":5},{"not_picked":["Scrape","Tempest"],"picked":"Beam Cell","floor":7},{"not_picked":["Turbo","Go for the Eyes"],"picked":"Melter","floor":10},{"not_picked":["Fission","Stack"],"picked":"Conserve Battery","floor":11},{"not_picked":["Leap","Cold Snap"],"picked":"Conserve Battery","floor":13},{"not_picked":["Multi-Cast","All For One"],"picked":"Echo Form+1","floor":16},{"not_picked":["Reinforced Body","Sweeping Beam"],"picked":"Cold Snap","floor":18},{"not_picked":["Recycle+1","Streamline"],"picked":"Conserve Battery","floor":20},{"not_picked":["Melter","Rebound"],"picked":"Ball Lightning","floor":22},{"not_picked":["Aggregate","Lockon"],"picked":"Compile Driver","floor":29},{"not_picked":["Aggregate","Rebound"],"picked":"Streamline","floor":30},{"not_picked":["Streamline+1","Blizzard"],"picked":"Steam+1","floor":31},{"not_picked":["Core Surge","Hyperbeam"],"picked":"Fission","floor":33},{"not_picked":["BootSequence","Auto Shields"],"picked":"Hologram+1","floor":34},{"not_picked":["Stack","Turbo"],"picked":"White Noise","floor":34},{"not_picked":["Rebound","Beam Cell"],"picked":"Redo","floor":34},{"not_picked":["Go for the Eyes+1","All For One"],"picked":"Hologram+1","floor":34},{"not_picked":["Compile Driver","Stack+1"],"picked":"Cold Snap+1","floor":34},{"not_picked":["Cold Snap","Skim+1"],"picked":"Ball Lightning","floor":35},{"not_picked":["Madness","Blind"],"picked":"Good Instincts","floor":38},{"not_picked":["Dark Shackles","Jack Of All Trades"],"picked":"Panache+1","floor":38},{"not_picked":["Thinking Ahead","Deep Breath"],"picked":"Bandage Up","floor":38}],"player_experience":526167,"relics_obtained":[{"floor":7,"key":"Pear"},{"floor":9,"key":"Matryoshka"},{"floor":10,"key":"Pantograph"},{"floor":26,"key":"Bottled Tornado"},{"floor":26,"key":"FossilizedHelix"},{"floor":29,"key":"Juzu Bracelet"},{"floor":29,"key":"Whetstone"}],"event_choices":[{"event_name":"Scrap Ooze","player_choice":"success","floor":2,"damage_taken":18},{"event_name":"Big Fish","player_choice":"Banana","floor":4,"damage_taken":0},{"event_name":"Golden Wing","player_choice":"Gained Gold","floor":12,"damage_taken":0},{"event_name":"The Cleric","player_choice":"Healed","floor":14,"damage_taken":0},{"event_name":"Beggar","player_choice":"Ignored","floor":23,"damage_taken":0},{"event_name":"Addict","player_choice":"Stole Relic","floor":27,"damage_taken":0},{"event_name":"Tomb of Lord Red Mask","player_choice":"Ignored","floor":36,"damage_taken":0},{"event_name":"SensoryStone","player_choice":"Memory 3","floor":38,"damage_taken":0}],"is_beta":false,"boss_relics":[{"not_picked":["Astrolabe","Empty Cage"],"picked":"Black Star"},{"not_picked":["Calling Bell","Snecko Eye"],"picked":"Orrery"}],"items_purged_floors":[37],"is_endless":false,"potions_floor_spawned":[3,11,13,16,22,30,31],"killed_by":"Giant Head","ascension_level":6}