{"gold_per_floor":[110,110,185,71,71,71,98,108,108,140,140,159,159,15,15,89,89,104,29,40,40,40,40,0,0,0,35,35,55,65,65,65,139,139,158,171,171,92,104,104,129,152,152,252,327,0,30,47,47,47],"floor_reached":51,"playtime":2494,"items_purged":["Strike_R"],"score":1233,"play_id":"59658989-cab7-45ea-8532-98b596012c1b","local_time":"20190316095311","is_ascension_mode":true,"campfire_choices":[{"data":"Whirlwind","floor":6,"key":"SMITH"},{"floor":11,"key":"REST"},{"data":"Rampage","floor":13,"key":"SMITH"},{"floor":15,"key":"REST"},{"floor":23,"key":"REST"},{"data":"Limit Break","floor":25,"key":"SMITH"},{"floor":32,"key":"REST"},{"floor":40,"key":"RECALL"},{"floor":49,"key":"REST"}],"neow_cost":"NONE","seed_source_timestamp":1016866821619682,"circlet_count":0,"master_deck":["AscendersBane","Strike_R","Strike_R","Strike_R","Strike_R","Defend_R","Defend_R","Defend_R","Defend_R","Bash+1","Offering","Clothesline","Rampage+1","Whirlwind+1","Shrug It Off","Shockwave","Limit Break+1","Inflame","Reaper","Pummel","Demon Form","Inflame+1","Reaper","Exhume"],"relics":["Burning Blood","Mummified Hand","Singing Bowl","Vajra","Mark of Pain","Letter Opener","Bag of Preparation","Nloth\u0027s Gift","MutagenicStrength","Fusion Hammer","Happy Flower","Juzu Bracelet","Bottled Flame","Ice Cream","Paper Frog","Oddly Smooth Stone"],"potions_floor_usage":[10,12,16,27,30,30,33,33,33,41,50,50,50],"damage_taken":[{"damage":8,"enemies":"Small Slimes","floor":1,"turns":3},{"damage":21,"enemies":"3 Sentries","floor":7,"turns":5},{"damage":10,"enemies":"Jaw Worm","floor":8,"turns":2},{"damage":31,"enemies":"Lagavulin","floor":10,"turns":6},{"damage":0,"enemies":"2 Louse","floor":12,"turns":3},{"damage":14,"enemies":"Slime Boss","floor":16,"turns":7},{"damage":27,"enemies":"Spheric Guardian","floor":18,"turns":5},{"damage":28,"enemies":"2 Thieves","floor":20,"turns":3},{"damage":6,"enemies":"Gremlin Leader","floor":27,"turns":6},{"damage":30,"enemies":"Snake Plant","floor":29,"turns":4},{"damage":20,"enemies":"Snecko","floor":30,"turns":5},{"damage":39,"enemies":"Automaton","floor":33,"turns":8},{"damage":16,"enemies":"3 Shapes","floor":35,"turns":1},{"damage":25,"enemies":"3 Darklings","floor":36,"turns":2},{"damage":22,"enemies":"Jaw Worm Horde","floor":39,"turns":3},{"damage":53,"enemies":"Reptomancer","floor":41,"turns":5},{"damage":30,"enemies":"Mind Bloom Boss Battle","floor":44,"turns":5},{"damage":41,"enemies":"Nemesis","floor":47,"turns":5},{"damage":47,"enemies":"Maw","floor":48,"turns":6},{"damage":147,"enemies":"Donu and Deca","floor":50,"turns":7}],"seed_played":"-5531832949783855993","potions_obtained":[{"floor":1,"key":"Poison Potion"},{"floor":8,"key":"SpeedPotion"},{"floor":12,"key":"Poison Potion"},{"floor":18,"key":"Regen Potion"},{"floor":27,"key":"EntropicBrew"},{"floor":30,"key":"AttackPotion"},{"floor":35,"key":"Poison Potion"},{"floor":36,"key":"LiquidBronze"}],"is_trial":false,"path_per_floor":["M","?","?","$","?","R","E","M","T","E","R","M","R","$","R","B",null,"M","$","M","?","$","R","?","R","T","E","?","M","M","?","R","B",null,"M","M","?","$","M","R","E","T","T","?","?","$","E","M","R","B",null],"character_chosen":"IRONCLAD","items_purchased":["Rampage","Whirlwind","Vajra","Reaper","Paper Frog","Regen Potion"],"campfire_rested":5,"item_purchase_floors":[4,4,14,38,46,46],"current_hp_per_floor":[70,70,59,59,59,59,44,40,40,17,41,47,47,47,71,63,77,58,58,36,36,36,61,61,61,61,76,76,54,48,48,73,46,76,66,88,88,88,90,90,90,90,90,80,71,71,63,41,69,54],"gold":47,"neow_bonus":"ONE_RANDOM_RARE_CARD","is_prod":false,"is_daily":false,"chose_seed":false,"campfire_upgraded":3,"win_rate":0,"timestamp":1552744391,"path_taken":["M","?","?","?","?","R","E","M","T","E","R","M","R","$","R","BOSS","M","$","M","?","$","R","?","R","T","E","?","M","?","?","R","BOSS","M","M","?","?","M","R","E","?","T","?","?","$","E","M","R","BOSS"],"build_version":"2019-01-23","purchased_purges":1,"victory":true,"max_hp_per_floor":[80,80,80,80,80,80,80,80,80,82,82,82,82,82,82,82,82,84,84,84,84,84,84,84,84,84,84,84,86,86,86,86,86,86,86,88,88,88,90,90,90,90,90,92,92,92,94,96,96,96],"card_choices":[{"not_picked":["Rupture","Heavy Blade"],"picked":"Clothesline","floor":1},{"not_picked":["Heavy Blade","Warcry"],"picked":"Shrug It Off","floor":7},{"not_picked":["Warcry","Dual Wield"],"picked":"Shockwave","floor":8},{"not_picked":["Iron Wave","Battle Trance","Bloodletting"],"picked":"Singing Bowl","floor":10},{"not_picked":["Cleave","Power Through"],"picked":"Headbutt","floor":12},{"not_picked":["Brutality","Barricade"],"picked":"Limit Break","floor":16},{"not_picked":["Perfected Strike","Shrug It Off","Burning Pact"],"picked":"Singing Bowl","floor":18},{"not_picked":["Sword Boomerang","Seeing Red"],"picked":"Inflame","floor":20},{"not_picked":["Disarm+1","Corruption"],"picked":"Reaper","floor":27},{"not_picked":["Cleave","Thunderclap","Reckless Charge"],"picked":"Singing Bowl","floor":29},{"not_picked":["Wild Strike","Iron Wave"],"picked":"Pummel","floor":30},{"not_picked":["Juggernaut","Immolate"],"picked":"Demon Form","floor":33},{"not_picked":["Headbutt","Body Slam"],"picked":"Inflame+1","floor":35},{"not_picked":["Carnage+1","Iron Wave","Clash+1"],"picked":"Singing Bowl","floor":36},{"not_picked":["Heavy Blade","Headbutt","Seeing Red"],"picked":"Singing Bowl","floor":39},{"not_picked":["Flex","Warcry"],"picked":"Exhume","floor":41},{"not_picked":["Clothesline","Feel No Pain","Uppercut"],"picked":"Singing Bowl","floor":44},{"not_picked":["Dark Embrace","Flex+1","Perfected Strike"],"picked":"Singing Bowl","floor":47},{"not_picked":["Anger","Headbutt","Cleave"],"picked":"Singing Bowl","floor":48}],"player_experience":295773,"relics_obtained":[{"floor":7,"key":"Mummified Hand"},{"floor":9,"key":"Singing Bowl"},{"floor":10,"key":"Potion Belt"},{"floor":26,"key":"Letter Opener"},{"floor":27,"key":"Bag of Preparation"},{"floor":41,"key":"Happy Flower"},{"floor":42,"key":"Juzu Bracelet"},{"floor":43,"key":"Bottled Flame"},{"floor":44,"key":"Ice Cream"},{"floor":47,"key":"Oddly Smooth Stone"}],"event_choices":[{"damage_healed":0,"gold_gain":0,"player_choice":"Ignored","damage_taken":0,"max_hp_gain":0,"max_hp_loss":0,"event_name":"Liars Game","floor":2,"gold_loss":0},{"damage_healed":0,"gold_gain":75,"player_choice":"Gather Gold","damage_taken":11,"max_hp_gain":0,"max_hp_loss":0,"event_name":"World of Goop","floor":3,"gold_loss":0},{"damage_healed":0,"gold_gain":0,"player_choice":"Grow","damage_taken":0,"max_hp_gain":0,"max_hp_loss":0,"event_name":"Living Wall","floor":5,"gold_loss":0,"cards_upgraded":["Bash"]},{"damage_healed":0,"gold_gain":0,"player_choice":"Ignored","damage_taken":0,"max_hp_gain":0,"max_hp_loss":0,"event_name":"Ghosts","floor":21,"gold_loss":0},{"damage_healed":0,"gold_gain":0,"player_choice":"Paid Fearfully","damage_taken":0,"max_hp_gain":0,"max_hp_loss":0,"event_name":"Masked Bandits","floor":24,"gold_loss":40},{"damage_healed":0,"gold_gain":0,"player_choice":"Traded Relic","damage_taken":0,"relics_obtained":["Nloth\u0027s Gift"],"max_hp_gain":0,"max_hp_loss":0,"event_name":"N\u0027loth","floor":28,"relics_lost":["Potion Belt"],"gold_loss":0},{"damage_healed":0,"gold_gain":0,"player_choice":"Inject Mutagens","damage_taken":0,"relics_obtained":["MutagenicStrength"],"max_hp_gain":0,"max_hp_loss":0,"event_name":"Drug Dealer","floor":31,"gold_loss":0},{"cards_removed":["Headbutt"],"damage_healed":0,"gold_gain":0,"player_choice":"Removed Attack","damage_taken":0,"max_hp_gain":0,"max_hp_loss":0,"event_name":"Falling","floor":37,"gold_loss":0},{"damage_healed":0,"gold_gain":0,"player_choice":"Fight","damage_taken":0,"max_hp_gain":0,"max_hp_loss":0,"event_name":"MindBloom","floor":44,"gold_loss":0},{"damage_healed":0,"gold_gain":75,"player_choice":"Touch","damage_taken":9,"max_hp_gain":0,"max_hp_loss":0,"event_name":"FaceTrader","floor":45,"gold_loss":0}],"is_beta":false,"boss_relics":[{"not_picked":["White Beast Statue","Runic Pyramid"],"picked":"Mark of Pain"},{"not_picked":["Runic Cube","Tiny House"],"picked":"Fusion Hammer"}],"items_purged_floors":[19],"is_endless":false,"potions_floor_spawned":[1,8,12,18,27,30,35,36],"ascension_level":13}