{"gold_per_floor":[111,111,123,19,19,19,50,69,69,69,69,95,5,5,5,83,83,100,0,18,18],"floor_reached":21,"playtime":861,"items_purged":["Defend_G","Regret"],"score":389,"play_id":"c94a9c77-3a8d-4372-b296-823178e29b17","local_time":"20190131051640","is_ascension_mode":true,"campfire_choices":[{"data":"All Out Attack","floor":6,"key":"SMITH"},{"data":"Strike_G","floor":11,"key":"PURGE"},{"data":"Catalyst","floor":15,"key":"SMITH"}],"neow_cost":"NONE","seed_source_timestamp":303133661620175,"circlet_count":0,"master_deck":["AscendersBane","Defend_G","Defend_G","Defend_G","Defend_G","Strike_G","Strike_G","Strike_G","Survivor","Neutralize","All Out Attack+1","Backflip","Flying Knee","Footwork+1","Bouncing Flask","Deadly Poison","Catalyst+1","Die Die Die","Parasite","Clumsy"],"relics":["Ring of the Snake","NeowsBlessing","Peace Pipe","Dodecahedron","Vajra","GremlinMask","Calling Bell","Happy Flower","Shuriken","Nunchaku"],"potions_floor_usage":[20],"damage_taken":[{"damage":0,"enemies":"2 Louse","floor":1,"turns":1},{"damage":0,"enemies":"Cultist","floor":3,"turns":1},{"damage":0,"enemies":"3 Sentries","floor":7,"turns":1},{"damage":2,"enemies":"Small Slimes","floor":8,"turns":3},{"damage":21,"enemies":"Lagavulin","floor":12,"turns":7},{"damage":22,"enemies":"The Guardian","floor":16,"turns":8},{"damage":9,"enemies":"Chosen","floor":18,"turns":4},{"damage":23,"enemies":"2 Thieves","floor":20,"turns":3},{"damage":8,"enemies":"Centurion and Healer","floor":21,"turns":4}],"seed_played":"-8683301981043496258","potions_obtained":[{"floor":12,"key":"AttackPotion"},{"floor":18,"key":"Fire Potion"}],"is_trial":false,"path_per_floor":["M","?","M","$","$","R","E","M","T","?","R","E","$","?","R","B",null,"M","$","M","M"],"character_chosen":"THE_SILENT","items_purchased":["Flying Knee","Catalyst"],"campfire_rested":0,"item_purchase_floors":[4,13],"current_hp_per_floor":[59,59,59,59,59,59,59,57,57,57,57,36,36,36,36,14,53,44,44,21,13],"gold":18,"neow_bonus":"THREE_ENEMY_KILL","is_prod":false,"is_daily":false,"chose_seed":false,"campfire_upgraded":2,"win_rate":0,"timestamp":1548940600,"path_taken":["M","?","M","?","$","R","E","M","T","?","R","E","$","?","R","BOSS","M","$","M","?"],"build_version":"2019-01-23","purchased_purges":2,"victory":false,"max_hp_per_floor":[66,66,66,66,66,66,66,66,66,66,66,66,66,66,66,66,66,66,66,66,66],"card_choices":[{"not_picked":["Blade Dance","Heel Hook"],"picked":"All Out Attack","floor":1},{"not_picked":["Setup","Acrobatics"],"picked":"Backflip","floor":3},{"not_picked":["Accuracy","All Out Attack"],"picked":"Footwork","floor":7},{"not_picked":["Terror","Dagger Throw"],"picked":"Bouncing Flask","floor":8},{"not_picked":["Night Terror","Tactician"],"picked":"Deadly Poison","floor":12},{"not_picked":["After Image","Malaise"],"picked":"Die Die Die","floor":16},{"not_picked":["Dagger Spray","Dagger Throw","Finisher+1"],"picked":"SKIP","floor":18},{"not_picked":["Poisoned Stab","PiercingWail","Backflip"],"picked":"SKIP","floor":20}],"player_experience":1091797,"relics_obtained":[{"floor":7,"key":"Peace Pipe"},{"floor":9,"key":"Dodecahedron"},{"floor":12,"key":"Vajra"},{"floor":17,"key":"Happy Flower"},{"floor":17,"key":"Shuriken"},{"floor":17,"key":"Nunchaku"}],"event_choices":[{"cards_removed":["Strike_G"],"damage_healed":0,"gold_gain":0,"player_choice":"Purged","damage_taken":0,"max_hp_gain":0,"max_hp_loss":0,"event_name":"Purifier","floor":2,"gold_loss":0},{"damage_healed":0,"gold_gain":0,"player_choice":"Grow","damage_taken":0,"max_hp_gain":0,"max_hp_loss":0,"event_name":"Living Wall","floor":10,"gold_loss":0,"cards_upgraded":["Footwork"]},{"damage_healed":0,"gold_gain":0,"player_choice":"Trade","damage_taken":0,"relics_obtained":["GremlinMask"],"max_hp_gain":0,"max_hp_loss":0,"event_name":"FaceTrader","floor":14,"gold_loss":0}],"is_beta":false,"boss_relics":[{"not_picked":["Philosopher\u0027s Stone","Ectoplasm"],"picked":"Calling Bell"}],"items_purged_floors":[4,19],"is_endless":false,"potions_floor_spawned":[12,18],"killed_by":"Centurion and Healer","ascension_level":17}