{"gold_per_floor":[119,46,64,81,81,114,114,144,144,178,196,16,0,0],"floor_reached":14,"playtime":1001,"items_purged":["Strike_B"],"score":184,"play_id":"b34fb822-ed69-4b32-b17c-a7de016915ed","local_time":"20190409074027","is_ascension_mode":true,"campfire_choices":[{"floor":7,"key":"REST"}],"neow_cost":"NONE","seed_source_timestamp":434161550738519,"circlet_count":0,"master_deck":["AscendersBane","Strike_B","Strike_B","Defend_B","Defend_B","Defend_B","Defend_B","Zap","Dualcast","Sweeping Beam","Ball Lightning","Genetic Algorithm","Buffer","Defragment","White Noise","Loop","Go for the Eyes"],"relics":["Cracked Core","Torii","The Courier","Bird Faced Urn","Shovel","Art of War"],"potions_floor_usage":[6,11,14],"damage_taken":[{"damage":2,"enemies":"Jaw Worm","floor":1,"turns":3},{"damage":1,"enemies":"2 Louse","floor":3,"turns":2},{"damage":7,"enemies":"Small Slimes","floor":4,"turns":2},{"damage":23,"enemies":"3 Sentries","floor":6,"turns":6},{"damage":10,"enemies":"Gremlin Nob","floor":8,"turns":4},{"damage":25,"enemies":"Lagavulin","floor":10,"turns":7},{"damage":11,"enemies":"Exordium Thugs","floor":11,"turns":4},{"damage":31,"enemies":"3 Sentries","floor":14,"turns":5}],"seed_played":"-4758198299040415712","potions_obtained":[{"floor":1,"key":"Dexterity Potion"},{"floor":11,"key":"Fire Potion"}],"is_trial":false,"path_per_floor":["M","$","M","M","?","E","R","E","T","E","M","$","?","E"],"character_chosen":"DEFECT","items_purchased":["Ball Lightning","Explosive Potion","Art of War"],"campfire_rested":1,"item_purchase_floors":[2,2,12],"current_hp_per_floor":[69,69,68,61,61,38,61,51,51,30,23,23,23,0],"gold":0,"neow_bonus":"TEN_PERCENT_HP_BONUS","is_prod":false,"is_daily":false,"chose_seed":false,"campfire_upgraded":0,"win_rate":0,"timestamp":1554792027,"path_taken":["M","$","M","M","?","E","R","E","T","E","M","$","?","E"],"build_version":"2019-01-23","purchased_purges":1,"victory":false,"max_hp_per_floor":[78,78,78,78,78,78,78,78,78,78,78,78,78,78],"card_choices":[{"not_picked":["Go for the Eyes","Defragment"],"picked":"Sweeping Beam","floor":1},{"not_picked":["BootSequence","Gash"],"picked":"Genetic Algorithm","floor":3},{"not_picked":["Sweeping Beam","Steam","Gash"],"picked":"SKIP","floor":4},{"not_picked":["Storm","Barrage"],"picked":"Defragment","floor":6},{"not_picked":["Reprogram","Sweeping Beam"],"picked":"White Noise","floor":8},{"not_picked":["All For One","Stack"],"picked":"Loop","floor":10},{"not_picked":["Sweeping Beam","Steam"],"picked":"Go for the Eyes","floor":11}],"player_experience":950436,"relics_obtained":[{"floor":6,"key":"Torii"},{"floor":8,"key":"The Courier"},{"floor":9,"key":"Bird Faced Urn"},{"floor":10,"key":"Shovel"}],"event_choices":[{"damage_healed":0,"gold_gain":0,"cards_transformed":["Strike_B"],"player_choice":"Change","damage_taken":0,"max_hp_gain":0,"max_hp_loss":0,"event_name":"Living Wall","floor":5,"gold_loss":0,"cards_obtained":["Buffer"]},{"damage_healed":0,"gold_gain":0,"player_choice":"Left Gold","damage_taken":0,"max_hp_gain":0,"max_hp_loss":0,"event_name":"World of Goop","floor":13,"gold_loss":16}],"is_beta":false,"boss_relics":[],"items_purged_floors":[12],"is_endless":false,"potions_floor_spawned":[1,11],"killed_by":"3 Sentries","ascension_level":14}