{"gold_per_floor":[110,122,45,45,64,64,98,98,98,23,33,45,64,64],"floor_reached":14,"playtime":957,"items_purged":["Strike_G"],"score":179,"play_id":"51af7204-3248-47cc-b8c7-8709e2cc891b","local_time":"20190413144105","is_ascension_mode":true,"campfire_choices":[{"data":"Neutralize","floor":6,"key":"SMITH"},{"data":"Backflip","floor":8,"key":"SMITH"}],"neow_cost":"NONE","seed_source_timestamp":106290562549060,"circlet_count":0,"master_deck":["AscendersBane","Defend_G","Defend_G","Defend_G","Defend_G","Defend_G","Strike_G","Strike_G","Strike_G","Strike_G","Survivor","Neutralize+1","Flying Knee","Backflip+1","Infinite Blades","Poisoned Stab","Accuracy","Sucker Punch","Dash"],"relics":["Ring of the Snake","Strawberry","Bottled Flame","Singing Bowl"],"potions_floor_usage":[5,7,13],"damage_taken":[{"damage":3,"enemies":"Jaw Worm","floor":1,"turns":6},{"damage":0,"enemies":"Cultist","floor":2,"turns":4},{"damage":4,"enemies":"Small Slimes","floor":5,"turns":4},{"damage":25,"enemies":"Lagavulin","floor":7,"turns":9},{"damage":4,"enemies":"Blue Slaver","floor":11,"turns":5},{"damage":9,"enemies":"Exordium Wildlife","floor":12,"turns":5},{"damage":7,"enemies":"Gremlin Gang","floor":13,"turns":7},{"damage":19,"enemies":"Gremlin Nob","floor":14,"turns":3}],"seed_played":"-540058246671630443","potions_obtained":[{"floor":1,"key":"PowerPotion"},{"floor":4,"key":"Fruit Juice"},{"floor":12,"key":"AttackPotion"}],"is_trial":false,"path_per_floor":["M","M","$","?","M","R","E","R","T","$","M","M","M","E"],"character_chosen":"THE_SILENT","items_purchased":["Infinite Blades"],"campfire_rested":0,"item_purchase_floors":[3],"current_hp_per_floor":[63,63,63,63,64,64,39,39,39,39,35,26,19,0],"gold":64,"neow_bonus":"RANDOM_COMMON_RELIC","is_prod":false,"is_daily":false,"chose_seed":false,"campfire_upgraded":2,"win_rate":0,"timestamp":1555162865,"path_taken":["M","M","$","?","M","R","E","R","T","?","M","M","M","E"],"build_version":"2019-01-23","purchased_purges":1,"victory":false,"max_hp_per_floor":[73,73,73,73,78,78,78,78,78,78,78,78,78,78],"card_choices":[{"not_picked":["Catalyst","Deflect"],"picked":"Flying Knee","floor":1},{"not_picked":["Cloak And Dagger","Dodge and Roll"],"picked":"Backflip","floor":2},{"not_picked":["Catalyst","Storm of Steel","Underhanded Strike"],"picked":"SKIP","floor":5},{"not_picked":["Acrobatics","Backflip"],"picked":"Poisoned Stab","floor":7},{"not_picked":["Outmaneuver","Dagger Throw"],"picked":"Accuracy","floor":11},{"not_picked":["Underhanded Strike","Bane"],"picked":"Sucker Punch","floor":12},{"not_picked":["Dagger Spray","Slice"],"picked":"Dash","floor":13}],"player_experience":1060391,"relics_obtained":[{"floor":7,"key":"Bottled Flame"},{"floor":9,"key":"Singing Bowl"}],"event_choices":[{"damage_healed":0,"gold_gain":0,"player_choice":"Got Potions","damage_taken":0,"max_hp_gain":0,"max_hp_loss":0,"event_name":"Lab","floor":4,"gold_loss":0}],"is_beta":false,"boss_relics":[],"items_purged_floors":[10],"is_endless":false,"potions_floor_spawned":[1,12],"killed_by":"Gremlin Nob","ascension_level":19}