{"gold_per_floor":[15,31,31,50,67,99,99,127,154,174,184,184],"floor_reached":12,"playtime":406,"items_purged":[],"score":166,"play_id":"911b2718-0f00-4cd7-9c00-9e022825def2","local_time":"20190105220327","is_ascension_mode":true,"campfire_choices":[{"data":"Footwork","floor":7,"key":"SMITH"}],"neow_cost":"NO_GOLD","seed_source_timestamp":0,"circlet_count":0,"master_deck":["AscendersBane","Defend_G","Defend_G","Defend_G","Defend_G","Defend_G","Strike_G","Strike_G","Strike_G","Strike_G","Strike_G","Survivor","Neutralize","Glass Knife","Footwork+1","Flying Knee","Deflect","Dagger Spray","PiercingWail","Backflip","All Out Attack"],"special_seed":0,"relics":["Ring of the Snake","Bottled Tornado","PreservedInsect","Ancient Tea Set"],"potions_floor_usage":[6,10,10],"damage_taken":[{"damage":0.0,"enemies":"Cultist","floor":1.0,"turns":3.0},{"damage":0,"enemies":"2 Louse","floor":2,"turns":2},{"damage":0,"enemies":"Small Slimes","floor":4,"turns":2},{"damage":3,"enemies":"Looter","floor":5,"turns":4},{"damage":9,"enemies":"3 Sentries","floor":6,"turns":7},{"damage":38,"enemies":"Lagavulin","floor":8,"turns":12},{"damage":5,"enemies":"Blue Slaver","floor":10,"turns":5},{"damage":8,"enemies":"Exordium Thugs","floor":11,"turns":5},{"damage":6,"enemies":"Lots of Slimes","floor":12,"turns":2}],"seed_played":"4214520086651339595","potions_obtained":[{"floor":2,"key":"PowerPotion"},{"floor":4,"key":"Fruit Juice"},{"floor":10,"key":"Fruit Juice"}],"is_trial":false,"path_per_floor":["M","M","$","M","M","E","R","E","T","M","M","M"],"character_chosen":"THE_SILENT","items_purchased":[],"campfire_rested":0,"item_purchase_floors":[],"current_hp_per_floor":[59,59,59,59,56,47,47,9,9,14,6,0],"gold":184,"neow_bonus":"THREE_RARE_CARDS","is_prod":false,"is_daily":false,"chose_seed":false,"campfire_upgraded":1,"win_rate":0,"timestamp":1546754607,"path_taken":["M","M","?","?","M","E","R","E","T","M","M","M"],"build_version":"2019-01-03v4","purchased_purges":0,"victory":false,"max_hp_per_floor":[66,66,66,66,66,66,66,66,66,76,76,76],"card_choices":[{"not_picked":["Tools of the Trade","Envenom"],"picked":"Glass Knife","floor":0.0},{"not_picked":["PiercingWail","Bane"],"picked":"Footwork","floor":1},{"not_picked":["Backflip","Prepared"],"picked":"Flying Knee","floor":2},{"not_picked":["Distraction","Concentrate","Outmaneuver"],"picked":"SKIP","floor":4},{"not_picked":["PiercingWail","Outmaneuver"],"picked":"Deflect","floor":5},{"not_picked":["Storm of Steel","Cloak And Dagger"],"picked":"Dagger Spray","floor":6},{"not_picked":["Deflect","Accuracy"],"picked":"PiercingWail","floor":8},{"not_picked":["Cloak And Dagger","Reflex"],"picked":"Backflip","floor":10},{"not_picked":["Outmaneuver","Dodge and Roll"],"picked":"All Out Attack","floor":11}],"player_experience":1055606,"relics_obtained":[{"floor":6,"key":"Bottled Tornado"},{"floor":8,"key":"PreservedInsect"},{"floor":9,"key":"Ancient Tea Set"}],"event_choices":[],"is_beta":false,"boss_relics":[],"items_purged_floors":[],"is_endless":false,"potions_floor_spawned":[2,4,10],"killed_by":"Lots of Slimes","ascension_level":16}