{"gold_per_floor":[119,119,41,59,74,107,194,235,247,224,248,276,288,311,323,433,445,470,68,86,2,20,48,63,63],"floor_reached":25,"playtime":691,"items_purged":[],"score":306,"play_id":"67aff6c0-1123-4d69-80f1-e0d3391b9bca","local_time":"20181016100906","is_ascension_mode":true,"campfire_choices":[{"floor":13,"key":"REST"},{"data":"Buffer","floor":15,"key":"SMITH"}],"neow_cost":"NONE","seed_source_timestamp":490159161679947,"circlet_count":0,"master_deck":["Strike_B","Strike_B","Strike_B","Defend_B+1","Defend_B","Defend_B","Zap","Dualcast","Streamline+1","Go for the Eyes","FTL","Auto Shields","Conserve Battery","Buffer+1","Leap","Beam Cell","Ball Lightning","Echo Form","Force Field+1","Skim+1","Steam+1","Rebound","Defragment","Flash of Steel","Compile Driver+1","Capacitor","Barrage","Rebound","Core Surge","Defragment"],"relics":["Cracked Core","MawBank","Letter Opener","Bronze Scales","Astrolabe","Cables","Orichalcum"],"potions_floor_usage":[5,16,23],"damage_taken":[{"damage":0,"enemies":"2 Louse","floor":1,"turns":2},{"damage":4,"enemies":"Jaw Worm","floor":4,"turns":2},{"damage":0,"enemies":"Cultist","floor":5,"turns":2},{"damage":13,"enemies":"3 Sentries","floor":6,"turns":10},{"damage":17,"enemies":"Lagavulin","floor":8,"turns":6},{"damage":1,"enemies":"Blue Slaver","floor":11,"turns":2},{"damage":0,"enemies":"2 Fungi Beasts","floor":12,"turns":3},{"damage":0,"enemies":"3 Louse","floor":14,"turns":2},{"damage":21,"enemies":"Hexaghost","floor":16,"turns":9},{"damage":0,"enemies":"3 Byrds","floor":18,"turns":3},{"damage":5,"enemies":"Chosen","floor":20,"turns":4},{"damage":13,"enemies":"Sentry and Sphere","floor":22,"turns":5},{"damage":34,"enemies":"Book of Stabbing","floor":23,"turns":7},{"damage":8,"enemies":"Snake Plant","floor":24,"turns":4},{"damage":14,"enemies":"Slavers","floor":25,"turns":1}],"seed_played":"-5578982021226584230","potions_obtained":[{"floor":4,"key":"SkillPotion"},{"floor":8,"key":"Energy Potion"},{"floor":11,"key":"FairyPotion"},{"floor":12,"key":"Dexterity Potion"},{"floor":14,"key":"Poison Potion"},{"floor":20,"key":"Fire Potion"},{"floor":24,"key":"FearPotion"}],"is_trial":false,"path_per_floor":["M","?","$","M","M","E","?","E","T","?","M","M","R","M","R","B",null,"M","$","M","$","M","E","M"],"character_chosen":"DEFECT","items_purchased":["FTL","Cables","Defragment","Flash of Steel","Capacitor","Barrage"],"campfire_rested":1,"item_purchase_floors":[3,19,19,19,21,21],"current_hp_per_floor":[68,53,53,49,49,36,36,19,19,37,36,36,58,58,58,37,66,66,66,61,61,48,14,6,0],"gold":63,"neow_bonus":"THREE_CARDS","is_prod":false,"is_daily":false,"chose_seed":false,"campfire_upgraded":1,"win_rate":0,"timestamp":1539709746,"path_taken":["M","?","$","M","?","E","?","E","T","?","M","?","R","M","R","BOSS","M","$","?","$","?","E","M","E"],"build_version":"2018-10-11","purchased_purges":0,"victory":false,"max_hp_per_floor":[75,75,75,75,75,75,75,75,75,75,75,75,75,75,75,75,75,75,75,75,75,75,75,75,75],"card_choices":[{"not_picked":["Redo","Ball Lightning"],"picked":"Streamline","floor":0},{"not_picked":["Turbo","Streamline"],"picked":"Go for the Eyes","floor":1},{"not_picked":["Stack","Redo"],"picked":"Auto Shields","floor":4},{"not_picked":["Streamline","Recycle"],"picked":"Conserve Battery","floor":5},{"not_picked":["Cold Snap","Beam Cell"],"picked":"Buffer","floor":6},{"not_picked":["Melter","Chaos"],"picked":"Auto Shields","floor":8},{"not_picked":["Coolheaded","Beam Cell"],"picked":"Leap","floor":11},{"not_picked":["Reprogram","Skim"],"picked":"Beam Cell","floor":12},{"not_picked":["Rip and Tear","Compile Driver"],"picked":"Ball Lightning","floor":14},{"not_picked":["Fission","Biased Cognition"],"picked":"Echo Form","floor":16},{"not_picked":["Hologram","Recycle"],"picked":"Rebound","floor":18},{"not_picked":["Beam Cell","Skim"],"picked":"Compile Driver+1","floor":20},{"not_picked":["Compile Driver","Conserve Battery"],"picked":"Rebound","floor":22},{"not_picked":["Blizzard","Tempest"],"picked":"Core Surge","floor":23},{"not_picked":["Consume+1","Rip and Tear"],"picked":"Defragment","floor":24}],"player_experience":524814,"relics_obtained":[{"floor":6,"key":"MawBank"},{"floor":8,"key":"Letter Opener"},{"floor":9,"key":"Bronze Scales"},{"floor":23,"key":"Orichalcum"}],"event_choices":[{"event_name":"Shining Light","player_choice":"Entered Light","floor":2,"damage_taken":0},{"event_name":"Golden Wing","player_choice":"Gained Gold","floor":7,"damage_taken":0},{"event_name":"The Cleric","player_choice":"Healed","floor":10,"damage_taken":0}],"is_beta":false,"boss_relics":[{"not_picked":["Fusion Hammer","Snecko Eye"],"picked":"Astrolabe"}],"items_purged_floors":[],"is_endless":false,"potions_floor_spawned":[4,8,11,12,14,20,24],"killed_by":"Slavers","ascension_level":6}