{"gold_per_floor":[10,26,26,26,26,26,49,84,84,149,31,31,31,47,47,120,120,133,133,153,222,222,222,247,267,347,377,377],"floor_reached":28,"playtime":625,"items_purged":[],"score":428,"play_id":"24a9f311-cef2-4ad4-b4cf-684d81a659db","local_time":"20181019173749","is_ascension_mode":true,"campfire_choices":[{"data":"Rampage","floor":6,"key":"SMITH"},{"floor":12,"key":"REST"},{"data":"Demon Form","floor":15,"key":"SMITH"},{"floor":23,"key":"REST"}],"neow_cost":"NO_GOLD","seed_source_timestamp":776348344604755,"circlet_count":0,"master_deck":["Strike_R","Strike_R","Strike_R","Strike_R","Defend_R","Defend_R","Defend_R","Defend_R","Bash","AscendersBane","Brutality","Rampage+1","Carnage","Cleave","Thunderclap","Iron Wave","Battle Trance","Discovery","Demon Form+1","Reaper","Shrug It Off","Discovery","Pummel+1","Writhe","Reaper","Armaments","Decay"],"relics":["Burning Blood","Odd Mushroom","Bronze Scales","Pear","Centennial Puzzle","Cursed Key","Letter Opener","Darkstone Periapt","Magic Flower","Mummified Hand","Pen Nib"],"potions_floor_usage":[8,18,18,20,28],"damage_taken":[{"damage":0,"enemies":"Small Slimes","floor":1,"turns":3},{"damage":11,"enemies":"Jaw Worm","floor":2,"turns":4},{"damage":31,"enemies":"The Mushroom Lair","floor":7,"turns":5},{"damage":26,"enemies":"Gremlin Nob","floor":8,"turns":4},{"damage":29,"enemies":"Gremlin Nob","floor":10,"turns":4},{"damage":2,"enemies":"2 Louse","floor":14,"turns":2},{"damage":8,"enemies":"Slime Boss","floor":16,"turns":7},{"damage":17,"enemies":"Spheric Guardian","floor":18,"turns":3},{"damage":28,"enemies":"2 Thieves","floor":20,"turns":3},{"damage":41,"enemies":"Slavers","floor":24,"turns":4},{"damage":22,"enemies":"Sentry and Sphere","floor":25,"turns":4},{"damage":62,"enemies":"Book of Stabbing","floor":27,"turns":5},{"damage":25,"enemies":"Shelled Parasite and Fungi","floor":28,"turns":2}],"seed_played":"46483354973465710","potions_obtained":[{"floor":7,"key":"Fire Potion"},{"floor":10,"key":"Swift Potion"},{"floor":16,"key":"LiquidBronze"},{"floor":18,"key":"PowerPotion"},{"floor":25,"key":"Explosive Potion"}],"is_trial":false,"path_per_floor":["M","M","$","?","$","R","?","E","T","?","$","R","?","M","R","B",null,"M","?","M","T","?","R","E","M","T","E"],"character_chosen":"IRONCLAD","items_purchased":["Battle Trance","Discovery"],"campfire_rested":2,"item_purchase_floors":[11,11],"current_hp_per_floor":[74,69,69,69,69,69,44,24,34,11,11,36,36,40,40,38,73,69,69,55,55,55,80,53,46,52,16,0],"gold":377,"neow_bonus":"THREE_RARE_CARDS","is_prod":false,"is_daily":false,"chose_seed":false,"campfire_upgraded":2,"win_rate":0,"timestamp":1539995869,"path_taken":["M","M","$","?","$","R","?","E","T","?","$","R","?","M","R","BOSS","M","?","M","?","?","R","E","M","T","E","?"],"build_version":"2018-10-18","purchased_purges":0,"victory":false,"max_hp_per_floor":[75,75,75,75,75,75,75,75,85,85,85,85,85,85,85,85,85,85,85,85,85,85,85,85,85,91,91,91],"card_choices":[{"not_picked":["Impervious","Exhume"],"picked":"Brutality","floor":0},{"not_picked":["Heavy Blade","Shrug It Off"],"picked":"Rampage","floor":1},{"not_picked":["Clash","Headbutt"],"picked":"Carnage","floor":2},{"not_picked":["Clothesline","Feel No Pain"],"picked":"Cleave","floor":7},{"not_picked":["Anger","Rampage"],"picked":"Thunderclap","floor":8},{"not_picked":["Armaments","Anger"],"picked":"Iron Wave","floor":10},{"not_picked":["Rupture","Armaments"],"picked":"Demon Form","floor":14},{"not_picked":["Bludgeon","Juggernaut"],"picked":"Reaper","floor":16},{"not_picked":["Sword Boomerang","Ghostly Armor"],"picked":"Shrug It Off","floor":18},{"not_picked":["Bloodletting","Flame Barrier"],"picked":"Pummel+1","floor":20},{"not_picked":["Sentinel","Power Through"],"picked":"Reaper","floor":24},{"not_picked":["Wild Strike","Rage"],"picked":"Armaments","floor":25},{"not_picked":["Sword Boomerang","Entrench","Bloodletting"],"picked":"SKIP","floor":27}],"player_experience":564300,"relics_obtained":[{"floor":7,"key":"Odd Mushroom"},{"floor":8,"key":"Bronze Scales"},{"floor":9,"key":"Pear"},{"floor":10,"key":"Centennial Puzzle"},{"floor":21,"key":"Letter Opener"},{"floor":24,"key":"Magic Flower"},{"floor":26,"key":"Mummified Hand"},{"floor":27,"key":"Pen Nib"}],"event_choices":[{"damage_healed":0,"gold_gain":0,"player_choice":"Leave","damage_taken":0,"max_hp_gain":0,"max_hp_loss":0,"event_name":"The Cleric","floor":4,"gold_loss":0},{"damage_healed":0,"gold_gain":0,"player_choice":"Fought Mushrooms","damage_taken":0,"max_hp_gain":0,"max_hp_loss":0,"event_name":"Mushrooms","floor":7,"gold_loss":0},{"damage_healed":0,"gold_gain":0,"player_choice":"Searched \u00271\u0027 times","damage_taken":0,"max_hp_gain":0,"max_hp_loss":0,"event_name":"Dead Adventurer","floor":10,"gold_loss":0},{"cards_removed":["Strike_R"],"damage_healed":0,"gold_gain":0,"player_choice":"Purged","damage_taken":0,"max_hp_gain":0,"max_hp_loss":0,"event_name":"Purifier","floor":13,"gold_loss":0},{"damage_healed":0,"gold_gain":0,"player_choice":"Copied","damage_taken":0,"max_hp_gain":0,"max_hp_loss":0,"event_name":"Duplicator","floor":19,"gold_loss":0,"cards_obtained":["Discovery"]},{"damage_healed":0,"gold_gain":0,"player_choice":"Opened","damage_taken":0,"relics_obtained":["Darkstone Periapt"],"max_hp_gain":0,"max_hp_loss":0,"event_name":"The Mausoleum","floor":22,"gold_loss":0}],"is_beta":false,"boss_relics":[{"not_picked":["Calling Bell","Eternal Feather"],"picked":"Cursed Key"}],"items_purged_floors":[],"is_endless":false,"potions_floor_spawned":[7,10,16,18,25],"killed_by":"Shelled Parasite and Fungi","ascension_level":14}