{"gold_per_floor":[114,189,199,219,234,265,265,328,328,357,167,225,240,250,250,348,348,365,365,384,404,0,0,34,34,102,102,102,121,156,175,175,279,279,297,315,10,25,25,52,65,75,75,100,114,130,165,165,165,165],"floor_reached":51,"playtime":2819,"items_purged":[],"score":826,"play_id":"ae4182f5-2fdb-4bec-b475-50acacb1ca5c","local_time":"20190416163724","is_ascension_mode":false,"campfire_choices":[{"data":"Bash","floor":7,"key":"SMITH"},{"data":"Disarm","floor":15,"key":"SMITH"},{"data":"Corruption","floor":23,"key":"SMITH"},{"data":"Shockwave","floor":25,"key":"SMITH"},{"data":"Demon Form","floor":27,"key":"SMITH"},{"data":"Uppercut","floor":32,"key":"SMITH"},{"data":"Armaments","floor":49,"key":"SMITH"}],"neow_cost":"NONE","seed_source_timestamp":364563886907900,"circlet_count":0,"master_deck":["Strike_R+1","Strike_R+1","Strike_R+1","Strike_R+1","Strike_R+1","Defend_R+1","Defend_R+1","Defend_R+1","Defend_R+1","Bash+1","Warcry","Twin Strike","Iron Wave","Disarm+1","Warcry","Shockwave+1","Reaper","Juggernaut","Iron Wave","Uppercut+1","Feed","Carnage","Pommel Strike","Corruption+1","Demon Form+1","Anger","Headbutt","Power Through","Reaper","Battle Trance+1","Exhume","Inflame","Ghostly Armor","Battle Trance","Shame","Pommel Strike+1","Armaments+1","Shrug It Off+1"],"relics":["Burning Blood","Ancient Tea Set","Red Skull","Charon\u0027s Ashes","Bag of Marbles","Tiny Chest","Runic Dome","Shuriken","Anchor","Dodecahedron","Mercury Hourglass","Happy Flower","Cursed Key","Vajra","Self Forming Clay","Omamori","Lantern","Frozen Egg 2"],"potions_floor_usage":[6,8,20,33,50,50],"damage_taken":[{"damage":1,"enemies":"Cultist","floor":1,"turns":3},{"damage":14,"enemies":"Jaw Worm","floor":3,"turns":4},{"damage":5,"enemies":"2 Louse","floor":4,"turns":3},{"damage":4,"enemies":"Blue Slaver","floor":5,"turns":6},{"damage":31,"enemies":"3 Sentries","floor":6,"turns":9},{"damage":13,"enemies":"3 Sentries","floor":8,"turns":5},{"damage":1,"enemies":"Gremlin Nob","floor":10,"turns":3},{"damage":10,"enemies":"3 Sentries","floor":12,"turns":6},{"damage":10,"enemies":"Gremlin Gang","floor":13,"turns":3},{"damage":5,"enemies":"Lots of Slimes","floor":14,"turns":3},{"damage":9,"enemies":"The Guardian","floor":16,"turns":11},{"damage":7,"enemies":"3 Byrds","floor":18,"turns":5},{"damage":0,"enemies":"Chosen","floor":20,"turns":4},{"damage":10,"enemies":"Snecko","floor":21,"turns":4},{"damage":8,"enemies":"Book of Stabbing","floor":24,"turns":4},{"damage":2,"enemies":"Sentry and Sphere","floor":29,"turns":3},{"damage":6,"enemies":"Slavers","floor":30,"turns":5},{"damage":3,"enemies":"Shelled Parasite and Fungi","floor":31,"turns":5},{"damage":29,"enemies":"Champ","floor":33,"turns":8},{"damage":0,"enemies":"3 Shapes","floor":35,"turns":3},{"damage":26,"enemies":"3 Darklings","floor":36,"turns":3},{"damage":7,"enemies":"Maw","floor":38,"turns":8},{"damage":17,"enemies":"Giant Head","floor":40,"turns":6},{"damage":7,"enemies":"Sphere and 2 Shapes","floor":41,"turns":4},{"damage":3,"enemies":"3 Darklings","floor":42,"turns":5},{"damage":32,"enemies":"Nemesis","floor":44,"turns":5},{"damage":35,"enemies":"Maw","floor":45,"turns":7},{"damage":0,"enemies":"Writhing Mass","floor":46,"turns":4},{"damage":17,"enemies":"Giant Head","floor":47,"turns":8},{"damage":34,"enemies":"Awakened One","floor":50,"turns":9}],"seed_played":"-8201723624721098099","potions_obtained":[{"floor":1,"key":"Dexterity Potion"},{"floor":4,"key":"Regen Potion"},{"floor":5,"key":"SkillPotion"},{"floor":12,"key":"Ancient Potion"},{"floor":13,"key":"PowerPotion"},{"floor":18,"key":"FearPotion"},{"floor":21,"key":"Swift Potion"},{"floor":24,"key":"Fire Potion"},{"floor":31,"key":"PowerPotion"},{"floor":33,"key":"Poison Potion"},{"floor":35,"key":"SpeedPotion"}],"is_trial":false,"path_per_floor":["M","?","M","M","M","E","R","?","T","E","$","E","M","M","R","B",null,"M","?","M","M","$","R","E","R","T","R","?","M","E","M","R","B",null,"M","M","$","M","$","E","M","M","T","E","M","M","E","?","R","B",null],"character_chosen":"IRONCLAD","items_purchased":["Metallicize","PowerPotion","Reaper","Shuriken","Anchor","Exhume","Vajra"],"campfire_rested":0,"item_purchase_floors":[11,11,11,22,22,37,37],"current_hp_per_floor":[80,69,61,62,64,39,39,32,32,37,37,43,63,71,71,68,80,79,79,80,76,76,76,80,80,80,80,80,83,86,89,89,66,89,92,75,75,98,98,90,95,104,104,82,95,101,103,103,103,103],"gold":165,"neow_bonus":"RANDOM_COMMON_RELIC","is_prod":false,"is_daily":false,"chose_seed":false,"campfire_upgraded":7,"win_rate":1,"timestamp":1555457844,"path_taken":["M","?","M","M","M","E","R","?","T","E","$","E","M","M","R","BOSS","M","?","M","M","$","R","E","R","T","R","?","M","E","M","R","BOSS","M","?","?","M","$","E","M","M","T","E","?","M","E","?","R","BOSS"],"build_version":"2019-01-23","purchased_purges":0,"victory":true,"max_hp_per_floor":[80,80,80,80,80,80,80,80,80,80,80,80,80,80,80,80,80,80,80,80,80,80,80,80,80,80,80,80,83,86,89,89,89,89,92,95,95,98,98,101,101,104,104,107,107,107,107,107,107,107],"card_choices":[{"not_picked":["Pummel","Fire Breathing"],"picked":"Warcry","floor":1},{"not_picked":["Warcry","Body Slam"],"picked":"Twin Strike","floor":3},{"not_picked":["Sever Soul","Pommel Strike"],"picked":"Iron Wave","floor":4},{"not_picked":["Body Slam","Second Wind"],"picked":"Wild Strike","floor":5},{"not_picked":["Sword Boomerang","Feel No Pain"],"picked":"Disarm","floor":6},{"not_picked":["Burning Pact","Cleave"],"picked":"Warcry","floor":8},{"not_picked":["Ghostly Armor","Heavy Blade"],"picked":"Shockwave","floor":10},{"not_picked":["Fire Breathing","Thunderclap"],"picked":"Juggernaut","floor":12},{"not_picked":["Bloodletting","Hemokinesis"],"picked":"Iron Wave","floor":13},{"not_picked":["Entrench","Uppercut","Sentinel"],"picked":"SKIP","floor":14},{"not_picked":["Entrench","Sentinel"],"picked":"Uppercut","floor":14},{"not_picked":["Berserk","Limit Break"],"picked":"Feed","floor":16},{"not_picked":["Bloodletting+1","Corruption"],"picked":"Carnage","floor":18},{"not_picked":["Heavy Blade","Entrench"],"picked":"Pommel Strike","floor":20},{"not_picked":["Second Wind","Sever Soul"],"picked":"Corruption","floor":21},{"not_picked":["Body Slam+1","Shrug It Off+1"],"picked":"Demon Form","floor":24},{"not_picked":["Combust","Flex"],"picked":"Anger","floor":29},{"not_picked":["Sentinel","Dropkick+1"],"picked":"Headbutt","floor":30},{"not_picked":["Second Wind","Clash"],"picked":"Power Through","floor":31},{"not_picked":["Berserk","Brutality"],"picked":"Reaper","floor":33},{"not_picked":["Warcry","Havoc","Evolve+1"],"picked":"SKIP","floor":35},{"not_picked":["Iron Wave+1","Twin Strike"],"picked":"Battle Trance+1","floor":36},{"not_picked":["Flame Barrier","Rage+1"],"picked":"Inflame","floor":38},{"not_picked":["Blood for Blood","Fire Breathing"],"picked":"Ghostly Armor","floor":40},{"not_picked":["Wild Strike+1","Bludgeon"],"picked":"Battle Trance","floor":41},{"not_picked":["Anger+1","Iron Wave","Flex+1"],"picked":"SKIP","floor":42},{"not_picked":["Bludgeon","Cleave+1","Flex"],"picked":"SKIP","floor":44},{"not_picked":["Anger+1","Sword Boomerang"],"picked":"Pommel Strike+1","floor":45},{"not_picked":["Searing Blow+1","Perfected Strike+1"],"picked":"Armaments","floor":46},{"not_picked":["Combust","True Grit+1"],"picked":"Shrug It Off+1","floor":47}],"player_experience":398780,"relics_obtained":[{"floor":6,"key":"Red Skull"},{"floor":8,"key":"Charon\u0027s Ashes"},{"floor":10,"key":"Bag of Marbles"},{"floor":12,"key":"Tiny Chest"},{"floor":24,"key":"Dodecahedron"},{"floor":26,"key":"Mercury Hourglass"},{"floor":30,"key":"Happy Flower"},{"floor":40,"key":"Self Forming Clay"},{"floor":43,"key":"Omamori"},{"floor":44,"key":"Lantern"},{"floor":47,"key":"Frozen Egg 2"}],"event_choices":[{"damage_healed":0,"gold_gain":75,"player_choice":"Gather Gold","damage_taken":11,"max_hp_gain":0,"max_hp_loss":0,"event_name":"World of Goop","floor":2,"gold_loss":0},{"damage_healed":0,"gold_gain":0,"player_choice":"Searched \u00271\u0027 times","damage_taken":0,"max_hp_gain":0,"max_hp_loss":0,"event_name":"Dead Adventurer","floor":8,"gold_loss":0},{"damage_healed":0,"gold_gain":0,"player_choice":"Simplicity","damage_taken":0,"max_hp_gain":0,"max_hp_loss":0,"event_name":"Back to Basics","floor":19,"gold_loss":0,"cards_upgraded":["Strike_R","Strike_R","Strike_R","Strike_R","Strike_R","Defend_R","Defend_R","Defend_R","Defend_R"]},{"cards_removed":["Wild Strike"],"damage_healed":0,"gold_gain":0,"player_choice":"Purged","damage_taken":0,"max_hp_gain":0,"max_hp_loss":0,"event_name":"Purifier","floor":28,"gold_loss":0},{"cards_removed":["Metallicize"],"damage_healed":0,"gold_gain":0,"player_choice":"Removed Power","damage_taken":0,"max_hp_gain":0,"max_hp_loss":0,"event_name":"Falling","floor":48,"gold_loss":0}],"is_beta":false,"boss_relics":[{"not_picked":["Ectoplasm","Eternal Feather"],"picked":"Runic Dome"},{"not_picked":["Tiny House","Fusion Hammer"],"picked":"Cursed Key"}],"items_purged_floors":[],"is_endless":false,"potions_floor_spawned":[1,4,5,12,13,14,18,21,24,31,33,35,40,47],"ascension_level":0}