{"gold_per_floor":[112,187,187,187,201,201,201,201,201,222,256,112,136,136],"floor_reached":14,"playtime":333,"items_purged":["Strike_B"],"score":101,"play_id":"84548309-79dc-42cc-9a04-0f9b1ccc9f22","local_time":"20181122102044","is_ascension_mode":true,"campfire_choices":[{"floor":6,"key":"REST"},{"floor":8,"key":"DIG"}],"neow_cost":"PERCENT_DAMAGE","seed_source_timestamp":938706118137891,"circlet_count":0,"master_deck":["Strike_B","Strike_B","Strike_B","Defend_B","Defend_B","Defend_B","Defend_B","Zap","Dualcast","Heatsinks","Undo","Hello World"],"relics":["Cracked Core","Shovel","Golden Idol","Dream Catcher","Molten Egg 2","Ornamental Fan"],"potions_floor_usage":[13],"damage_taken":[{"damage":0,"enemies":"2 Louse","floor":1,"turns":2},{"damage":4,"enemies":"Small Slimes","floor":5,"turns":3},{"damage":1,"enemies":"Cultist","floor":10,"turns":4},{"damage":42,"enemies":"3 Sentries","floor":11,"turns":10},{"damage":18,"enemies":"Lots of Slimes","floor":13,"turns":5},{"damage":17,"enemies":"Exordium Wildlife","floor":14,"turns":3}],"seed_played":"5205005949279172670","potions_obtained":[{"floor":5,"key":"LiquidBronze"},{"floor":10,"key":"FearPotion"},{"floor":13,"key":"LiquidBronze"}],"is_trial":false,"path_per_floor":["M","?","?","?","M","R","?","R","T","M","E","$","M","M"],"character_chosen":"DEFECT","items_purchased":["Hello World"],"campfire_rested":1,"item_purchase_floors":[12],"current_hp_per_floor":[54,43,43,43,39,59,69,69,69,68,26,26,8,0],"gold":136,"neow_bonus":"ONE_RARE_RELIC","is_prod":false,"is_daily":false,"chose_seed":false,"campfire_upgraded":0,"win_rate":0,"timestamp":1542900044,"path_taken":["M","?","?","?","M","R","?","R","T","M","E","$","?","M"],"build_version":"2018-11-15","purchased_purges":1,"victory":false,"max_hp_per_floor":[75,75,69,69,69,69,69,69,69,69,69,69,69,69],"card_choices":[{"not_picked":["Rebound","Streamline"],"picked":"Fusion","floor":1},{"not_picked":["Hologram","Rebound"],"picked":"Heatsinks","floor":5},{"not_picked":["Rip and Tear+1","Barrage+1"],"picked":"Undo","floor":10},{"not_picked":["Coolheaded","Ball Lightning+1","Seek"],"picked":"SKIP","floor":11},{"not_picked":["Stack","Cold Snap+1","Barrage+1"],"picked":"SKIP","floor":13}],"player_experience":267348,"relics_obtained":[{"floor":8,"key":"Dream Catcher"},{"floor":9,"key":"Molten Egg 2"},{"floor":11,"key":"Ornamental Fan"}],"event_choices":[{"damage_healed":0,"gold_gain":75,"player_choice":"Gather Gold","damage_taken":11,"max_hp_gain":0,"max_hp_loss":0,"event_name":"World of Goop","floor":2,"gold_loss":0},{"damage_healed":0,"gold_gain":0,"player_choice":"Lose Max HP","damage_taken":0,"relics_obtained":["Golden Idol"],"max_hp_gain":0,"max_hp_loss":6,"event_name":"Golden Idol","floor":3,"gold_loss":0},{"damage_healed":0,"gold_gain":0,"player_choice":"Ignored","damage_taken":0,"max_hp_gain":0,"max_hp_loss":0,"event_name":"Shining Light","floor":4,"gold_loss":0},{"cards_removed":["Fusion"],"damage_healed":10,"gold_gain":0,"player_choice":"Offered Uncommon","damage_taken":0,"max_hp_gain":0,"max_hp_loss":0,"event_name":"Bonfire Elementals","floor":7,"gold_loss":0}],"is_beta":false,"boss_relics":[],"items_purged_floors":[12],"is_endless":false,"potions_floor_spawned":[5,10,13],"killed_by":"Exordium Wildlife","ascension_level":3}