{"gold_per_floor":[117,127,127,143,143,143,171,186,186,186,111,111,186,202,202,202],"floor_reached":16,"playtime":1261,"items_purged":["Strike_G"],"score":110,"play_id":"085d8b18-b663-41cc-ba1a-d3335e46d182","local_time":"20181111163959","is_ascension_mode":true,"campfire_choices":[{"data":"Well Laid Plans","floor":6.0,"key":"SMITH"},{"data":"Neutralize","floor":10.0,"key":"SMITH"},{"data":"Backflip","floor":15.0,"key":"SMITH"}],"neow_cost":"NONE","seed_source_timestamp":0,"circlet_count":0,"master_deck":["Defend_G","Defend_G","Defend_G","Defend_G","Defend_G","Strike_G","Strike_G","Strike_G","Strike_G","Survivor","Neutralize+1","Well Laid Plans+1","Outmaneuver+1","After Image","Backflip+1"],"special_seed":0,"relics":["Ring of the Snake","Mummified Hand","Kunai"],"potions_floor_usage":[16,16,16,16],"damage_taken":[{"damage":0.0,"enemies":"2 Louse","floor":1.0,"turns":4.0},{"damage":1.0,"enemies":"Cultist","floor":2.0,"turns":4.0},{"damage":5.0,"enemies":"Small Slimes","floor":4.0,"turns":6.0},{"damage":21.0,"enemies":"3 Sentries","floor":7.0,"turns":15.0},{"damage":0.0,"enemies":"2 Fungi Beasts","floor":8.0,"turns":6.0},{"damage":0.0,"enemies":"Looter","floor":14.0,"turns":5.0},{"damage":43,"enemies":"Slime Boss","floor":16,"turns":18}],"seed_played":"8324565700033456392","potions_obtained":[{"floor":0.0,"key":"Ancient Potion"},{"floor":0.0,"key":"EntropicBrew"},{"floor":0.0,"key":"AttackPotion"},{"floor":7.0,"key":"SpeedPotion"},{"floor":8.0,"key":"Fruit Juice"}],"is_trial":false,"path_per_floor":["M","M","?","M","?","R","E","M","T","R","$","?","?","M","R","B"],"character_chosen":"THE_SILENT","items_purchased":[],"campfire_rested":0,"item_purchase_floors":[],"current_hp_per_floor":[70,69,69,64,69,69,48,53,53,53,53,53,42,42,42,0],"gold":202,"neow_bonus":"THREE_SMALL_POTIONS","is_prod":false,"is_daily":false,"chose_seed":false,"campfire_upgraded":3,"win_rate":0,"timestamp":1541972399,"path_taken":["M","M","?","?","?","R","E","M","T","R","$","?","?","M","R","BOSS"],"build_version":"2018-11-08","purchased_purges":1,"victory":false,"max_hp_per_floor":[70,70,70,70,75,75,75,80,80,80,80,80,80,80,80,80],"card_choices":[{"not_picked":["Blade Dance","Sucker Punch"],"picked":"Well Laid Plans","floor":1.0},{"not_picked":["Blade Dance","Flying Knee"],"picked":"Outmaneuver","floor":2.0},{"not_picked":["Dagger Throw","Dagger Spray","Heel Hook"],"picked":"SKIP","floor":4.0},{"not_picked":["Tactician","Backflip"],"picked":"After Image","floor":7.0},{"not_picked":["Poisoned Stab","Outmaneuver","Flying Knee"],"picked":"SKIP","floor":8.0},{"not_picked":["Catalyst","Quick Slash"],"picked":"Backflip","floor":14.0}],"player_experience":261509,"relics_obtained":[{"floor":7.0,"key":"Mummified Hand"},{"floor":9.0,"key":"Kunai"}],"event_choices":[{"damage_healed":0.0,"max_hp_gain":0.0,"max_hp_loss":0.0,"gold_gain":0.0,"event_name":"Upgrade Shrine","player_choice":"Upgraded","floor":3.0,"gold_loss":0.0,"damage_taken":0.0,"cards_upgraded":["Outmaneuver"]},{"damage_healed":0.0,"max_hp_gain":5.0,"max_hp_loss":0.0,"gold_gain":0.0,"event_name":"Big Fish","player_choice":"Donut","floor":5.0,"gold_loss":0.0,"damage_taken":0.0},{"damage_healed":0.0,"max_hp_gain":0.0,"max_hp_loss":0.0,"gold_gain":0.0,"event_name":"Liars Game","player_choice":"Ignored","floor":12.0,"gold_loss":0.0,"damage_taken":0.0},{"damage_healed":0.0,"max_hp_gain":0.0,"max_hp_loss":0.0,"gold_gain":75.0,"event_name":"World of Goop","player_choice":"Gather Gold","floor":13.0,"gold_loss":0.0,"damage_taken":11.0}],"is_beta":false,"boss_relics":[],"items_purged_floors":[11],"is_endless":false,"potions_floor_spawned":[1,7,8],"killed_by":"Slime Boss","ascension_level":2}