{"path_per_floor":["M","M","M","M","?","E","?","E","T","M","R","E","M","$","R"],"character_chosen":"THE_SILENT","items_purchased":["Membership Card","Molten Egg 2","Medical Kit","Noxious Fumes","Poisoned Stab"],"gold_per_floor":[110,122,139,154,227,252,252,283,283,302,302,635,651,2,2],"floor_reached":16,"campfire_rested":1,"playtime":572,"current_hp_per_floor":[61,54,54,54,54,39,39,24,24,23,42,43,40,40,40],"items_purged":[],"gold":2,"score":165,"play_id":"9e72cabb-365a-439d-91f9-9857a3ebb8dd","is_prod":false,"is_daily":false,"is_ascension_mode":true,"campfire_upgraded":1,"path_taken":["M","M","?","?","?","E","?","E","T","M","R","E","?","$","R","BOSS"],"build_version":"2018-02-22-PROD2","purchased_purges":0,"victory":false,"master_deck":["Defend_G","Defend_G","Defend_G","Defend_G","Defend_G","Strike_G","Strike_G","Strike_G","Strike_G","Strike_G","Survivor","Neutralize+1","Sucker Punch","Footwork","Backstab","Adrenaline","Slice","Caltrops+1","Riddle With Holes","Poisoned Stab","Deflect","Noxious Fumes","Poisoned Stab+1"],"max_hp_per_floor":[70,70,70,70,70,70,65,65,65,65,65,65,65,65,65],"relics":["Ring of the Snake","Ancient Tea Set","Golden Idol","Meat on the Bone","Art of War","Old Coin","Membership Card","Molten Egg 2","Medical Kit"],"card_choices":[{"not_picked":["Outmaneuver","Skewer"],"picked":"Sucker Punch"},{"not_picked":["Night Terror","Choke"],"picked":"Footwork"},{"not_picked":["Cloak And Dagger","Accuracy"],"picked":"Backstab"},{"not_picked":["Slice","Deadly Poison"],"picked":"Adrenaline"},{"not_picked":["Calculated Gamble","Cloak And Dagger"],"picked":"Slice"},{"not_picked":["Leg Sweep","Dagger Throw"],"picked":"Caltrops"},{"not_picked":["Dagger Spray","Backflip"],"picked":"Riddle With Holes"},{"not_picked":["Cloak And Dagger","Acrobatics"],"picked":"Poisoned Stab"},{"not_picked":["Backflip","Dodge and Roll"],"picked":"Deflect"}],"player_experience":270330,"potions_floor_usage":[10,13,16],"damage_taken":[{"damage":2,"enemies":"Cultist","floor":1,"turns":5},{"damage":7,"enemies":"2 Louse","floor":2,"turns":3},{"damage":0,"enemies":"Jaw Worm","floor":3,"turns":4},{"damage":0,"enemies":"Looter","floor":4,"turns":4},{"damage":15,"enemies":"3 Sentries","floor":6,"turns":12},{"damage":15,"enemies":"Lagavulin","floor":8,"turns":8},{"damage":13,"enemies":"Large Slime","floor":10,"turns":7},{"damage":11,"enemies":"3 Sentries","floor":12,"turns":8},{"damage":15,"enemies":"Exordium Wildlife","floor":13,"turns":4},{"damage":51,"enemies":"Slime Boss","floor":16,"turns":7}],"event_choices":[{"event_name":"Golden Wing","player_choice":"Gained Gold","floor":5,"damage_taken":0},{"event_name":"Golden Idol","player_choice":"Lose Max HP","floor":7,"damage_taken":0}],"boss_relics":[],"potions_floor_spawned":[6,12,13],"seed_played":"-525863991800291866","killed_by":"Slime Boss","ascension_level":7,"is_trial":false}