{"gold_per_floor":[118,118,118,118,137,137,150,177,177,177,210,210],"floor_reached":12,"playtime":302,"items_purged":[],"score":95,"play_id":"cfa641fe-2eae-417e-a746-f22828cf426f","local_time":"20181011104253","daily_mods":["Shiny","Diverse","DeadlyEvents"],"is_ascension_mode":true,"campfire_choices":[{"data":"Demon Form","floor":6,"key":"SMITH"},{"data":"Limit Break","floor":10,"key":"SMITH"}],"neow_cost":"","seed_source_timestamp":66086366180606,"circlet_count":0,"master_deck":["Double Tap","Demon Form+1","Bludgeon","Feed","Limit Break+1","Fiend Fire","Dark Embrace","Berserk","Impervious","Juggernaut","Brutality","Reaper","Exhume","Offering","Immolate","Heavy Blade","Thunder Strike","Hello World","Shrug It Off"],"relics":["Burning Blood","Mummified Hand","Gremlin Horn","Dream Catcher","Dodecahedron"],"potions_floor_usage":[12],"damage_taken":[{"damage":0,"enemies":"2 Louse","floor":1,"turns":1},{"damage":7,"enemies":"Cultist","floor":5,"turns":3},{"damage":13,"enemies":"Jaw Worm","floor":7,"turns":2},{"damage":35,"enemies":"Lagavulin","floor":8,"turns":3},{"damage":16,"enemies":"3 Sentries","floor":11,"turns":4},{"damage":38,"enemies":"Lagavulin","floor":12,"turns":3}],"seed_played":"7254886698044112874","potions_obtained":[{"floor":2,"key":"Poison Potion"},{"floor":2,"key":"Ancient Potion"},{"floor":2,"key":"Dexterity Potion"},{"floor":11,"key":"Weak Potion"}],"is_trial":true,"path_per_floor":["M","?","?","?","M","R","M","E","T","R","E"],"character_chosen":"IRONCLAD","items_purchased":[],"campfire_rested":0,"item_purchase_floors":[],"current_hp_per_floor":[80,80,80,73,75,75,68,39,39,39,36,0],"gold":210,"neow_bonus":"","is_prod":false,"is_daily":false,"chose_seed":false,"campfire_upgraded":2,"win_rate":0,"timestamp":1539268973,"path_taken":["M","?","?","?","?","R","M","E","T","R","E","?"],"build_version":"2018-10-04v2","purchased_purges":0,"victory":false,"max_hp_per_floor":[80,80,80,80,83,83,83,83,83,83,86,86],"card_choices":[{"not_picked":["Backflip","Recycle"],"picked":"Heavy Blade","floor":1},{"not_picked":["Anger","Hemokinesis","Body Slam"],"picked":"SKIP","floor":5},{"not_picked":["Expertise","Reinforced Body"],"picked":"Hello World","floor":7},{"not_picked":["Dagger Throw","Wraith Form v2"],"picked":"Shrug It Off","floor":8},{"not_picked":["Setup","Headbutt","Shrug It Off"],"picked":"SKIP","floor":11}],"player_experience":223036,"relics_obtained":[{"floor":8,"key":"Gremlin Horn"},{"floor":9,"key":"Dream Catcher"},{"floor":11,"key":"Dodecahedron"}],"event_choices":[{"event_name":"The Lab","player_choice":"Got Potions","floor":2,"damage_taken":0},{"event_name":"Transmorgrifier","player_choice":"Transform","floor":3,"damage_taken":0},{"event_name":"Scrap Ooze","player_choice":"success","floor":4,"damage_taken":7}],"is_beta":false,"boss_relics":[],"items_purged_floors":[],"is_endless":false,"potions_floor_spawned":[5,11],"killed_by":"Lagavulin","ascension_level":2}