{"gold_per_floor":[363,363,187,187,204,204,221,221,248,267,295,295,295,313,313,417,417,436,360,374,386,136,136,149,175,200,3,3,18,18,31,31,31],"floor_reached":33,"playtime":1362,"items_purged":["Strike_R"],"score":334,"play_id":"06f55f48-6ba5-4210-97d8-974db9821ec9","local_time":"20190414162408","is_ascension_mode":true,"campfire_choices":[{"data":"Searing Blow","floor":6.0,"key":"SMITH"},{"data":"Bash","floor":8.0,"key":"SMITH"},{"data":"True Grit","floor":12.0,"key":"SMITH"},{"floor":15.0,"key":"REST"},{"data":"Juggernaut","floor":23.0,"key":"SMITH"},{"floor":32,"key":"REST"}],"neow_cost":"TEN_PERCENT_HP_LOSS","seed_source_timestamp":259998858515900,"circlet_count":0,"master_deck":["Defend_R","Defend_R","Defend_R","Defend_R","Bash+1","Disarm","Flame Barrier","Shrug It Off","Pommel Strike","Searing Blow+2","Clothesline","Anger","True Grit+1","Spot Weakness","Juggernaut+1","Infernal Blade+1","Shockwave+1","Reckless Charge+1","Havoc+1","Thunderclap","Twin Strike+1","Immolate","Impervious","Battle Trance","Dark Shackles","Heavy Blade"],"special_seed":0,"relics":["Burning Blood","PreservedInsect","Mummified Hand","Astrolabe","Bottled Tornado","Oddly Smooth Stone","Happy Flower","Medical Kit"],"potions_floor_usage":[33,33,33],"damage_taken":[{"damage":5.0,"enemies":"2 Louse","floor":1.0,"turns":3.0},{"damage":0.0,"enemies":"Cultist","floor":5.0,"turns":3.0},{"damage":0.0,"enemies":"Small Slimes","floor":7.0,"turns":3.0},{"damage":9.0,"enemies":"Looter","floor":10.0,"turns":3.0},{"damage":30.0,"enemies":"3 Sentries","floor":11.0,"turns":6.0},{"damage":14.0,"enemies":"3 Louse","floor":14.0,"turns":4.0},{"damage":29.0,"enemies":"The Guardian","floor":16.0,"turns":12.0},{"damage":12.0,"enemies":"3 Byrds","floor":18.0,"turns":6.0},{"damage":0.0,"enemies":"Chosen","floor":20.0,"turns":3.0},{"damage":16.0,"enemies":"3 Cultists","floor":21.0,"turns":5.0},{"damage":9.0,"enemies":"Snecko","floor":24.0,"turns":5.0},{"damage":26,"enemies":"Gremlin Leader","floor":25,"turns":5},{"damage":13,"enemies":"Cultist and Chosen","floor":29,"turns":6},{"damage":4,"enemies":"Centurion and Healer","floor":31,"turns":3},{"damage":50,"enemies":"Champ","floor":33,"turns":8}],"seed_played":"-7732269062412105945","potions_obtained":[{"floor":1.0,"key":"Poison Potion"},{"floor":10.0,"key":"Weak Potion"},{"floor":11.0,"key":"Ancient Potion"},{"floor":14.0,"key":"Explosive Potion"},{"floor":29,"key":"Block Potion"},{"floor":31,"key":"Energy Potion"}],"is_trial":false,"path_per_floor":["M","?","$","?","M","R","M","R","T","M","E","R","?","M","R","B",null,"M","$","M","M","$","R","M","E","T","$","?","M","?","M","R","B"],"character_chosen":"IRONCLAD","items_purchased":["Shrug It Off","Pommel Strike","Thunderclap","FearPotion","Bottled Tornado","Medical Kit"],"campfire_rested":2,"item_purchase_floors":[3,3,19,19,22,27],"current_hp_per_floor":[72,72,72,72,72,72,72,72,72,69,45,45,33,25,46,23,60,54,54,60,50,50,50,47,27,27,27,27,20,20,22,43,0],"gold":31,"neow_bonus":"TWO_FIFTY_GOLD","is_prod":false,"is_daily":false,"chose_seed":false,"campfire_upgraded":4,"win_rate":0,"timestamp":1555284248,"path_taken":["M","?","?","?","M","R","M","R","T","?","E","R","?","M","R","BOSS","M","$","M","M","$","R","M","E","T","$","?","?","?","?","R","BOSS"],"build_version":"2019-04-04","purchased_purges":1,"victory":false,"max_hp_per_floor":[72,72,72,72,72,72,72,72,72,72,72,72,72,72,72,72,72,72,72,72,72,72,72,72,72,72,72,72,72,72,72,72,72],"card_choices":[{"not_picked":["Iron Wave","Dual Wield"],"picked":"Disarm","floor":1.0},{"not_picked":["Perfected Strike","Burning Pact"],"picked":"Searing Blow","floor":5.0},{"not_picked":["Warcry","Twin Strike"],"picked":"Clothesline","floor":7.0},{"not_picked":["Pommel Strike","Twin Strike"],"picked":"Anger","floor":10.0},{"not_picked":["Body Slam","Headbutt"],"picked":"True Grit","floor":11.0},{"not_picked":["Rage","Blood for Blood"],"picked":"Spot Weakness","floor":14.0},{"not_picked":["Double Tap","Fiend Fire"],"picked":"Juggernaut","floor":16.0},{"not_picked":["Shrug It Off","Perfected Strike"],"picked":"Havoc+1","floor":18.0},{"not_picked":["Shrug It Off","Spot Weakness+1"],"picked":"Twin Strike+1","floor":20.0},{"not_picked":["True Grit+1","Flex","Twin Strike"],"picked":"SKIP","floor":21.0},{"not_picked":["Perfected Strike","Flex"],"picked":"Immolate","floor":24.0},{"not_picked":["Rupture","Hemokinesis+1"],"picked":"Impervious","floor":25},{"not_picked":["Cleave","Power Through"],"picked":"Battle Trance","floor":29},{"not_picked":["Power Through","Flex"],"picked":"Heavy Blade","floor":31}],"player_experience":664870,"relics_obtained":[{"floor":9.0,"key":"PreservedInsect"},{"floor":11.0,"key":"Mummified Hand"},{"floor":25,"key":"Oddly Smooth Stone"},{"floor":26,"key":"Happy Flower"}],"event_choices":[{"damage_healed":0.0,"max_hp_gain":0.0,"max_hp_loss":0.0,"gold_gain":0.0,"event_name":"Match and Keep!","player_choice":"2 cards matched","floor":2.0,"gold_loss":0.0,"damage_taken":0.0,"cards_obtained":["Madness","Flame Barrier"]},{"damage_healed":0.0,"max_hp_gain":0.0,"max_hp_loss":0.0,"gold_gain":0.0,"event_name":"Match and Keep!","player_choice":"2 cards matched","floor":2.0,"gold_loss":0.0,"damage_taken":0.0,"cards_obtained":["Madness","Flame Barrier"]},{"cards_removed":["Strike_R"],"damage_healed":0.0,"max_hp_gain":0.0,"max_hp_loss":0.0,"gold_gain":0.0,"event_name":"Purifier","player_choice":"Purged","floor":4.0,"gold_loss":0.0,"damage_taken":0.0},{"damage_healed":0.0,"max_hp_gain":0.0,"max_hp_loss":0.0,"gold_gain":0.0,"event_name":"Scrap Ooze","player_choice":"Fled","floor":13.0,"gold_loss":0.0,"damage_taken":12.0},{"damage_healed":0,"gold_gain":0,"player_choice":"Upgraded","damage_taken":0,"max_hp_gain":0,"max_hp_loss":0,"event_name":"Upgrade Shrine","floor":28,"gold_loss":0,"cards_upgraded":["Searing Blow"]},{"damage_healed":0,"gold_gain":0,"cards_transformed":["Madness"],"player_choice":"Transformed","damage_taken":0,"max_hp_gain":0,"max_hp_loss":0,"event_name":"Transmorgrifier","floor":30,"gold_loss":0,"cards_obtained":["Dark Shackles"]}],"is_beta":true,"boss_relics":[{"not_picked":["White Beast Statue","Philosopher\u0027s Stone"],"picked":"Astrolabe"}],"items_purged_floors":[3],"is_endless":false,"potions_floor_spawned":[1,10,11,14,29,31],"killed_by":"Champ","ascension_level":5}