{"gold_per_floor":[114,114,79,79,94,124,124,154,179,366,393,465,492,519,531,643,655,682,694,721,733,760,802,829,841,853,865,877,889,931,943,955,1067,1079,1106,1118,476,876,876,876,876,906,931,961,961,991,1006,1036,1036,1036],"floor_reached":51,"playtime":3298,"items_purged":["Doubt"],"score":1142,"play_id":"0a92672f-4eaa-4642-829c-b200e64cc07a","local_time":"20190226235237","daily_mods":["Chimera","Time Dilation","Elite Swarm"],"is_ascension_mode":false,"campfire_choices":[{"data":"Fission","floor":15,"key":"SMITH"},{"data":"Buffer","floor":25,"key":"SMITH"},{"data":"Buffer","floor":27,"key":"SMITH"},{"data":"Buffer","floor":29,"key":"SMITH"},{"data":"Ghostly","floor":32,"key":"SMITH"},{"data":"Apotheosis","floor":40,"key":"SMITH"},{"data":"Fission","floor":45,"key":"SMITH"},{"data":"Seek","floor":49,"key":"SMITH"}],"neow_cost":"","seed_source_timestamp":0,"circlet_count":0,"master_deck":["Bash","Survivor+1","Zap","Strike_R","Strike_G","Strike_B+1","Defend_R","Defend_G","Defend_B","Ball Lightning","Sweeping Beam","Buffer+1","Fission+1","Ball Lightning","Buffer+1","Streamline","Buffer+1","Beam Cell","Steam+1","Steam+1","Buffer+1","Lockon","Ghostly+1","Ghostly","Ghostly","Ghostly","Ghostly","Machine Learning+1","Fission+1","Hello World+1","Ghostly+1","Apotheosis+1","Doom and Gloom","Seek+1","Buffer+1","Seek"],"special_seed":17954,"relics":["Cracked Core","Orichalcum","Torii","Centennial Puzzle","MawBank","Tiny Chest","Coffee Dripper","Frozen Egg 2","Unceasing Top","Dodecahedron","Nilry\u0027s Codex","Nuclear Battery","Bottled Flame","Old Coin","FossilizedHelix","Vajra","Bottled Tornado","DataDisk","Art of War"],"potions_floor_usage":[6,16,16,23,23,30,33,42,50],"damage_taken":[{"damage":11,"enemies":"Jaw Worm","floor":1,"turns":3},{"damage":2,"enemies":"Small Slimes","floor":5,"turns":3},{"damage":16,"enemies":"3 Sentries","floor":6,"turns":4},{"damage":20,"enemies":"Lagavulin","floor":8,"turns":7},{"damage":0,"enemies":"Cultist","floor":11,"turns":2},{"damage":0,"enemies":"Gremlin Nob","floor":12,"turns":4},{"damage":0,"enemies":"Large Slime","floor":13,"turns":6},{"damage":1,"enemies":"Exordium Thugs","floor":14,"turns":3},{"damage":10,"enemies":"Hexaghost","floor":16,"turns":9},{"damage":10,"enemies":"2 Thieves","floor":18,"turns":3},{"damage":1,"enemies":"Shell Parasite","floor":20,"turns":5},{"damage":6,"enemies":"Centurion and Healer","floor":22,"turns":4},{"damage":27,"enemies":"Slavers","floor":23,"turns":6},{"damage":14,"enemies":"Snake Plant","floor":24,"turns":4},{"damage":0,"enemies":"Gremlin Leader","floor":30,"turns":10},{"damage":0,"enemies":"Champ","floor":33,"turns":15},{"damage":0,"enemies":"3 Shapes","floor":35,"turns":4},{"damage":0,"enemies":"Mind Bloom Boss Battle","floor":38,"turns":7},{"damage":0,"enemies":"Giant Head","floor":42,"turns":8},{"damage":0,"enemies":"Nemesis","floor":44,"turns":3},{"damage":0,"enemies":"Reptomancer","floor":46,"turns":4},{"damage":0,"enemies":"Orb Walker","floor":47,"turns":3},{"damage":0,"enemies":"Nemesis","floor":48,"turns":5},{"damage":0,"enemies":"Awakened One","floor":50,"turns":16}],"seed_played":"8256108652723844663","potions_obtained":[{"floor":1,"key":"Swift Potion"},{"floor":5,"key":"Strength Potion"},{"floor":6,"key":"SteroidPotion"},{"floor":12,"key":"Dexterity Potion"},{"floor":18,"key":"SteroidPotion"},{"floor":23,"key":"AttackPotion"},{"floor":30,"key":"Energy Potion"},{"floor":42,"key":"Energy Potion"},{"floor":44,"key":"GamblersBrew"}],"is_trial":false,"path_per_floor":["M","?","?","?","M","E","$","E","T","?","M","E","M","M","R","B",null,"M","$","M","$","M","E","M","R","T","R","?","R","E","?","R","B",null,"M","?","$","?","?","R","?","E","T","E","R","E","M","E","R","B",null],"character_chosen":"DEFECT","items_purchased":["Apotheosis","Bottled Flame","PowerPotion","Regen Potion","Doom and Gloom"],"campfire_rested":0,"item_purchase_floors":[37,37,37,37,37],"current_hp_per_floor":[64,49,67,64,62,46,46,26,26,26,26,26,26,25,25,15,75,65,65,64,64,58,31,17,17,17,17,17,17,17,1,1,1,37,37,37,37,37,37,37,37,37,37,37,37,37,37,37,37,37],"gold":1036,"neow_bonus":"","is_prod":false,"is_daily":true,"chose_seed":false,"campfire_upgraded":8,"win_rate":0,"timestamp":1551253957,"path_taken":["M","?","?","?","?","E","?","E","T","?","M","E","M","M","R","BOSS","M","$","M","$","M","E","M","R","T","R","?","R","E","?","R","BOSS","M","?","?","?","?","R","?","E","T","E","R","E","M","E","R","BOSS"],"build_version":"2019-01-23","purchased_purges":1,"victory":true,"max_hp_per_floor":[75,75,75,75,75,75,75,75,75,75,75,75,75,75,75,75,75,75,75,75,75,75,75,75,75,75,75,37,37,37,37,37,37,37,37,37,37,37,37,37,37,37,37,37,37,37,37,37,37,37],"card_choices":[{"not_picked":["Darkness","Hello World"],"picked":"Ball Lightning","floor":1},{"not_picked":["Hologram","Lockon"],"picked":"Sweeping Beam","floor":5},{"not_picked":["Amplify","Electrodynamics"],"picked":"Buffer","floor":6},{"not_picked":["Creative AI","Multi-Cast"],"picked":"Fission","floor":8},{"not_picked":["Leap","Hologram"],"picked":"Ball Lightning","floor":11},{"not_picked":["Electrodynamics","Creative AI"],"picked":"Buffer","floor":12},{"not_picked":["Conserve Battery","Redo"],"picked":"Streamline","floor":13},{"not_picked":["Darkness","Redo","Capacitor"],"picked":"SKIP","floor":14},{"not_picked":["Echo Form","Creative AI"],"picked":"Buffer","floor":16},{"not_picked":["Rebound","Sweeping Beam"],"picked":"Beam Cell","floor":18},{"not_picked":["Sweeping Beam","Doom and Gloom"],"picked":"Steam+1","floor":20},{"not_picked":["Reprogram","Skim"],"picked":"Steam+1","floor":22},{"not_picked":["Rainbow","Amplify"],"picked":"Buffer","floor":23},{"not_picked":["Darkness","Chaos"],"picked":"Lockon","floor":24},{"not_picked":["Thunder Strike","Multi-Cast"],"picked":"Machine Learning+1","floor":30},{"not_picked":["Meteor Strike","Biased Cognition+1"],"picked":"Fission","floor":33},{"not_picked":["Compile Driver+1","Beam Cell+1"],"picked":"Hello World+1","floor":35},{"not_picked":["Static Discharge+1","Undo"],"picked":"Sunder+1","floor":38},{"not_picked":["Fission","Reboot"],"picked":"Seek","floor":42},{"not_picked":["All For One","Fission"],"picked":"Buffer+1","floor":44},{"not_picked":["Electrodynamics+1","Core Surge"],"picked":"Seek","floor":46},{"not_picked":["Blizzard+1","Tempest","Barrage"],"picked":"SKIP","floor":47},{"not_picked":["Hyperbeam","Meteor Strike","Reboot"],"picked":"SKIP","floor":48}],"player_experience":76023,"relics_obtained":[{"floor":6,"key":"Torii"},{"floor":8,"key":"Centennial Puzzle"},{"floor":9,"key":"MawBank"},{"floor":12,"key":"Tiny Chest"},{"floor":23,"key":"Frozen Egg 2"},{"floor":26,"key":"Unceasing Top"},{"floor":30,"key":"Dodecahedron"},{"floor":31,"key":"Nilry\u0027s Codex"},{"floor":38,"key":"Old Coin"},{"floor":42,"key":"FossilizedHelix"},{"floor":43,"key":"Vajra"},{"floor":44,"key":"Bottled Tornado"},{"floor":46,"key":"DataDisk"},{"floor":48,"key":"Art of War"}],"event_choices":[{"damage_healed":0,"gold_gain":0,"player_choice":"Entered Light","damage_taken":15,"max_hp_gain":0,"max_hp_loss":0,"event_name":"Shining Light","floor":2,"gold_loss":0,"cards_upgraded":["Strike_B","Survivor"]},{"damage_healed":18,"gold_gain":0,"player_choice":"Healed","damage_taken":0,"max_hp_gain":0,"max_hp_loss":0,"event_name":"The Cleric","floor":3,"gold_loss":35},{"damage_healed":0,"gold_gain":0,"player_choice":"Success","damage_taken":3,"relics_obtained":["Orichalcum"],"max_hp_gain":0,"max_hp_loss":0,"event_name":"Scrap Ooze","floor":4,"gold_loss":0},{"damage_healed":0,"gold_gain":175,"player_choice":"AGREE","damage_taken":0,"max_hp_gain":0,"max_hp_loss":0,"event_name":"Liars Game","floor":10,"gold_loss":0,"cards_obtained":["Doubt"]},{"damage_healed":0,"gold_gain":0,"player_choice":"Became a Ghost","damage_taken":0,"max_hp_gain":0,"max_hp_loss":38,"event_name":"Ghosts","floor":28,"gold_loss":0,"cards_obtained":["Ghostly","Ghostly","Ghostly","Ghostly","Ghostly"]},{"damage_healed":0,"gold_gain":0,"player_choice":"Obtained Book","damage_taken":16,"max_hp_gain":0,"max_hp_loss":0,"event_name":"Cursed Tome","floor":31,"gold_loss":0},{"damage_healed":0,"gold_gain":0,"player_choice":"Copied","damage_taken":0,"max_hp_gain":0,"max_hp_loss":0,"event_name":"Duplicator","floor":36,"gold_loss":0,"cards_obtained":["Ghostly"]},{"damage_healed":0,"gold_gain":0,"player_choice":"Fight","damage_taken":0,"max_hp_gain":0,"max_hp_loss":0,"event_name":"MindBloom","floor":38,"gold_loss":0},{"damage_healed":0,"gold_gain":0,"player_choice":"Memory 1","damage_taken":0,"max_hp_gain":0,"max_hp_loss":0,"event_name":"SensoryStone","floor":39,"gold_loss":0},{"cards_removed":["Sunder"],"damage_healed":0,"gold_gain":0,"player_choice":"Removed Attack","damage_taken":0,"max_hp_gain":0,"max_hp_loss":0,"event_name":"Falling","floor":41,"gold_loss":0}],"is_beta":false,"boss_relics":[{"not_picked":["Empty Cage","Velvet Choker"],"picked":"Coffee Dripper"},{"not_picked":["Runic Pyramid","FrozenCore"],"picked":"Nuclear Battery"}],"items_purged_floors":[37],"is_endless":false,"potions_floor_spawned":[1,5,6,12,18,23,30,42,44,47],"ascension_level":0}