{"gold_per_floor":[116,116,130,55,7,7,39,50,50,66,83,83,112,126,126,199,199,209,61,61,79,2,36,36,36,107,107],"floor_reached":27,"playtime":882,"items_purged":["Defend_G"],"score":457,"play_id":"a0d366fd-1d35-4d7f-a46b-dd61e787ee6f","local_time":"20181206130004","is_ascension_mode":true,"campfire_choices":[{"data":"Predator","floor":12,"key":"SMITH"},{"floor":15,"key":"REST"}],"neow_cost":"NONE","seed_source_timestamp":77213565748800,"circlet_count":0,"master_deck":["AscendersBane","Defend_G","Defend_G","Defend_G","Strike_G","Strike_G","Strike_G","Survivor","Neutralize","Choke","Noxious Fumes","Deflect","Crippling Poison","Deflect","Venomology","Backflip","Caltrops","Predator+1","Crippling Poison","Leg Sweep+1","Corpse Explosion","Noxious Fumes","Well Laid Plans"],"relics":["Ring of the Snake","Mercury Hourglass","Boot","Pen Nib","Art of War","Fusion Hammer","Enchiridion","Matryoshka","Mummified Hand","Letter Opener"],"potions_floor_usage":[8,10,11,16,16,16,21,23,23,25],"damage_taken":[{"damage":0,"enemies":"Small Slimes","floor":1,"turns":3},{"damage":3,"enemies":"Jaw Worm","floor":3,"turns":4},{"damage":20,"enemies":"3 Sentries","floor":7,"turns":6},{"damage":0,"enemies":"Cultist","floor":8,"turns":2},{"damage":0,"enemies":"2 Fungi Beasts","floor":10,"turns":2},{"damage":2,"enemies":"Exordium Thugs","floor":11,"turns":3},{"damage":20,"enemies":"Lagavulin","floor":13,"turns":7},{"damage":4,"enemies":"Lots of Slimes","floor":14,"turns":2},{"damage":28,"enemies":"Slime Boss","floor":16,"turns":8},{"damage":1,"enemies":"Chosen","floor":18,"turns":5},{"damage":0,"enemies":"3 Byrds","floor":21,"turns":3},{"damage":15,"enemies":"Book of Stabbing","floor":23,"turns":6},{"damage":8,"enemies":"Gremlin Leader","floor":25,"turns":2},{"damage":9,"enemies":"Snake Plant","floor":27,"turns":1}],"seed_played":"8005818490086089510","potions_obtained":[{"floor":3,"key":"Weak Potion"},{"floor":7,"key":"SkillPotion"},{"floor":14,"key":"LiquidBronze"},{"floor":18,"key":"Poison Potion"}],"is_trial":false,"path_per_floor":["M","?","M","?","$","T","E","M","T","M","M","R","E","M","R","B",null,"M","$","?","M","$","E","?","E","T","M"],"character_chosen":"THE_SILENT","items_purchased":["Deflect","Noxious Fumes","Well Laid Plans"],"campfire_rested":1,"item_purchase_floors":[5,19,22],"current_hp_per_floor":[59,59,56,56,56,56,36,36,36,36,34,34,14,10,29,1,50,49,49,28,28,28,13,13,5,5,0],"gold":107,"neow_bonus":"TRANSFORM_CARD","is_prod":false,"is_daily":false,"chose_seed":false,"campfire_upgraded":1,"win_rate":0,"timestamp":1544130004,"path_taken":["M","?","M","?","$","?","E","M","T","?","M","R","E","M","R","BOSS","M","$","?","M","$","E","?","E","T","M"],"build_version":"2018-11-15","purchased_purges":1,"victory":false,"max_hp_per_floor":[66,66,66,66,66,66,66,66,66,66,66,66,66,66,66,66,66,66,66,66,66,66,66,66,66,66,66],"card_choices":[{"not_picked":["Cloak And Dagger","Dagger Spray"],"picked":"Noxious Fumes","floor":1},{"not_picked":["Expertise","Deflect"],"picked":"Crippling Poison","floor":3},{"not_picked":["Crippling Poison","Deflect"],"picked":"Venomology","floor":7},{"not_picked":["Blur","Quick Slash"],"picked":"Backflip","floor":8},{"not_picked":["Riddle With Holes","Bane"],"picked":"Caltrops","floor":10},{"not_picked":["Dagger Spray","Reflex"],"picked":"Predator","floor":11},{"not_picked":["Outmaneuver","Flying Knee"],"picked":"Crippling Poison","floor":13},{"not_picked":["Sucker Punch","Eviscerate"],"picked":"Leg Sweep","floor":14},{"not_picked":["Storm of Steel","Wraith Form v2"],"picked":"Corpse Explosion","floor":16},{"not_picked":["Prepared","Dagger Throw","Backstab"],"picked":"SKIP","floor":18},{"not_picked":["Eviscerate","Finisher","Distraction"],"picked":"SKIP","floor":21},{"not_picked":["Dagger Spray+1","Bane","Backflip"],"picked":"SKIP","floor":23}],"player_experience":989793,"relics_obtained":[{"floor":6,"key":"Mercury Hourglass"},{"floor":7,"key":"Boot"},{"floor":9,"key":"Pen Nib"},{"floor":13,"key":"Art of War"},{"floor":20,"key":"Enchiridion"},{"floor":23,"key":"Matryoshka"},{"floor":26,"key":"Mummified Hand"},{"floor":26,"key":"Letter Opener"}],"event_choices":[{"damage_healed":0,"gold_gain":0,"cards_transformed":["Defend_G"],"player_choice":"Change","damage_taken":0,"max_hp_gain":0,"max_hp_loss":0,"event_name":"Living Wall","floor":2,"gold_loss":0,"cards_obtained":["Deflect"]},{"cards_removed":["Strike_G"],"damage_healed":0,"gold_gain":0,"player_choice":"Card Removal","damage_taken":0,"max_hp_gain":0,"max_hp_loss":0,"event_name":"The Cleric","floor":4,"gold_loss":75},{"damage_healed":0,"gold_gain":0,"player_choice":"Obtained Book","damage_taken":21,"max_hp_gain":0,"max_hp_loss":0,"event_name":"Cursed Tome","floor":20,"gold_loss":0},{"damage_healed":0,"gold_gain":0,"player_choice":"Upgraded","damage_taken":0,"max_hp_gain":0,"max_hp_loss":0,"event_name":"Upgrade Shrine","floor":24,"gold_loss":0,"cards_upgraded":["Leg Sweep"]}],"is_beta":false,"boss_relics":[{"not_picked":["HoveringKite","Calling Bell"],"picked":"Fusion Hammer"}],"items_purged_floors":[19],"is_endless":false,"potions_floor_spawned":[3,7,14,18,25],"killed_by":"Snake Plant","ascension_level":15}