{"gold_per_floor":[116,127,202,202,54,54,88,107,134,134,148,148,26,40,40,111,111,128,144,68,68,68,102,102,102,102,102,115,15,33,50,50,50],"floor_reached":33,"playtime":1667,"items_purged":["Strike_R","Strike_R"],"score":451,"play_id":"b5e73774-5e4c-4142-8595-95275100baea","local_time":"20190316102117","is_ascension_mode":true,"campfire_choices":[{"data":"Bash","floor":6,"key":"SMITH"},{"floor":10,"key":"REST"},{"data":"Spot Weakness","floor":12,"key":"SMITH"},{"data":"Shockwave","floor":15,"key":"SMITH"},{"data":"Rampage","floor":25,"key":"SMITH"},{"data":"Cleave","floor":27,"key":"SMITH"},{"data":"Pommel Strike","floor":32,"key":"SMITH"}],"neow_cost":"NONE","seed_source_timestamp":1019417013527588,"circlet_count":0,"master_deck":["AscendersBane","Strike_R","Strike_R","Strike_R","Defend_R","Defend_R","Defend_R","Defend_R","Bash+1","Cleave+1","True Grit+1","Spot Weakness+1","Battle Trance","Pommel Strike+1","Reaper","Shockwave+1","Sword Boomerang","Offering","Ghostly Armor","Rampage+1","Headbutt","Dropkick+1"],"relics":["Burning Blood","Ancient Tea Set","Bag of Preparation","PreservedInsect","Busted Crown","Dream Catcher","MutagenicStrength","Question Card"],"potions_floor_usage":[7,16,33,33],"damage_taken":[{"damage":2,"enemies":"Jaw Worm","floor":1,"turns":3},{"damage":2,"enemies":"Small Slimes","floor":2,"turns":5},{"damage":41,"enemies":"Lagavulin","floor":7,"turns":7},{"damage":2,"enemies":"2 Louse","floor":8,"turns":2},{"damage":11,"enemies":"2 Fungi Beasts","floor":11,"turns":3},{"damage":3,"enemies":"3 Louse","floor":14,"turns":2},{"damage":44,"enemies":"The Guardian","floor":16,"turns":9},{"damage":13,"enemies":"2 Thieves","floor":18,"turns":2},{"damage":7,"enemies":"Spheric Guardian","floor":19,"turns":3},{"damage":29,"enemies":"Book of Stabbing","floor":23,"turns":4},{"damage":10,"enemies":"Centurion and Healer","floor":28,"turns":4},{"damage":11,"enemies":"Snecko","floor":30,"turns":5},{"damage":6,"enemies":"3 Cultists","floor":31,"turns":3},{"damage":112,"enemies":"Automaton","floor":33,"turns":6}],"seed_played":"-3681743065754930120","potions_obtained":[{"floor":1,"key":"PowerPotion"},{"floor":11,"key":"Dexterity Potion"},{"floor":16,"key":"Ancient Potion"}],"is_trial":false,"path_per_floor":["M","M","?","?","$","R","E","M","T","R","M","R","$","M","R","B",null,"M","M","$","?","?","E","?","R","T","R","M","$","M","M","R","B"],"character_chosen":"IRONCLAD","items_purchased":["Spot Weakness","Shockwave","PowerPotion","Rampage"],"campfire_rested":1,"item_purchase_floors":[5,13,13,20],"current_hp_per_floor":[72,75,64,64,64,64,29,33,33,55,50,50,50,71,71,51,69,74,73,73,73,73,50,50,50,50,50,68,68,70,75,75,0],"gold":50,"neow_bonus":"RANDOM_COMMON_RELIC","is_prod":false,"is_daily":false,"chose_seed":false,"campfire_upgraded":6,"win_rate":0,"timestamp":1552746077,"path_taken":["M","M","?","?","$","R","E","M","T","R","M","R","?","M","R","BOSS","M","M","$","?","?","E","?","R","T","R","M","$","M","M","R","BOSS"],"build_version":"2019-01-23","purchased_purges":2,"victory":false,"max_hp_per_floor":[75,75,75,75,75,75,75,75,75,75,75,75,75,75,75,75,75,75,75,75,75,75,75,75,75,75,75,75,75,75,75,75,75],"card_choices":[{"not_picked":["Sentinel","Perfected Strike"],"picked":"Cleave","floor":1},{"not_picked":["Body Slam","Cleave"],"picked":"True Grit","floor":2},{"not_picked":["Sever Soul","Fire Breathing"],"picked":"Battle Trance","floor":7},{"not_picked":["Thunderclap","Wild Strike"],"picked":"Pommel Strike","floor":8},{"not_picked":["Second Wind","Iron Wave"],"picked":"Reaper","floor":11},{"not_picked":["Anger","Heavy Blade"],"picked":"Sword Boomerang","floor":14},{"not_picked":["Fiend Fire","Barricade"],"picked":"Offering","floor":16},{"not_picked":[],"picked":"Ghostly Armor","floor":18},{"not_picked":["Clash"],"picked":"SKIP","floor":19},{"not_picked":["Seeing Red"],"picked":"SKIP","floor":23},{"not_picked":["Thunderclap","Flex+1"],"picked":"SKIP","floor":28},{"not_picked":["Clothesline","Pommel Strike"],"picked":"SKIP","floor":30},{"not_picked":["Reckless Charge"],"picked":"Dropkick+1","floor":31}],"player_experience":298267,"relics_obtained":[{"floor":7,"key":"Bag of Preparation"},{"floor":9,"key":"PreservedInsect"},{"floor":23,"key":"Dream Catcher"},{"floor":26,"key":"Question Card"}],"event_choices":[{"damage_healed":0,"gold_gain":75,"player_choice":"Gather Gold","damage_taken":11,"max_hp_gain":0,"max_hp_loss":0,"event_name":"World of Goop","floor":3,"gold_loss":0},{"damage_healed":0,"gold_gain":0,"player_choice":"Grow","damage_taken":0,"max_hp_gain":0,"max_hp_loss":0,"event_name":"Living Wall","floor":4,"gold_loss":0,"cards_upgraded":["True Grit"]},{"damage_healed":0,"gold_gain":0,"player_choice":"Read","damage_taken":0,"max_hp_gain":0,"max_hp_loss":0,"event_name":"The Library","floor":21,"gold_loss":0,"cards_obtained":["Headbutt"]},{"damage_healed":0,"gold_gain":0,"player_choice":"Ignored","damage_taken":0,"max_hp_gain":0,"max_hp_loss":0,"event_name":"Beggar","floor":22,"gold_loss":0},{"damage_healed":0,"gold_gain":0,"player_choice":"Inject Mutagens","damage_taken":0,"relics_obtained":["MutagenicStrength"],"max_hp_gain":0,"max_hp_loss":0,"event_name":"Drug Dealer","floor":24,"gold_loss":0}],"is_beta":false,"boss_relics":[{"not_picked":["Lizard Tail","Coffee Dripper"],"picked":"Busted Crown"}],"items_purged_floors":[5,29],"is_endless":false,"potions_floor_spawned":[1,11,16,18,19,30],"killed_by":"Automaton","ascension_level":14}