{"gold_per_floor":[111,81,100,100,113,113,147,147,147,164,180,25,44,63,63,63],"floor_reached":16,"playtime":358,"items_purged":[],"score":177,"play_id":"6671c8c8-154b-434b-a785-e883464f35d3","local_time":"20181020133818","is_ascension_mode":true,"campfire_choices":[{"data":"Perfected Strike","floor":6,"key":"SMITH"},{"data":"Perfected Strike","floor":8,"key":"SMITH"},{"floor":15,"key":"REST"}],"neow_cost":"PERCENT_DAMAGE","seed_source_timestamp":848644716098835,"circlet_count":0,"master_deck":["Strike_R","Strike_R","Strike_R","Strike_R","Strike_R","Defend_R","Defend_R","Defend_R","Defend_R","Bash","AscendersBane","Flex","Headbutt","Cleave","Perfected Strike+1","Pain","Impervious","Headbutt","Perfected Strike+1","Headbutt","Pommel Strike","Infernal Blade","Flex","Flash of Steel","Inflame","Twin Strike","Infernal Blade","Reaper","Twin Strike"],"relics":["Burning Blood","Prayer Wheel","WarpedTongs","Du-Vu Doll","Bottled Lightning"],"potions_floor_usage":[7],"damage_taken":[{"damage":1,"enemies":"2 Louse","floor":1,"turns":3},{"damage":1,"enemies":"Cultist","floor":3,"turns":3},{"damage":14,"enemies":"Jaw Worm","floor":5,"turns":2},{"damage":23,"enemies":"3 Sentries","floor":7,"turns":6},{"damage":10,"enemies":"Lots of Slimes","floor":10,"turns":4},{"damage":17,"enemies":"Exordium Thugs","floor":11,"turns":4},{"damage":15,"enemies":"Large Slime","floor":13,"turns":4},{"damage":6,"enemies":"3 Louse","floor":14,"turns":2},{"damage":44,"enemies":"The Guardian","floor":16,"turns":5}],"seed_played":"-2239203990728146522","potions_obtained":[{"floor":2,"key":"SneckoOil"},{"floor":2,"key":"FairyPotion"},{"floor":3,"key":"PowerPotion"},{"floor":11,"key":"Ancient Potion"},{"floor":14,"key":"LiquidBronze"}],"is_trial":false,"path_per_floor":["M","?","M","?","M","R","E","R","T","M","M","$","M","M","R"],"character_chosen":"IRONCLAD","items_purchased":["Flash of Steel","Inflame"],"campfire_rested":1,"item_purchase_floors":[12,12],"current_hp_per_floor":[55,55,60,60,52,52,35,35,35,31,20,20,11,11,33,0],"gold":63,"neow_bonus":"ONE_RARE_RELIC","is_prod":false,"is_daily":false,"chose_seed":false,"campfire_upgraded":2,"win_rate":0,"timestamp":1540067898,"path_taken":["M","?","M","?","M","R","E","R","T","M","M","$","M","M","R","BOSS"],"build_version":"2018-10-18","purchased_purges":0,"victory":false,"max_hp_per_floor":[75,75,75,75,75,75,75,75,75,75,75,75,75,75,75,75],"card_choices":[{"not_picked":["Pommel Strike","Bloodletting"],"picked":"Flex","floor":1},{"not_picked":["Iron Wave","Burning Pact"],"picked":"Headbutt","floor":1},{"not_picked":["Body Slam","Shockwave"],"picked":"Cleave","floor":3},{"not_picked":["Sword Boomerang","Shrug It Off"],"picked":"Perfected Strike","floor":3},{"not_picked":["Reckless Charge","Carnage"],"picked":"Impervious","floor":5},{"not_picked":["Iron Wave","Sword Boomerang"],"picked":"Headbutt","floor":5},{"not_picked":["Searing Blow","Wild Strike"],"picked":"Perfected Strike","floor":7},{"not_picked":["Sentinel","Fire Breathing"],"picked":"Headbutt","floor":10},{"not_picked":["Heavy Blade","Evolve"],"picked":"Pommel Strike","floor":10},{"not_picked":["Rupture","Iron Wave"],"picked":"Infernal Blade","floor":11},{"not_picked":["Thunderclap","Iron Wave"],"picked":"Flex","floor":11},{"not_picked":["Combust","Pommel Strike"],"picked":"Twin Strike","floor":13},{"not_picked":["Power Through","Rampage"],"picked":"Infernal Blade","floor":13},{"not_picked":["Metallicize","Seeing Red"],"picked":"Reaper","floor":14},{"not_picked":["Dual Wield","Bloodletting"],"picked":"Twin Strike","floor":14}],"player_experience":570468,"relics_obtained":[{"floor":7,"key":"Du-Vu Doll"},{"floor":9,"key":"Bottled Lightning"}],"event_choices":[{"damage_healed":0,"gold_gain":0,"player_choice":"Bought 2 Potions","damage_taken":0,"max_hp_gain":0,"max_hp_loss":0,"event_name":"The Woman in Blue","floor":2,"gold_loss":0},{"damage_healed":0,"gold_gain":0,"player_choice":"Rummage","damage_taken":0,"relics_obtained":["WarpedTongs"],"max_hp_gain":0,"max_hp_loss":0,"event_name":"Accursed Blacksmith","floor":4,"gold_loss":0,"cards_obtained":["Pain"]}],"is_beta":false,"boss_relics":[],"items_purged_floors":[],"is_endless":false,"potions_floor_spawned":[3,5,11,14],"killed_by":"The Guardian","ascension_level":14}