{"gold_per_floor":[13,26,26,26,47,47,47,61,142,142,165,180,193,193,193,319,319,305,305,320,320],"floor_reached":21,"playtime":1418,"items_purged":[],"score":173,"play_id":"b31d8b51-2d91-4b5f-8957-da3a97c7f0ee","local_time":"20181105051415","is_ascension_mode":false,"campfire_choices":[{"floor":6,"key":"REST"},{"data":"Creative AI","floor":10,"key":"SMITH"},{"floor":15,"key":"REST"}],"neow_cost":"NO_GOLD","seed_source_timestamp":199736171116843,"circlet_count":0,"master_deck":["Strike_B","Strike_B","Defend_B","Defend_B","Defend_B+1","Defend_B+1","Zap","Dualcast","Creative AI+1","Coolheaded","Double Energy","Redo","Sweeping Beam","Tempest","Conserve Battery+1","Sweeping Beam","Thunder Strike","Reprogram","Ball Lightning"],"relics":["Cracked Core","Happy Flower","Golden Idol","Dodecahedron","Empty Cage"],"potions_floor_usage":[16,16,16],"damage_taken":[{"damage":5,"enemies":"Jaw Worm","floor":1,"turns":4},{"damage":2,"enemies":"Small Slimes","floor":2,"turns":5},{"damage":0,"enemies":"2 Louse","floor":5,"turns":3},{"damage":13,"enemies":"2 Fungi Beasts","floor":8,"turns":5},{"damage":15,"enemies":"Gremlin Gang","floor":11,"turns":4},{"damage":7,"enemies":"Blue Slaver","floor":12,"turns":5},{"damage":3,"enemies":"3 Louse","floor":13,"turns":3},{"damage":21,"enemies":"Slime Boss","floor":16,"turns":8},{"damage":27,"enemies":"2 Thieves","floor":18,"turns":4},{"damage":12,"enemies":"3 Byrds","floor":20,"turns":5},{"damage":29,"enemies":"Sentry and Sphere","floor":21,"turns":3}],"seed_played":"8240927731891068520","potions_obtained":[{"floor":2,"key":"Block Potion"},{"floor":5,"key":"Swift Potion"},{"floor":11,"key":"Dexterity Potion"},{"floor":16,"key":"Energy Potion"},{"floor":20,"key":"AttackPotion"}],"is_trial":false,"path_per_floor":["M","M","?","?","M","R","?","M","T","R","M","M","M","?","R","B",null,"M","?","M","M"],"character_chosen":"DEFECT","items_purchased":[],"campfire_rested":2,"item_purchase_floors":[],"current_hp_per_floor":[70,68,65,47,47,69,54,41,41,41,26,19,16,16,38,17,75,48,41,29,0],"gold":320,"neow_bonus":"THREE_RARE_CARDS","is_prod":false,"is_daily":false,"chose_seed":false,"campfire_upgraded":1,"win_rate":0.0,"timestamp":1541423655,"path_taken":["M","M","?","?","M","R","?","M","T","R","M","M","M","?","R","BOSS","M","?","?","M"],"build_version":"2018-11-01","purchased_purges":0,"victory":false,"max_hp_per_floor":[75,75,75,75,75,75,75,75,75,75,75,75,75,75,75,75,75,75,75,75,75],"card_choices":[{"not_picked":["Fission","Rainbow"],"picked":"Creative AI","floor":0},{"not_picked":["Cold Snap","Gash"],"picked":"Coolheaded","floor":1},{"not_picked":["Rebound","Barrage"],"picked":"Double Energy","floor":2},{"not_picked":["Rebound","All For One"],"picked":"Redo","floor":5},{"not_picked":["Rebound","Cold Snap"],"picked":"Sweeping Beam","floor":8},{"not_picked":["BootSequence","Leap"],"picked":"Tempest","floor":11},{"not_picked":["Double Energy","Leap"],"picked":"Conserve Battery","floor":12},{"not_picked":["Chaos","Streamline"],"picked":"Sweeping Beam","floor":13},{"not_picked":["Seek","Reboot"],"picked":"Thunder Strike","floor":16},{"not_picked":["Stack","Cold Snap"],"picked":"Reprogram","floor":18},{"not_picked":["Compile Driver+1","Redo"],"picked":"Ball Lightning","floor":20}],"player_experience":11222,"relics_obtained":[{"floor":9,"key":"Dodecahedron"}],"event_choices":[{"damage_healed":0,"gold_gain":0,"player_choice":"Success","damage_taken":3,"relics_obtained":["Happy Flower"],"max_hp_gain":0,"max_hp_loss":0,"event_name":"Scrap Ooze","floor":3,"gold_loss":0},{"damage_healed":0,"gold_gain":0,"player_choice":"Take Damage","damage_taken":18,"relics_obtained":["Golden Idol"],"max_hp_gain":0,"max_hp_loss":0,"event_name":"Golden Idol","floor":4,"gold_loss":0},{"damage_healed":0,"gold_gain":0,"player_choice":"Entered Light","damage_taken":15,"max_hp_gain":0,"max_hp_loss":0,"event_name":"Shining Light","floor":7,"gold_loss":0,"cards_upgraded":["Defend_B","Defend_B"]},{"damage_healed":0,"gold_gain":0,"player_choice":"Grow","damage_taken":0,"max_hp_gain":0,"max_hp_loss":0,"event_name":"Living Wall","floor":14,"gold_loss":0,"cards_upgraded":["Conserve Battery"]},{"damage_healed":0,"gold_gain":0,"player_choice":"Damaged","damage_taken":7,"max_hp_gain":0,"max_hp_loss":0,"event_name":"Wheel of Change","floor":19,"gold_loss":0}],"is_beta":false,"boss_relics":[{"not_picked":["Busted Crown","Ectoplasm"],"picked":"Empty Cage"}],"items_purged_floors":[],"is_endless":false,"potions_floor_spawned":[2,5,11,16,20],"killed_by":"Sentry and Sphere","ascension_level":0}