{"gold_per_floor":[115,17,17,32,49,49,78,107,142,186,198,240,252,264,276,392,404,429,459,481,508,520,532,588,600],"floor_reached":25,"playtime":2000,"items_purged":["Strike_R"],"score":319,"play_id":"c12c954b-1007-4295-987e-4acf2960abe3","local_time":"20190404142955","is_ascension_mode":true,"campfire_choices":[{"data":"Armaments","floor":6.0,"key":"SMITH"},{"data":"Flame Barrier","floor":11.0,"key":"SMITH"},{"data":"Heavy Blade","floor":15.0,"key":"SMITH"},{"floor":23.0,"key":"REST"}],"neow_cost":"NONE","seed_source_timestamp":0,"circlet_count":0,"master_deck":["Strike_R+1","Strike_R+1","Strike_R+1","Strike_R+1","Defend_R+1","Defend_R+1","Defend_R+1","Defend_R+1","Bash+1","Anger","Flex","Inflame","Armaments+1","Battle Trance","Flame Barrier+1","Spot Weakness","Heavy Blade+1","Barricade","Warcry","Sword Boomerang","Body Slam","Ghostly Armor"],"special_seed":0,"relics":["Burning Blood","MawBank","Art of War","Whetstone","Oddly Smooth Stone","Runic Cube","Bag of Preparation"],"potions_floor_usage":[],"damage_taken":[{"damage":9.0,"enemies":"Jaw Worm","floor":1.0,"turns":3.0},{"damage":2.0,"enemies":"Small Slimes","floor":4.0,"turns":3.0},{"damage":0.0,"enemies":"Cultist","floor":5.0,"turns":3.0},{"damage":38.0,"enemies":"Gremlin Nob","floor":7.0,"turns":5.0},{"damage":1.0,"enemies":"Looter","floor":8.0,"turns":3.0},{"damage":0.0,"enemies":"Lagavulin","floor":10.0,"turns":6.0},{"damage":10.0,"enemies":"3 Sentries","floor":12.0,"turns":7.0},{"damage":32.0,"enemies":"Slime Boss","floor":16.0,"turns":7.0},{"damage":17.0,"enemies":"2 Thieves","floor":18.0,"turns":5.0},{"damage":23.0,"enemies":"Spheric Guardian","floor":19.0,"turns":4.0},{"damage":26.0,"enemies":"3 Cultists","floor":20.0,"turns":5.0},{"damage":28.0,"enemies":"Snecko","floor":21.0,"turns":5.0},{"damage":48.0,"enemies":"Book of Stabbing","floor":24.0,"turns":5.0},{"damage":18,"enemies":"Shelled Parasite and Fungi","floor":25,"turns":3}],"seed_played":"4761488683195700397","potions_obtained":[{"floor":4.0,"key":"Swift Potion"},{"floor":5.0,"key":"Regen Potion"},{"floor":10.0,"key":"SneckoOil"},{"floor":14.0,"key":"EssenceOfSteel"},{"floor":14.0,"key":"Swift Potion"},{"floor":20.0,"key":"Swift Potion"},{"floor":21.0,"key":"SteroidPotion"}],"is_trial":false,"path_per_floor":["M","$","?","M","M","R","E","M","T","E","R","E","?","?","R","B",null,"M","M","M","M","?","R","E","M"],"character_chosen":"IRONCLAD","items_purchased":["Flex"],"campfire_rested":1,"item_purchase_floors":[2],"current_hp_per_floor":[77,77,77,80,80,80,48,53,53,59,59,55,60,60,60,34,85,74,57,51,29,29,54,12,0],"gold":600,"neow_bonus":"UPGRADE_CARD","is_prod":false,"is_daily":false,"chose_seed":false,"campfire_upgraded":3,"win_rate":0,"timestamp":1554384595,"path_taken":["M","$","?","M","M","R","E","M","T","E","R","E","?","?","R","BOSS","M","M","M","M","?","R","E","M"],"build_version":"2019-01-23","purchased_purges":1,"victory":false,"max_hp_per_floor":[80,80,80,80,80,80,80,80,80,80,80,80,85,85,85,85,85,85,85,85,85,85,85,85,85],"card_choices":[{"not_picked":["Perfected Strike","Pummel"],"picked":"Anger","floor":1.0},{"not_picked":["Pommel Strike","Armaments"],"picked":"Inflame","floor":4.0},{"not_picked":["Inflame","Bloodletting"],"picked":"Armaments","floor":5.0},{"not_picked":["Second Wind","Armaments"],"picked":"Battle Trance","floor":7.0},{"not_picked":["Rage","Inflame"],"picked":"Flame Barrier","floor":8.0},{"not_picked":["Pummel","Iron Wave"],"picked":"Spot Weakness","floor":10.0},{"not_picked":["Burning Pact","Dropkick"],"picked":"Heavy Blade","floor":12.0},{"not_picked":["Demon Form","Dark Embrace"],"picked":"Barricade","floor":16.0},{"not_picked":["Thunderclap","Corruption+1"],"picked":"Warcry","floor":18.0},{"not_picked":["Heavy Blade","Fire Breathing"],"picked":"Sword Boomerang","floor":19.0},{"not_picked":["Anger","Sentinel"],"picked":"Body Slam","floor":20.0},{"not_picked":["Rage","Hemokinesis","Flex+1"],"picked":"SKIP","floor":21.0},{"not_picked":["Clothesline","Headbutt"],"picked":"Ghostly Armor","floor":24}],"player_experience":903511,"relics_obtained":[{"floor":7.0,"key":"MawBank"},{"floor":9.0,"key":"Art of War"},{"floor":10.0,"key":"Whetstone"},{"floor":12.0,"key":"Oddly Smooth Stone"},{"floor":24,"key":"Bag of Preparation"}],"event_choices":[{"damage_healed":0.0,"max_hp_gain":0.0,"max_hp_loss":0.0,"gold_gain":0.0,"event_name":"The Cleric","player_choice":"Leave","floor":3.0,"gold_loss":0.0,"damage_taken":0.0},{"damage_healed":0.0,"max_hp_gain":5.0,"max_hp_loss":0.0,"gold_gain":0.0,"event_name":"Big Fish","player_choice":"Donut","floor":13.0,"gold_loss":0.0,"damage_taken":0.0},{"damage_healed":0.0,"max_hp_gain":0.0,"max_hp_loss":0.0,"gold_gain":0.0,"event_name":"Lab","player_choice":"Got Potions","floor":14.0,"gold_loss":0.0,"damage_taken":0.0},{"damage_healed":0.0,"max_hp_gain":0.0,"max_hp_loss":0.0,"gold_gain":0.0,"event_name":"Back to Basics","player_choice":"Simplicity","floor":22.0,"gold_loss":0.0,"damage_taken":0.0,"cards_upgraded":["Strike_R","Strike_R","Defend_R","Defend_R","Defend_R","Defend_R"]}],"is_beta":false,"boss_relics":[{"not_picked":["Tiny House","Eternal Feather"],"picked":"Runic Cube"}],"items_purged_floors":[2],"is_endless":false,"potions_floor_spawned":[4,5,10,16,20,21],"killed_by":"Shelled Parasite and Fungi","ascension_level":4}