{"gold_per_floor":[109,109,69,69,80,94,123,79,79,4,4,35,35,53,53,156,156,167,82,82,99,99,99,134,134],"floor_reached":25,"playtime":540,"items_purged":[],"score":249,"play_id":"b2781e16-86a7-47c5-9220-65bb6257d06c","local_time":"20181014150925","is_ascension_mode":true,"campfire_choices":[{"floor":13,"key":"REST"},{"floor":15,"key":"REST"},{"data":"Redo","floor":23,"key":"SMITH"}],"neow_cost":"","seed_source_timestamp":335528580821275,"circlet_count":0,"master_deck":["Strike_B","Strike_B","Strike_B","Strike_B","Defend_B","Defend_B","Defend_B","Defend_B","Zap","Dualcast","Tempest","Melter","Streamline","Redo+1","Redo","Storm","Go for the Eyes","Steam","Rebound","Rainbow","Streamline","Redo+1","Darkness"],"relics":["Cracked Core","GremlinMask","The Courier","Regal Pillow","Pen Nib","Symbiotic Virus","Pocketwatch","Nuclear Battery","Shuriken","Spirit Poop","Oddly Smooth Stone"],"potions_floor_usage":[7,7,16],"damage_taken":[{"damage":0,"enemies":"Small Slimes","floor":1,"turns":3},{"damage":6,"enemies":"Cultist","floor":5,"turns":3},{"damage":11,"enemies":"Jaw Worm","floor":6,"turns":3},{"damage":24,"enemies":"Gremlin Nob","floor":7,"turns":4},{"damage":31,"enemies":"Lagavulin","floor":12,"turns":4},{"damage":2,"enemies":"Blue Slaver","floor":14,"turns":2},{"damage":46,"enemies":"Hexaghost","floor":16,"turns":7},{"damage":22,"enemies":"2 Thieves","floor":18,"turns":3},{"damage":5,"enemies":"Spheric Guardian","floor":21,"turns":3},{"damage":54,"enemies":"Gremlin Leader","floor":24,"turns":5},{"damage":10,"enemies":"Cultist and Chosen","floor":25,"turns":4}],"seed_played":"3257981603308269257","potions_obtained":[{"floor":5,"key":"Fruit Juice"},{"floor":6,"key":"SkillPotion"},{"floor":12,"key":"Dexterity Potion"},{"floor":14,"key":"PowerPotion"},{"floor":18,"key":"FairyPotion"}],"is_trial":false,"path_per_floor":["M","?","$","?","M","M","E","?","T","$","T","E","R","M","R","B",null,"M","?","?","M","?","R","E"],"character_chosen":"DEFECT","items_purchased":["Melter","Storm","Go for the Eyes"],"campfire_rested":2,"item_purchase_floors":[3,10,10],"current_hp_per_floor":[75,75,75,75,69,58,39,39,39,39,39,8,47,45,80,34,80,58,58,58,53,53,53,8,0],"gold":134,"neow_bonus":"","is_prod":false,"is_daily":false,"chose_seed":false,"campfire_upgraded":1,"win_rate":0,"timestamp":1539554965,"path_taken":["M","?","$","?","M","M","E","?","T","?","?","E","R","M","R","BOSS","M","?","?","?","?","R","E","M"],"build_version":"2018-10-11","purchased_purges":0,"victory":false,"max_hp_per_floor":[75,75,75,75,75,75,80,80,80,80,80,80,80,80,80,80,80,80,80,80,80,80,80,80,80],"card_choices":[{"not_picked":["Gash","Reprogram"],"picked":"Tempest","floor":1},{"not_picked":["Steam","Stack"],"picked":"Streamline","floor":5},{"not_picked":["Blizzard","Skim"],"picked":"Redo","floor":6},{"not_picked":["Beam Cell","Stack"],"picked":"Redo","floor":7},{"not_picked":["Compile Driver","Melter"],"picked":"Steam","floor":12},{"not_picked":["Skim","Leap"],"picked":"Rebound","floor":14},{"not_picked":["Seek","Reboot"],"picked":"Rainbow","floor":16},{"not_picked":["Scrape","Cold Snap"],"picked":"Streamline","floor":18},{"not_picked":["Hologram+1","Steam"],"picked":"Redo","floor":21},{"not_picked":["Heatsinks","Capacitor+1"],"picked":"Darkness","floor":24}],"player_experience":501933,"relics_obtained":[{"floor":7,"key":"Regal Pillow"},{"floor":9,"key":"Pen Nib"},{"floor":11,"key":"Symbiotic Virus"},{"floor":12,"key":"Pocketwatch"},{"floor":24,"key":"Oddly Smooth Stone"}],"event_choices":[{"event_name":"FaceTrader","player_choice":"Trade","floor":2,"damage_taken":0},{"event_name":"Big Fish","player_choice":"Box","floor":4,"damage_taken":0},{"event_name":"World of Goop","player_choice":"Left","floor":8,"damage_taken":0},{"event_name":"Addict","player_choice":"Obtained Relic","floor":19,"damage_taken":0},{"event_name":"Accursed Blacksmith","player_choice":"Forge","floor":20,"damage_taken":0},{"event_name":"Bonfire Elementals","player_choice":"CURSE","floor":22,"damage_taken":0}],"is_beta":false,"boss_relics":[{"not_picked":["Sozu","Runic Pyramid"],"picked":"Nuclear Battery"}],"items_purged_floors":[],"is_endless":false,"potions_floor_spawned":[5,6,12,14,18],"killed_by":"Cultist and Chosen","ascension_level":2}