{"gold_per_floor":[116,134,5,5,5,5,33,33,33,48,48,77,77,77,77,151,151,161,189,199,28,28,43,61,61,116,116,116,116,43,56,56,130,130,150,150,169,182,404,404,404],"floor_reached":41,"playtime":1126,"items_purged":[],"score":675,"play_id":"ec7a76bd-deb7-4e6d-88ee-921b428ee13a","local_time":"20181022075558","is_ascension_mode":true,"campfire_choices":[{"data":"Spot Weakness","floor":6,"key":"SMITH"},{"floor":8,"key":"REST"},{"data":"Inflame","floor":13,"key":"SMITH"},{"floor":15,"key":"REST"},{"data":"Heavy Blade","floor":27,"key":"SMITH"},{"floor":29,"key":"REST"},{"data":"Uppercut","floor":32,"key":"SMITH"},{"data":"Double Tap","floor":40,"key":"SMITH"}],"neow_cost":"NONE","seed_source_timestamp":1000136992952618,"circlet_count":0,"master_deck":["Strike_R+1","Strike_R+1","Strike_R+1","Strike_R+1","Strike_R+1","Defend_R+1","Defend_R+1","Defend_R+1","Bash","AscendersBane","Perfected Strike+1","Twin Strike","Twin Strike","Spot Weakness+1","Wild Strike+1","Inflame+1","Burning Pact","Double Tap+1","Reaper+1","Inflame","Burning Pact","Pommel Strike","Inflame","Shrug It Off","Trip","Heavy Blade+1","Uppercut+1","Reaper","Disarm","Deep Breath","Wild Strike+1"],"relics":["Burning Blood","Regal Pillow","Bronze Scales","Omamori","Darkstone Periapt","Oddly Smooth Stone","Mark of Pain","Red Mask","Whetstone","Philosopher\u0027s Stone"],"potions_floor_usage":[12,12,16,19,23,33,38,41],"damage_taken":[{"damage":8,"enemies":"2 Louse","floor":1,"turns":3},{"damage":11,"enemies":"Jaw Worm","floor":2,"turns":4},{"damage":35,"enemies":"Lagavulin","floor":7,"turns":5},{"damage":0,"enemies":"Small Slimes","floor":10,"turns":2},{"damage":20,"enemies":"3 Sentries","floor":12,"turns":6},{"damage":44,"enemies":"Hexaghost","floor":16,"turns":6},{"damage":6,"enemies":"Chosen","floor":18,"turns":3},{"damage":53,"enemies":"Masked Bandits","floor":19,"turns":5},{"damage":19,"enemies":"2 Thieves","floor":20,"turns":3},{"damage":24,"enemies":"Centurion and Healer","floor":23,"turns":5},{"damage":12,"enemies":"Cultist and Chosen","floor":24,"turns":4},{"damage":16,"enemies":"3 Cultists","floor":31,"turns":5},{"damage":103,"enemies":"Automaton","floor":33,"turns":10},{"damage":43,"enemies":"3 Darklings","floor":35,"turns":6},{"damage":22,"enemies":"3 Shapes","floor":37,"turns":4},{"damage":0,"enemies":"Transient","floor":38,"turns":5},{"damage":80,"enemies":"Giant Head","floor":41,"turns":6}],"seed_played":"-1163138913486199612","potions_obtained":[{"floor":2,"key":"EntropicBrew"},{"floor":7,"key":"FearPotion"},{"floor":20,"key":"LiquidBronze"},{"floor":24,"key":"LiquidBronze"},{"floor":35,"key":"AttackPotion"},{"floor":38,"key":"Regen Potion"}],"is_trial":false,"path_per_floor":["M","M","$","?","?","R","E","R","T","M","$","E","R","?","R","B",null,"M","?","M","$","?","M","M","?","T","R","?","R","$","M","R","B",null,"M","?","M","M","?","R"],"character_chosen":"IRONCLAD","items_purchased":["Twin Strike","Spot Weakness","Inflame","Shrug It Off","Trip","Uppercut"],"campfire_rested":3,"item_purchase_floors":[3,3,21,21,21,30],"current_hp_per_floor":[66,61,61,61,43,43,14,51,51,57,57,43,43,43,75,37,66,66,34,21,21,21,18,50,50,50,50,43,75,75,75,75,10,59,60,60,63,75,75,75,0],"gold":404,"neow_bonus":"RANDOM_COMMON_RELIC","is_prod":false,"is_daily":false,"chose_seed":false,"campfire_upgraded":5,"win_rate":0,"timestamp":1540220158,"path_taken":["M","M","$","?","?","R","E","R","T","M","?","E","R","?","R","BOSS","M","?","?","$","?","M","M","?","T","R","?","R","$","M","R","BOSS","M","?","?","M","?","R","E"],"build_version":"2018-10-18","purchased_purges":0,"victory":false,"max_hp_per_floor":[75,75,75,75,75,75,75,75,75,75,75,75,75,75,75,75,75,75,75,75,75,75,75,75,75,75,75,75,75,75,75,75,75,75,75,75,75,75,75,75,75],"card_choices":[{"not_picked":["Cleave","Clash"],"picked":"Perfected Strike","floor":1},{"not_picked":["Anger","Shrug It Off"],"picked":"Twin Strike","floor":2},{"not_picked":["Shrug It Off","True Grit"],"picked":"Wild Strike","floor":7},{"not_picked":["Dual Wield","Hemokinesis"],"picked":"Inflame","floor":10},{"not_picked":["Juggernaut","Wild Strike"],"picked":"Burning Pact","floor":12},{"not_picked":["Exhume","Juggernaut"],"picked":"Reaper","floor":16},{"not_picked":["Flex","Power Through"],"picked":"Inflame","floor":18},{"not_picked":["Anger","Clash"],"picked":"Burning Pact","floor":19},{"not_picked":["Dark Embrace","Uppercut"],"picked":"Pommel Strike","floor":20},{"not_picked":["Anger","Thunderclap"],"picked":"Heavy Blade","floor":23},{"not_picked":["Thunderclap","Cleave+1","Iron Wave"],"picked":"SKIP","floor":24},{"not_picked":["Armaments","Clash","Rupture"],"picked":"SKIP","floor":31},{"not_picked":["Feed","Juggernaut"],"picked":"Reaper","floor":33},{"not_picked":["Metallicize","Flex"],"picked":"Disarm","floor":35},{"not_picked":["Good Instincts","Panache"],"picked":"Deep Breath","floor":36},{"not_picked":["Rupture","Cleave","Armaments"],"picked":"SKIP","floor":37},{"not_picked":["Combust+1","Headbutt+1"],"picked":"Wild Strike+1","floor":38}],"player_experience":610134,"relics_obtained":[{"floor":7,"key":"Omamori"},{"floor":9,"key":"Darkstone Periapt"},{"floor":12,"key":"Oddly Smooth Stone"},{"floor":19,"key":"Red Mask"},{"floor":26,"key":"Whetstone"}],"event_choices":[{"damage_healed":0,"gold_gain":0,"player_choice":"Grow","damage_taken":0,"max_hp_gain":0,"max_hp_loss":0,"event_name":"Living Wall","floor":4,"gold_loss":0,"cards_upgraded":["Perfected Strike"]},{"damage_healed":0,"gold_gain":0,"player_choice":"Success","damage_taken":18,"relics_obtained":["Bronze Scales"],"max_hp_gain":0,"max_hp_loss":0,"event_name":"Scrap Ooze","floor":5,"gold_loss":0},{"damage_healed":0,"gold_gain":0,"cards_transformed":["Defend_R"],"player_choice":"Transformed","damage_taken":0,"max_hp_gain":0,"max_hp_loss":0,"event_name":"Transmorgrifier","floor":14,"gold_loss":0,"cards_obtained":["Double Tap"]},{"damage_healed":0,"gold_gain":0,"player_choice":"Fought Bandits","damage_taken":0,"max_hp_gain":0,"max_hp_loss":0,"event_name":"Masked Bandits","floor":19,"gold_loss":0},{"damage_healed":0,"gold_gain":0,"player_choice":"Smashed Altar","damage_taken":0,"max_hp_gain":0,"max_hp_loss":0,"event_name":"Forgotten Altar","floor":22,"gold_loss":0,"cards_obtained":["Decay"]},{"damage_healed":0,"gold_gain":0,"player_choice":"Simplicity","damage_taken":0,"max_hp_gain":0,"max_hp_loss":0,"event_name":"Back to Basics","floor":25,"gold_loss":0,"cards_upgraded":["Strike_R","Strike_R","Strike_R","Strike_R","Strike_R","Defend_R","Defend_R","Defend_R"]},{"damage_healed":0,"gold_gain":0,"player_choice":"","damage_taken":7,"max_hp_gain":0,"max_hp_loss":0,"event_name":"Knowing Skull","floor":28,"potions_obtained":[],"gold_loss":0,"cards_obtained":[]},{"damage_healed":0,"gold_gain":0,"player_choice":"Memory 1","damage_taken":0,"max_hp_gain":0,"max_hp_loss":0,"event_name":"SensoryStone","floor":36,"gold_loss":0},{"damage_healed":0,"gold_gain":222,"player_choice":"Wore Mask","damage_taken":0,"max_hp_gain":0,"max_hp_loss":0,"event_name":"Tomb of Lord Red Mask","floor":39,"gold_loss":0}],"is_beta":false,"boss_relics":[{"not_picked":["Astrolabe","Busted Crown"],"picked":"Mark of Pain"},{"not_picked":["Pandora\u0027s Box","Snecko Eye"],"picked":"Philosopher\u0027s Stone"}],"items_purged_floors":[],"is_endless":false,"potions_floor_spawned":[2,7,20,24,35,38],"killed_by":"Giant Head","ascension_level":14}