{"gold_per_floor":[116,134,134,151,169,198,198,233,280,280,41,41,68,78,78,181,181,199,212,212,222,222,254,254,280,303,303,303,330,347,362,362,466,466,477,33,44,144,158,158,188,188,241,266,266],"floor_reached":45,"playtime":4401,"items_purged":[],"score":679,"play_id":"4131bda8-5642-4114-be41-dad29fe77447","local_time":"20190409145736","is_ascension_mode":true,"campfire_choices":[{"data":"Armaments","floor":7,"key":"SMITH"},{"floor":12,"key":"REST"},{"data":"Bash","floor":15,"key":"SMITH"},{"data":"Reaper","floor":24,"key":"SMITH"},{"data":"Heavy Blade","floor":27,"key":"SMITH"},{"data":"True Grit","floor":32,"key":"SMITH"},{"data":"Metallicize","floor":40,"key":"SMITH"},{"data":"Entrench","floor":42,"key":"SMITH"}],"neow_cost":"NONE","seed_source_timestamp":456988427389503,"circlet_count":0,"master_deck":["Strike_R+1","Strike_R+1","Strike_R+1","Defend_R+1","Defend_R+1","Defend_R+1","Defend_R+1","Bash+1","Inflame","Armaments+1","Burning Pact","Anger","Metallicize+1","Feel No Pain","Heavy Blade+1","Headbutt","Reaper+1","Clothesline","Shrug It Off","Inflame","Disarm+1","Entrench+1","True Grit+1","Demon Form+1","Pummel","PiercingWail","Backflip+1","Cleave"],"relics":["Burning Blood","NeowsBlessing","Dream Catcher","Matryoshka","Pantograph","Boot","Paper Frog","Odd Mushroom","Coffee Dripper","Regal Pillow","Frozen Egg 2","Bag of Marbles","Bag of Preparation","Darkstone Periapt","Empty Cage","Bottled Tornado","PrismaticShard","Ornamental Fan","Blood Vial","Ancient Tea Set"],"potions_floor_usage":[5,6,8,18,19,23,25,41],"damage_taken":[{"damage":0,"enemies":"Cultist","floor":1,"turns":1},{"damage":0,"enemies":"Jaw Worm","floor":2,"turns":1},{"damage":0,"enemies":"Small Slimes","floor":4,"turns":1},{"damage":9,"enemies":"3 Louse","floor":5,"turns":6},{"damage":45,"enemies":"3 Sentries","floor":6,"turns":12},{"damage":24,"enemies":"Gremlin Nob","floor":8,"turns":4},{"damage":22,"enemies":"The Mushroom Lair","floor":13,"turns":5},{"damage":0,"enemies":"Large Slime","floor":14,"turns":6},{"damage":30,"enemies":"Slime Boss","floor":16,"turns":12},{"damage":8,"enemies":"Spheric Guardian","floor":18,"turns":4},{"damage":8,"enemies":"3 Byrds","floor":19,"turns":3},{"damage":20,"enemies":"Snake Plant","floor":21,"turns":4},{"damage":40,"enemies":"Slavers","floor":23,"turns":6},{"damage":4,"enemies":"Gremlin Leader","floor":25,"turns":9},{"damage":22,"enemies":"Book of Stabbing","floor":29,"turns":4},{"damage":4,"enemies":"Snecko","floor":30,"turns":8},{"damage":2,"enemies":"Centurion and Healer","floor":31,"turns":9},{"damage":75,"enemies":"Champ","floor":33,"turns":13},{"damage":21,"enemies":"Orb Walker","floor":35,"turns":5},{"damage":29,"enemies":"3 Darklings","floor":37,"turns":5},{"damage":11,"enemies":"Maw","floor":39,"turns":8},{"damage":34,"enemies":"Giant Head","floor":41,"turns":6},{"damage":20,"enemies":"Nemesis","floor":44,"turns":9},{"damage":66,"enemies":"Sphere and 2 Shapes","floor":45,"turns":3}],"seed_played":"-6857112049439027832","potions_obtained":[{"floor":1,"key":"Weak Potion"},{"floor":4,"key":"EssenceOfSteel"},{"floor":5,"key":"Fire Potion"},{"floor":14,"key":"FearPotion"},{"floor":16,"key":"Strength Potion"},{"floor":18,"key":"LiquidBronze"},{"floor":21,"key":"Ancient Potion"},{"floor":23,"key":"LiquidBronze"},{"floor":25,"key":"Fire Potion"},{"floor":35,"key":"Block Potion"},{"floor":41,"key":"Fire Potion"},{"floor":44,"key":"Dexterity Potion"}],"is_trial":false,"path_per_floor":["M","M","?","M","M","E","R","E","T","?","$","R","?","M","R","B",null,"M","M","?","M","?","E","R","E","T","R","?","E","M","M","R","B",null,"M","$","M","?","M","R","E","R","T","E","M"],"character_chosen":"IRONCLAD","items_purchased":["Paper Frog","Bottled Tornado","PrismaticShard"],"campfire_rested":1,"item_purchase_floors":[11,36,36],"current_hp_per_floor":[80,80,72,78,75,36,36,18,18,18,18,42,26,32,32,33,80,78,80,80,66,66,44,44,67,67,67,59,43,46,67,67,16,80,74,74,80,80,80,80,52,52,52,60,0],"gold":266,"neow_bonus":"THREE_ENEMY_KILL","is_prod":false,"is_daily":false,"chose_seed":false,"campfire_upgraded":7,"win_rate":0,"timestamp":1554818256,"path_taken":["M","?","?","M","?","E","R","E","T","?","$","R","?","M","R","BOSS","M","M","?","M","?","E","R","E","T","R","?","E","M","M","R","BOSS","M","$","M","?","M","R","E","R","T","E","?"],"build_version":"2019-01-23","purchased_purges":0,"victory":false,"max_hp_per_floor":[80,80,80,80,80,80,80,80,80,80,80,80,80,80,80,80,80,80,80,80,80,80,80,80,80,80,80,80,80,80,80,80,80,80,80,80,80,80,80,80,80,80,80,80,80],"card_choices":[{"not_picked":["Combust","Armaments"],"picked":"Inflame","floor":1},{"not_picked":["Clothesline","Warcry"],"picked":"Armaments","floor":2},{"not_picked":["Hemokinesis","Armaments"],"picked":"Burning Pact","floor":4},{"not_picked":["Clash","Battle Trance"],"picked":"Anger","floor":5},{"not_picked":["Carnage","Bloodletting","Double Tap"],"picked":"SKIP","floor":6},{"not_picked":["Cleave","Intimidate"],"picked":"Metallicize","floor":8},{"not_picked":["Iron Wave","Armaments"],"picked":"Feel No Pain","floor":12},{"not_picked":["Body Slam","Combust"],"picked":"Heavy Blade","floor":13},{"not_picked":["Bloodletting","Searing Blow"],"picked":"Headbutt","floor":14},{"not_picked":["Fiend Fire","Dark Embrace"],"picked":"Reaper","floor":16},{"not_picked":["Warcry","Anger"],"picked":"Clothesline","floor":18},{"not_picked":["Headbutt+1","Ghostly Armor"],"picked":"Shrug It Off","floor":19},{"not_picked":["Bloodletting","Brutality"],"picked":"Inflame","floor":21},{"not_picked":["Power Through","Body Slam"],"picked":"Disarm+1","floor":23},{"not_picked":["Clothesline","Dropkick","Iron Wave+1"],"picked":"SKIP","floor":25},{"not_picked":["Dropkick","Iron Wave","Headbutt"],"picked":"SKIP","floor":29},{"not_picked":["Inflame+1","Iron Wave+1"],"picked":"Entrench","floor":30},{"not_picked":["Havoc","Warcry"],"picked":"True Grit","floor":31},{"not_picked":["Brutality+1","Double Tap"],"picked":"Demon Form+1","floor":33},{"not_picked":["Havoc","Ghostly Armor+1"],"picked":"Pummel","floor":35},{"not_picked":["Anger+1","Deadly Poison+1"],"picked":"PiercingWail","floor":37},{"not_picked":["Doom and Gloom+1","Perfected Strike+1","Accuracy+1"],"picked":"SKIP","floor":39},{"not_picked":["Chaos+1","Sentinel"],"picked":"Backflip+1","floor":41},{"not_picked":["Compile Driver","PanicButton+1"],"picked":"Cleave","floor":44}],"player_experience":970959,"relics_obtained":[{"floor":6,"key":"Dream Catcher"},{"floor":8,"key":"Matryoshka"},{"floor":9,"key":"Pantograph"},{"floor":9,"key":"Boot"},{"floor":13,"key":"Odd Mushroom"},{"floor":23,"key":"Regal Pillow"},{"floor":25,"key":"Frozen Egg 2"},{"floor":26,"key":"Bag of Marbles"},{"floor":26,"key":"Bag of Preparation"},{"floor":29,"key":"Darkstone Periapt"},{"floor":41,"key":"Ornamental Fan"},{"floor":43,"key":"Blood Vial"},{"floor":44,"key":"Ancient Tea Set"}],"event_choices":[{"damage_healed":0,"gold_gain":0,"player_choice":"Damaged","damage_taken":8,"max_hp_gain":0,"max_hp_loss":0,"event_name":"Wheel of Change","floor":3,"gold_loss":0},{"damage_healed":0,"gold_gain":0,"player_choice":"Ignored","damage_taken":0,"max_hp_gain":0,"max_hp_loss":0,"event_name":"Shining Light","floor":10,"gold_loss":0},{"damage_healed":0,"gold_gain":0,"player_choice":"Fought Mushrooms","damage_taken":0,"max_hp_gain":0,"max_hp_loss":0,"event_name":"Mushrooms","floor":13,"gold_loss":0},{"damage_healed":0,"gold_gain":0,"player_choice":"Simplicity","damage_taken":0,"max_hp_gain":0,"max_hp_loss":0,"event_name":"Back to Basics","floor":20,"gold_loss":0,"cards_upgraded":["Strike_R","Strike_R","Strike_R","Strike_R","Strike_R","Defend_R","Defend_R","Defend_R","Defend_R"]},{"damage_healed":0,"gold_gain":0,"player_choice":"Ignored","damage_taken":0,"max_hp_gain":0,"max_hp_loss":0,"event_name":"Ghosts","floor":22,"gold_loss":0},{"damage_healed":0,"gold_gain":0,"player_choice":"","damage_taken":8,"max_hp_gain":0,"max_hp_loss":0,"event_name":"Knowing Skull","floor":28,"potions_obtained":[],"gold_loss":0,"cards_obtained":[]},{"damage_healed":0,"gold_gain":100,"player_choice":"Pray","damage_taken":0,"max_hp_gain":0,"max_hp_loss":0,"event_name":"Golden Shrine","floor":38,"gold_loss":0}],"is_beta":false,"boss_relics":[{"not_picked":["Tiny House","Pandora\u0027s Box"],"picked":"Coffee Dripper"},{"not_picked":["Busted Crown","Lizard Tail"],"picked":"Empty Cage"}],"items_purged_floors":[],"is_endless":false,"potions_floor_spawned":[1,4,5,14,16,18,21,23,25,35,41,44],"killed_by":"Sphere and 2 Shapes","ascension_level":4}