{"gold_per_floor":[114,114,114,39,39,39,39,39,63,84,84,128,98,118,118,118],"floor_reached":16,"playtime":369,"items_purged":["Strike_R"],"score":110,"play_id":"8429183f-5dad-4163-b398-07d758906f5d","local_time":"20181011193055","is_ascension_mode":true,"campfire_choices":[{"data":"Cleave","floor":6,"key":"SMITH"},{"data":"Defend_R","floor":8,"key":"SMITH"},{"data":"Pommel Strike","floor":11,"key":"SMITH"},{"data":"Reaper","floor":15,"key":"SMITH"}],"neow_cost":"NONE","seed_source_timestamp":98612652537966,"circlet_count":0,"master_deck":["Strike_R","Strike_R","Strike_R","Strike_R","Defend_R","Defend_R","Defend_R+1","Bash+1","Cleave+1","Pommel Strike+1","Reaper+1"],"relics":["Burning Blood","Golden Idol","Lantern","Mummified Hand"],"potions_floor_usage":[16],"damage_taken":[{"damage":2,"enemies":"Jaw Worm","floor":1,"turns":3},{"damage":3,"enemies":"Small Slimes","floor":10,"turns":2},{"damage":16,"enemies":"Gremlin Nob","floor":12,"turns":3},{"damage":3,"enemies":"Cultist","floor":14,"turns":4},{"damage":84,"enemies":"Hexaghost","floor":16,"turns":10}],"seed_played":"-1690386393478477953","potions_obtained":[{"floor":12,"key":"Fire Potion"},{"floor":13,"key":"FairyPotion"},{"floor":13,"key":"Ancient Potion"}],"is_trial":false,"path_per_floor":["M","?","?","$","?","R","$","R","T","M","R","E","?","M","R"],"character_chosen":"IRONCLAD","items_purchased":[],"campfire_rested":0,"item_purchase_floors":[],"current_hp_per_floor":[80,60,60,60,65,65,65,65,65,68,68,58,58,65,65,0],"gold":118,"neow_bonus":"UPGRADE_CARD","is_prod":false,"is_daily":false,"chose_seed":false,"campfire_upgraded":4,"win_rate":0,"timestamp":1539300655,"path_taken":["M","?","?","$","?","R","$","R","T","M","R","E","?","?","R","BOSS"],"build_version":"2018-10-04v2","purchased_purges":1,"victory":false,"max_hp_per_floor":[80,80,80,80,85,85,85,85,85,85,85,85,85,85,85,85],"card_choices":[{"not_picked":["Warcry","Carnage"],"picked":"Cleave","floor":1},{"not_picked":["Searing Blow","Dual Wield"],"picked":"Pommel Strike","floor":10},{"not_picked":["Carnage","Entrench"],"picked":"Reaper","floor":12},{"not_picked":["Warcry","Sword Boomerang","Anger"],"picked":"SKIP","floor":14}],"player_experience":231358,"relics_obtained":[{"floor":9,"key":"Lantern"},{"floor":12,"key":"Mummified Hand"}],"event_choices":[{"event_name":"Golden Idol","player_choice":"Take Damage","floor":2,"damage_taken":0},{"event_name":"Living Wall","player_choice":"Forget","floor":3,"damage_taken":0},{"event_name":"Big Fish","player_choice":"Donut","floor":5,"damage_taken":0},{"event_name":"The Woman in Blue","player_choice":"Bought 2 Potions","floor":13,"damage_taken":0}],"is_beta":false,"boss_relics":[],"items_purged_floors":[4],"is_endless":false,"potions_floor_spawned":[12,14],"killed_by":"Hexaghost","ascension_level":3}