{"gold_per_floor":[115,129,129,144,167,167,210,226,226,266,340,410,390,56,56,186,186,207,223,348,348,366,401,453,493,493,537,549,597,62,75,75,204,204,218,238,571,594,208,243,243,243,243,243,271,289,61,71,71,71,71,71,25,56,56],"floor_reached":56,"playtime":3276,"items_purged":["Strike_G","Strike_G","Neutralize","Strike_G"],"score":1605,"play_id":"10e91ef1-6639-48f9-9206-1d849880af98","local_time":"20190415054800","is_ascension_mode":true,"campfire_choices":[{"floor":6,"key":"REST"},{"floor":15,"key":"REST"},{"floor":28,"key":"RECALL"},{"data":"Bullet Time","floor":32,"key":"SMITH"},{"data":"Corpse Explosion","floor":42,"key":"SMITH"},{"data":"Well Laid Plans","floor":49,"key":"SMITH"},{"data":"Cloak And Dagger","floor":52,"key":"SMITH"}],"neow_cost":"NONE","seed_source_timestamp":268421415454700,"circlet_count":0,"master_deck":["Defend_G","Defend_G","Defend_G","Defend_G","Defend_G","Survivor","Deadly Poison","Backflip","PiercingWail","Crippling Poison","Die Die Die+1","Blade Dance","Doppelganger","Poisoned Stab+1","Sadistic Nature","Accuracy","Corpse Explosion+1","Cloak And Dagger+1","Outmaneuver","Ghostly","Ghostly","Ghostly","Ghostly","Ghostly","Well Laid Plans+1","Bullet Time+1","PiercingWail+1","Blade Dance+1","Noxious Fumes","Noxious Fumes","Corpse Explosion+1","Blade Dance+1","A Thousand Cuts","Leg Sweep+1","Prepared+1","Deadly Poison+1","Thinking Ahead+1","Catalyst+1","Accuracy","Backflip+1","Expertise+1"],"relics":["Ring of the Snake","Centennial Puzzle","Ornamental Fan","Mercury Hourglass","Anchor","Mummified Hand","Coffee Dripper","Tough Bandages","Pear","Pantograph","Snake Skull","Toxic Egg 2","MawBank","Boot","DollysMirror","Tiny Chest","Lizard Tail","Bag of Marbles","Bottled Flame","Singing Bowl","Paper Crane","Whetstone"],"potions_floor_usage":[7,10,16,16,16,20,20,23,50,50,55,55],"damage_taken":[{"damage":12,"enemies":"Small Slimes","floor":1,"turns":5},{"damage":0,"enemies":"Jaw Worm","floor":2,"turns":4},{"damage":2,"enemies":"Cultist","floor":4,"turns":5},{"damage":3,"enemies":"2 Fungi Beasts","floor":5,"turns":5},{"damage":14,"enemies":"3 Sentries","floor":7,"turns":13},{"damage":0,"enemies":"3 Louse","floor":8,"turns":1},{"damage":9,"enemies":"Lagavulin","floor":10,"turns":5},{"damage":16,"enemies":"Lagavulin Event","floor":11,"turns":7},{"damage":24,"enemies":"Hexaghost","floor":16,"turns":8},{"damage":9,"enemies":"Spheric Guardian","floor":18,"turns":4},{"damage":5,"enemies":"Shell Parasite","floor":19,"turns":5},{"damage":3,"enemies":"Colosseum Slavers","floor":20,"turns":2},{"damage":3,"enemies":"Colosseum Nobs","floor":20,"turns":3},{"damage":0,"enemies":"Shelled Parasite and Fungi","floor":22,"turns":7},{"damage":3,"enemies":"Slavers","floor":23,"turns":8},{"damage":0,"enemies":"Book of Stabbing","floor":25,"turns":7},{"damage":0,"enemies":"Gremlin Leader","floor":27,"turns":7},{"damage":0,"enemies":"Slavers","floor":29,"turns":5},{"damage":1,"enemies":"Chosen and Byrds","floor":31,"turns":4},{"damage":0,"enemies":"Automaton","floor":33,"turns":8},{"damage":0,"enemies":"Orb Walker","floor":35,"turns":4},{"damage":0,"enemies":"3 Darklings","floor":36,"turns":2},{"damage":0,"enemies":"Nemesis","floor":40,"turns":6},{"damage":1,"enemies":"Reptomancer","floor":45,"turns":7},{"damage":4,"enemies":"Sphere and 2 Shapes","floor":46,"turns":4},{"damage":0,"enemies":"Jaw Worm Horde","floor":48,"turns":2},{"damage":3,"enemies":"Donu and Deca","floor":50,"turns":6},{"damage":3,"enemies":"Shield and Spear","floor":54,"turns":5},{"damage":41,"enemies":"The Heart","floor":55,"turns":8}],"seed_played":"-8710847864659466405","potions_obtained":[{"floor":4,"key":"Dexterity Potion"},{"floor":7,"key":"LiquidBronze"},{"floor":8,"key":"Poison Potion"},{"floor":10,"key":"Ancient Potion"},{"floor":13,"key":"SteroidPotion"},{"floor":16,"key":"Poison Potion"},{"floor":19,"key":"Swift Potion"},{"floor":22,"key":"Dexterity Potion"},{"floor":25,"key":"Energy Potion"},{"floor":27,"key":"SteroidPotion"},{"floor":29,"key":"FearPotion"},{"floor":31,"key":"SkillPotion"},{"floor":54,"key":"Fire Potion"}],"is_trial":false,"path_per_floor":["M","M","?","M","M","R","E","M","T","E","?","?","?","$","R","B",null,"M","M","?","?","M","E","T","E","T","E","R","E","$","M","R","B",null,"M","M","?","T","$","E","?","R","T","?","E","M","$","M","R","B",null,"R","$","E","B",null],"character_chosen":"THE_SILENT","items_purchased":["Sadistic Nature","Accuracy","Noxious Fumes","DollysMirror","Blade Dance+1","Tiny Chest","Prepared+1","Deadly Poison+1","Thinking Ahead+1","Accuracy","Backflip+1"],"campfire_rested":2,"item_purchase_floors":[14,14,30,30,30,30,39,39,39,47,53],"current_hp_per_floor":[58,58,41,39,36,57,43,43,43,34,18,18,18,18,39,15,70,61,56,60,40,40,37,37,37,37,37,37,37,37,36,36,40,40,40,40,40,40,40,40,40,40,40,40,39,37,37,39,39,41,44,44,44,41,3],"gold":56,"neow_bonus":"RANDOM_COMMON_RELIC","is_prod":false,"is_daily":false,"chose_seed":false,"campfire_upgraded":4,"win_rate":0,"timestamp":1555332480,"path_taken":["M","M","?","M","M","R","E","M","T","E","?","?","?","$","R","BOSS","M","?","?","?","M","E","?","E","T","E","R","E","$","?","R","BOSS","M","M","?","?","$","E","?","R","T","?","E","?","$","M","R","BOSS","R","$","E","BOSS"],"build_version":"2019-01-23","purchased_purges":4,"victory":true,"max_hp_per_floor":[70,70,70,70,70,70,70,70,70,70,70,70,70,70,70,70,70,70,70,80,40,40,40,40,40,40,40,40,40,40,40,40,40,40,40,40,40,40,40,40,40,40,40,40,40,42,42,44,44,44,44,44,44,44,44],"card_choices":[{"not_picked":["Underhanded Strike","Dagger Spray"],"picked":"Deadly Poison","floor":1},{"not_picked":["Concentrate","Tactician"],"picked":"Backflip","floor":2},{"not_picked":["Quick Slash","Slice"],"picked":"PiercingWail","floor":4},{"not_picked":["Expertise","Dagger Throw"],"picked":"Crippling Poison","floor":5},{"not_picked":["Expertise","Outmaneuver"],"picked":"Die Die Die","floor":7},{"not_picked":["Dagger Spray","Flechettes"],"picked":"Blade Dance","floor":8},{"not_picked":["Sucker Punch","Underhanded Strike"],"picked":"Doppelganger","floor":10},{"not_picked":["Sucker Punch","Calculated Gamble"],"picked":"Poisoned Stab","floor":11},{"not_picked":["Storm of Steel","Bullet Time"],"picked":"Corpse Explosion","floor":16},{"not_picked":["Bane","Footwork"],"picked":"Cloak And Dagger","floor":18},{"not_picked":["Sucker Punch+1","Dagger Throw"],"picked":"Outmaneuver","floor":19},{"not_picked":["Heel Hook","Reflex"],"picked":"Well Laid Plans","floor":22},{"not_picked":["Cloak And Dagger","Dagger Throw"],"picked":"Bullet Time","floor":23},{"not_picked":["Backflip+1","Masterful Stab"],"picked":"PiercingWail+1","floor":25},{"not_picked":["Reflex+1","Poisoned Stab"],"picked":"Blade Dance+1","floor":27},{"not_picked":["Slice","Backflip+1"],"picked":"Noxious Fumes","floor":29},{"not_picked":["Concentrate+1","Masterful Stab","All Out Attack"],"picked":"SKIP","floor":31},{"not_picked":["Die Die Die","Venomology+1"],"picked":"A Thousand Cuts","floor":33},{"not_picked":["Underhanded Strike+1","Dagger Throw+1","Flying Knee"],"picked":"SKIP","floor":35},{"not_picked":["Tools of the Trade","PiercingWail+1"],"picked":"Leg Sweep+1","floor":36},{"not_picked":["All Out Attack+1","Eviscerate+1","Dagger Throw"],"picked":"SKIP","floor":40},{"not_picked":["Phantasmal Killer+1","Cloak And Dagger+1"],"picked":"Catalyst+1","floor":45},{"not_picked":["PiercingWail+1","Cloak And Dagger+1","Grand Finale"],"picked":"Singing Bowl","floor":46},{"not_picked":["All Out Attack+1","Quick Slash","Dagger Spray"],"picked":"Singing Bowl","floor":48},{"not_picked":["Cloak And Dagger+1","Choke"],"picked":"Expertise+1","floor":54}],"player_experience":118677,"relics_obtained":[{"floor":7,"key":"Ornamental Fan"},{"floor":9,"key":"Mercury Hourglass"},{"floor":10,"key":"Anchor"},{"floor":11,"key":"Mummified Hand"},{"floor":20,"key":"Tough Bandages"},{"floor":20,"key":"Pear"},{"floor":23,"key":"Pantograph"},{"floor":25,"key":"Snake Skull"},{"floor":26,"key":"Toxic Egg 2"},{"floor":27,"key":"MawBank"},{"floor":29,"key":"Boot"},{"floor":38,"key":"Bag of Marbles"},{"floor":40,"key":"Bottled Flame"},{"floor":43,"key":"Singing Bowl"},{"floor":45,"key":"Paper Crane"},{"floor":54,"key":"Whetstone"}],"event_choices":[{"damage_healed":0,"gold_gain":0,"player_choice":"Take Damage","damage_taken":17,"relics_obtained":["Golden Idol"],"max_hp_gain":0,"max_hp_loss":0,"event_name":"Golden Idol","floor":3,"gold_loss":0},{"damage_healed":0,"gold_gain":0,"player_choice":"Searched \u00272\u0027 times","damage_taken":0,"max_hp_gain":0,"max_hp_loss":0,"event_name":"Dead Adventurer","floor":11,"gold_loss":0},{"damage_healed":0,"gold_gain":70,"player_choice":"Gained Gold","damage_taken":0,"max_hp_gain":0,"max_hp_loss":0,"event_name":"Golden Wing","floor":12,"gold_loss":0},{"damage_healed":0,"gold_gain":0,"player_choice":"Bought 1 Potion","damage_taken":0,"max_hp_gain":0,"max_hp_loss":0,"event_name":"The Woman in Blue","floor":13,"gold_loss":0},{"damage_healed":0,"gold_gain":0,"player_choice":"Fight","damage_taken":0,"max_hp_gain":0,"max_hp_loss":0,"event_name":"Colosseum","floor":20,"gold_loss":0},{"damage_healed":0,"gold_gain":0,"player_choice":"Fought Nobs","damage_taken":0,"max_hp_gain":0,"max_hp_loss":0,"event_name":"Colosseum","floor":20,"gold_loss":0},{"damage_healed":0,"gold_gain":0,"player_choice":"Became a Ghost","damage_taken":0,"max_hp_gain":0,"max_hp_loss":40,"event_name":"Ghosts","floor":21,"gold_loss":0,"cards_obtained":["Ghostly","Ghostly","Ghostly","Ghostly","Ghostly"]},{"damage_healed":0,"gold_gain":333,"player_choice":"Gave Idol","damage_taken":0,"max_hp_gain":0,"max_hp_loss":0,"event_name":"The Moai Head","floor":37,"relics_lost":["Golden Idol"],"gold_loss":0},{"cards_removed":["Strike_G"],"damage_healed":0,"gold_gain":0,"player_choice":"Removed Attack","damage_taken":0,"max_hp_gain":0,"max_hp_loss":0,"event_name":"Falling","floor":41,"gold_loss":0},{"cards_removed":["Strike_G"],"damage_healed":0,"gold_gain":0,"player_choice":"Purged","damage_taken":0,"max_hp_gain":0,"max_hp_loss":0,"event_name":"Purifier","floor":44,"gold_loss":0}],"is_beta":false,"boss_relics":[{"not_picked":["Velvet Choker","HoveringKite"],"picked":"Coffee Dripper"},{"not_picked":["Fusion Hammer","Runic Dome"],"picked":"Lizard Tail"}],"items_purged_floors":[14,30,39,47],"is_endless":false,"potions_floor_spawned":[4,7,8,10,16,19,22,25,27,29,31,40,45,54],"ascension_level":2}