{"gold_per_floor":[114,289,304,59,74,74,74,150,200,215,245,260,335,365,365,465,465,480,480,34,49,49,79,121,133,145,157,169,181,208,235,547,659,671,698,38,38,0,0,30,60,60,60,90,120,135,150,3,3,3],"floor_reached":51,"playtime":2916,"items_purged":["Reprogram"],"score":1209,"play_id":"6baf2563-37ae-40a2-b23d-d484c2b128d1","local_time":"20181231005312","daily_mods":["Cursed Run","Flight","Binary"],"is_ascension_mode":false,"campfire_choices":[{"floor":15,"key":"REST"},{"floor":25,"key":"REST"},{"floor":32,"key":"DIG"},{"floor":42,"key":"REST"},{"floor":49,"key":"REST"}],"neow_cost":"","seed_source_timestamp":0,"circlet_count":0,"master_deck":["Strike_B","Strike_B","Strike_B","Strike_B","Defend_B","Defend_B","Defend_B","Defend_B","Dualcast","Go for the Eyes","Doubt","Sweeping Beam","Doom and Gloom","Violence","Coolheaded","Regret","Decay","Lockon","Seek","Aggregate","Decay","Parasite","Core Surge+1","Streamline+1","Gash+1","Sweeping Beam+1","Rebound+1","Lockon+1","Gash+1","Cold Snap+1","RitualDagger+1","Compile Driver+1","Pain","Go for the Eyes+1","Seek","Decay","Seek","Sunder+1","Gash+1","Metamorphosis","Aggregate","Enlightenment","Cold Snap+1","Swift Strike+1","Enlightenment","Rebound+1","Beam Cell+1","Decay","Stack+1","Streamline+1","Gash+1","Reinforced Body+1","Hyperbeam+1","Coolheaded+1","Shame"],"special_seed":17896,"relics":["Cursed Key","Darkstone Periapt","Du-Vu Doll","Ornamental Fan","Smiling Mask","Symbiotic Virus","Cables","Molten Egg 2","Orrery","Shovel","Medical Kit","Bag of Preparation","MawBank","Matryoshka","Anchor","Kunai","Old Coin","Lizard Tail","ClockworkSouvenir","Red Mask","Regal Pillow","Happy Flower","DataDisk","Toxic Egg 2","Mango","The Courier"],"potions_floor_usage":[11,16,33,33,33,40,40,41,50,50,50],"damage_taken":[{"damage":0,"enemies":"Small Slimes","floor":1,"turns":3},{"damage":6,"enemies":"Jaw Worm","floor":3,"turns":3},{"damage":5,"enemies":"2 Louse","floor":5,"turns":2},{"damage":3,"enemies":"Looter","floor":10,"turns":2},{"damage":1,"enemies":"Gremlin Nob","floor":11,"turns":3},{"damage":8,"enemies":"2 Fungi Beasts","floor":12,"turns":3},{"damage":15,"enemies":"3 Sentries","floor":14,"turns":5},{"damage":28,"enemies":"The Guardian","floor":16,"turns":5},{"damage":20,"enemies":"3 Byrds","floor":18,"turns":3},{"damage":0,"enemies":"2 Thieves","floor":21,"turns":1},{"damage":26,"enemies":"Book of Stabbing","floor":23,"turns":4},{"damage":5,"enemies":"Gremlin Leader","floor":24,"turns":4},{"damage":3,"enemies":"Centurion and Healer","floor":30,"turns":4},{"damage":0,"enemies":"Snake Plant","floor":31,"turns":1},{"damage":59,"enemies":"Automaton","floor":33,"turns":7},{"damage":6,"enemies":"3 Darklings","floor":35,"turns":3},{"damage":18,"enemies":"Giant Head","floor":40,"turns":7},{"damage":30,"enemies":"Nemesis","floor":41,"turns":5},{"damage":21,"enemies":"Reptomancer","floor":44,"turns":4},{"damage":0,"enemies":"Nemesis","floor":45,"turns":3},{"damage":0,"enemies":"Orb Walker","floor":46,"turns":2},{"damage":24,"enemies":"Writhing Mass","floor":47,"turns":3},{"damage":22,"enemies":"Time Eater","floor":50,"turns":7}],"seed_played":"-1256899049179470920","potions_obtained":[{"floor":3,"key":"FocusPotion"},{"floor":5,"key":"GamblersBrew"},{"floor":14,"key":"GamblersBrew"},{"floor":23,"key":"Regen Potion"},{"floor":30,"key":"SteroidPotion"},{"floor":33,"key":"SpeedPotion"},{"floor":40,"key":"EntropicBrew"}],"is_trial":false,"path_per_floor":["M","?","M","$","M","?","$","?","T","M","E","M","T","E","R","B",null,"M","?","$","M","?","E","E","R","T","?","?","$","M","M","R","B",null,"M","$","?","?","$","E","E","R","T","E","E","M","M","$","R","B",null],"character_chosen":"DEFECT","items_purchased":["Doom and Gloom","Violence","Gash+1","Medical Kit","Bag of Preparation","Gash+1","Metamorphosis","Aggregate","ClockworkSouvenir","Block Potion","Enlightenment","Cold Snap+1","Hyperbeam+1","Coolheaded+1"],"campfire_rested":4,"item_purchase_floors":[4,4,20,20,20,36,36,36,36,36,36,36,48,48],"current_hp_per_floor":[75,81,75,75,70,76,76,76,82,79,78,70,76,61,90,68,105,85,85,85,85,79,53,48,79,85,85,85,85,82,82,82,34,117,111,111,101,101,101,83,53,103,109,102,102,102,78,78,134,118],"gold":3,"neow_bonus":"","is_prod":false,"is_daily":true,"chose_seed":false,"campfire_upgraded":0,"win_rate":0,"timestamp":1546246392,"path_taken":["M","?","M","$","M","?","?","?","T","M","E","M","?","E","R","BOSS","M","?","$","M","?","E","E","R","T","?","?","?","?","M","R","BOSS","M","$","?","?","?","E","E","R","T","E","E","?","M","?","R","BOSS"],"build_version":"2018-12-20","purchased_purges":1,"victory":true,"max_hp_per_floor":[75,81,81,81,81,87,87,87,93,93,93,93,99,99,99,105,105,105,105,105,105,105,105,105,105,111,111,111,111,111,111,111,117,117,117,117,117,117,117,117,117,117,123,137,137,137,137,137,137,143],"card_choices":[{"not_picked":["Compile Driver"],"picked":"Go for the Eyes","floor":1},{"not_picked":["Hologram"],"picked":"Sweeping Beam","floor":3},{"not_picked":["Cold Snap"],"picked":"Coolheaded","floor":5},{"not_picked":["Stack"],"picked":"Lockon","floor":10},{"not_picked":["Auto Shields"],"picked":"Seek","floor":11},{"not_picked":["Redo"],"picked":"Aggregate","floor":12},{"not_picked":["Undo","Force Field"],"picked":"SKIP","floor":14},{"not_picked":["Reboot"],"picked":"Core Surge+1","floor":16},{"not_picked":["Coolheaded"],"picked":"Streamline+1","floor":17},{"not_picked":["Rebound+1"],"picked":"Gash+1","floor":17},{"not_picked":["Capacitor"],"picked":"Reprogram","floor":17},{"not_picked":["Lockon+1"],"picked":"Sweeping Beam+1","floor":17},{"not_picked":["Conserve Battery"],"picked":"Rebound+1","floor":17},{"not_picked":["Consume"],"picked":"Lockon+1","floor":18},{"not_picked":["Barrage+1"],"picked":"Cold Snap+1","floor":21},{"not_picked":["Steam","Heatsinks"],"picked":"SKIP","floor":23},{"not_picked":["Darkness"],"picked":"Compile Driver+1","floor":24},{"not_picked":["Tempest+1"],"picked":"Seek","floor":30},{"not_picked":["Static Discharge","Redo"],"picked":"SKIP","floor":31},{"not_picked":["Creative AI"],"picked":"Seek","floor":33},{"not_picked":["Force Field"],"picked":"Sunder+1","floor":35},{"not_picked":["Deep Breath"],"picked":"Swift Strike+1","floor":37},{"not_picked":["Jack Of All Trades"],"picked":"Enlightenment","floor":37},{"not_picked":["Conserve Battery+1"],"picked":"Rebound+1","floor":40},{"not_picked":["Conserve Battery+1"],"picked":"Beam Cell+1","floor":41},{"not_picked":["Self Repair"],"picked":"Stack+1","floor":44},{"not_picked":["Beam Cell+1"],"picked":"Streamline+1","floor":45},{"not_picked":["Creative AI"],"picked":"Gash+1","floor":46},{"not_picked":["BootSequence+1"],"picked":"Reinforced Body+1","floor":47}],"player_experience":40343,"relics_obtained":[{"floor":9,"key":"Smiling Mask"},{"floor":11,"key":"Symbiotic Virus"},{"floor":13,"key":"Cables"},{"floor":14,"key":"Molten Egg 2"},{"floor":23,"key":"MawBank"},{"floor":24,"key":"Matryoshka"},{"floor":26,"key":"Anchor"},{"floor":26,"key":"Kunai"},{"floor":32,"key":"Old Coin"},{"floor":40,"key":"Regal Pillow"},{"floor":41,"key":"Happy Flower"},{"floor":43,"key":"DataDisk"},{"floor":43,"key":"Toxic Egg 2"},{"floor":44,"key":"Mango"},{"floor":45,"key":"The Courier"}],"event_choices":[{"damage_healed":0,"gold_gain":175,"player_choice":"AGREE","damage_taken":0,"max_hp_gain":0,"max_hp_loss":0,"event_name":"Liars Game","floor":2,"gold_loss":0,"cards_obtained":["Doubt"]},{"damage_healed":0,"gold_gain":0,"player_choice":"Box","damage_taken":0,"relics_obtained":["Ornamental Fan"],"max_hp_gain":0,"max_hp_loss":0,"event_name":"Big Fish","floor":6,"gold_loss":0,"cards_obtained":["Regret"]},{"damage_healed":0,"gold_gain":76,"player_choice":"Gained Gold","damage_taken":0,"max_hp_gain":0,"max_hp_loss":0,"event_name":"Golden Wing","floor":8,"gold_loss":0},{"damage_healed":0,"gold_gain":0,"player_choice":"Opened","damage_taken":0,"relics_obtained":["Shovel"],"max_hp_gain":0,"max_hp_loss":0,"event_name":"The Mausoleum","floor":19,"gold_loss":0},{"damage_healed":0,"gold_gain":0,"player_choice":"Joined the Cult","damage_taken":6,"max_hp_gain":0,"max_hp_loss":0,"event_name":"Nest","floor":22,"gold_loss":0,"cards_obtained":["RitualDagger"]},{"damage_healed":0,"gold_gain":0,"player_choice":"Read","damage_taken":0,"max_hp_gain":0,"max_hp_loss":0,"event_name":"The Library","floor":27,"gold_loss":0,"cards_obtained":["Go for the Eyes"]},{"cards_removed":["Zap"],"damage_healed":0,"gold_gain":0,"player_choice":"Elegance","damage_taken":0,"max_hp_gain":0,"max_hp_loss":0,"event_name":"Back to Basics","floor":28,"gold_loss":0},{"damage_healed":0,"gold_gain":0,"player_choice":"Memory 3","damage_taken":10,"max_hp_gain":0,"max_hp_loss":0,"event_name":"SensoryStone","floor":37,"gold_loss":0},{"damage_healed":0,"gold_gain":0,"player_choice":"Paid","damage_taken":0,"relics_obtained":["Red Mask"],"max_hp_gain":0,"max_hp_loss":0,"event_name":"Tomb of Lord Red Mask","floor":38,"gold_loss":38}],"is_beta":false,"boss_relics":[{"not_picked":["Velvet Choker","Coffee Dripper"],"picked":"Orrery"},{"not_picked":["Tiny House","Inserter"],"picked":"Lizard Tail"}],"items_purged_floors":[20],"is_endless":false,"potions_floor_spawned":[3,5,14,23,30,33,40,46,47],"ascension_level":0}