{"gold_per_floor":[119,119,119,119,133,162,162,192,192,192,43,8,0,54,54,183,183,208,226,8,8,8,8,8],"floor_reached":24,"playtime":708,"items_purged":["Injury"],"score":198,"play_id":"ce98c798-c6b1-4837-ac2e-51df8e80dd8f","local_time":"20181012045028","is_ascension_mode":false,"campfire_choices":[{"floor":7,"key":"REST"},{"floor":15,"key":"REST"},{"floor":23,"key":"REST"}],"neow_cost":"TEN_PERCENT_HP_LOSS","seed_source_timestamp":125425674476428,"circlet_count":0,"master_deck":["Strike_B","Strike_B","Strike_B","Strike_B","Defend_B","Defend_B","Defend_B","Zap","Dualcast","Machine Learning","Streamline+1","Reprogram","Rip and Tear","Defragment","Streamline","White Noise+1","Steam","Barrage","Hologram","Creative AI","Hologram","Conserve Battery","Ball Lightning","Lockon","Writhe","Loop"],"relics":["FrozenCore","Dodecahedron","Juzu Bracelet","Dream Catcher","Bottled Tornado","Golden Idol","Bag of Preparation"],"potions_floor_usage":[24],"damage_taken":[{"damage":11,"enemies":"Jaw Worm","floor":1,"turns":3},{"damage":10,"enemies":"Cultist","floor":5,"turns":4},{"damage":36,"enemies":"3 Sentries","floor":6,"turns":5},{"damage":27,"enemies":"Gremlin Nob","floor":8,"turns":5},{"damage":32,"enemies":"Slime Boss","floor":16,"turns":10},{"damage":30,"enemies":"Shell Parasite","floor":18,"turns":7},{"damage":31,"enemies":"Spheric Guardian","floor":19,"turns":6},{"damage":27,"enemies":"Book of Stabbing","floor":24,"turns":5}],"seed_played":"-2570131551969461232","potions_obtained":[{"floor":16,"key":"Energy Potion"}],"is_trial":false,"path_per_floor":["M","?","?","?","M","E","R","E","T","?","$","?","?","?","R","B",null,"M","M","$","?","?","R"],"character_chosen":"DEFECT","items_purchased":["White Noise","Steam","Barrage","Ball Lightning","Lockon","Strength Potion"],"campfire_rested":3,"item_purchase_floors":[11,11,11,20,20,20],"current_hp_per_floor":[57,57,54,54,44,8,28,1,1,1,1,18,18,18,38,6,68,38,7,7,7,7,27,0],"gold":8,"neow_bonus":"THREE_RARE_CARDS","is_prod":false,"is_daily":false,"chose_seed":false,"campfire_upgraded":0,"win_rate":0.0,"timestamp":1539345028,"path_taken":["M","?","?","?","M","E","R","E","T","?","$","?","?","?","R","BOSS","M","M","$","?","?","R","E"],"build_version":"2018-10-11","purchased_purges":1,"victory":false,"max_hp_per_floor":[68,68,68,68,68,68,68,68,68,68,68,68,68,68,68,68,68,68,68,68,68,68,68,68],"card_choices":[{"not_picked":["Buffer","Amplify"],"picked":"Machine Learning","floor":0},{"not_picked":["Turbo","Force Field"],"picked":"Streamline","floor":1},{"not_picked":["Storm","Coolheaded"],"picked":"Rip and Tear","floor":5},{"not_picked":["Sweeping Beam","Cold Snap"],"picked":"Defragment","floor":6},{"not_picked":["Undo","Sweeping Beam"],"picked":"Streamline","floor":8},{"not_picked":["Conserve Battery","Gash"],"picked":"Hologram","floor":15},{"not_picked":["Fission","Seek"],"picked":"Creative AI","floor":16},{"not_picked":["Leap+1","Redo"],"picked":"Hologram","floor":18},{"not_picked":["Coolheaded","Stack"],"picked":"Conserve Battery","floor":19},{"not_picked":["Barrage","Static Discharge"],"picked":"Loop","floor":23}],"player_experience":470786,"relics_obtained":[{"floor":6,"key":"Juzu Bracelet"},{"floor":8,"key":"Dream Catcher"},{"floor":9,"key":"Bottled Tornado"}],"event_choices":[{"event_name":"Upgrade Shrine","player_choice":"Upgraded","floor":2,"damage_taken":0},{"event_name":"Scrap Ooze","player_choice":"success","floor":3,"damage_taken":3},{"event_name":"Living Wall","player_choice":"Change","floor":4,"damage_taken":0},{"event_name":"Golden Idol","player_choice":"Take Wound","floor":10,"damage_taken":0},{"event_name":"The Cleric","player_choice":"Healed","floor":12,"damage_taken":0},{"event_name":"World of Goop","player_choice":"Left","floor":13,"damage_taken":0},{"event_name":"Golden Wing","player_choice":"Gained Gold","floor":14,"damage_taken":0},{"event_name":"The Mausoleum","player_choice":"Yes","floor":21,"damage_taken":0},{"event_name":"Upgrade Shrine","player_choice":"Upgraded","floor":22,"damage_taken":0}],"is_beta":false,"boss_relics":[{"not_picked":["Snecko Eye","Pandora\u0027s Box"],"picked":"FrozenCore"}],"items_purged_floors":[20],"is_endless":false,"potions_floor_spawned":[16],"killed_by":"Book of Stabbing","ascension_level":0}