{"path_per_floor":["M","$","M","?","M","E","R","M","T","M","R","?","E","?","R","B",null,"M","$","M","?","M","E","R","E","T","?","E","R","M","M","R"],"character_chosen":"THE_SILENT","items_purchased":["Heel Hook","Blood Vial","Distraction"],"gold_per_floor":[119,47,63,13,33,63,63,74,74,89,89,109,143,143,143,239,239,259,47,57,57,76,110,110,144,217,217,242,242,257,277,277],"floor_reached":33,"campfire_rested":2,"playtime":1172,"current_hp_per_floor":[65,65,64,64,64,42,42,41,41,41,41,41,26,12,33,32,70,70,70,69,69,64,65,65,51,51,35,12,33,37,32,32],"items_purged":[],"gold":277,"score":404,"play_id":"85a7423c-88b7-4841-b31c-c5829bf11cde","is_prod":false,"is_daily":false,"is_ascension_mode":true,"campfire_upgraded":4,"path_taken":["M","$","M","?","M","E","R","M","T","?","R","?","E","?","R","BOSS","M","$","M","?","M","E","R","E","T","?","E","R","M","M","R","BOSS"],"build_version":"2018-02-15-PROD1","purchased_purges":0,"victory":false,"master_deck":["Defend_G","Defend_G","Defend_G+1","Defend_G","Defend_G","Survivor","Neutralize","Sucker Punch","Heel Hook","Backstab+1","Cloak And Dagger+1","Envenom+1","Blade Dance","Deflect","Deadly Poison","Venomology+1","Venomology+1","All Out Attack","Distraction","Deflect+1","Bite","Bite","Bite","Bite","Bite","Infinite Blades","Cloak And Dagger+1","Dagger Spray","Backstab","Bouncing Flask+1","Noxious Fumes"],"max_hp_per_floor":[70,70,70,70,70,70,70,70,70,70,70,70,70,70,70,70,70,70,70,70,70,70,70,70,70,70,70,70,70,70,70,70],"relics":["Ring of the Snake","Pen Nib","Snake Skull","Bottled Flame","Odd Mushroom","Thread and Needle","Cursed Key","Singing Bowl","Omamori","Blue Candle","Necronomicon","Bronze Scales"],"card_choices":[{"not_picked":["Backflip","Acrobatics"],"picked":"Sucker Punch"},{"not_picked":["Dagger Spray","Deflect"],"picked":"Backstab"},{"not_picked":["Acrobatics","Concentrate"],"picked":"Cloak And Dagger"},{"not_picked":["Flechettes","Catalyst"],"picked":"Envenom"},{"not_picked":["PiercingWail","Backflip"],"picked":"Blade Dance"},{"not_picked":["Expertise","Prepared"],"picked":"Deflect"},{"not_picked":["Terror","Flying Knee"],"picked":"Deadly Poison"},{"not_picked":["Predator","Reflex"],"picked":"Venomology"},{"not_picked":["After Image","Phantasmal Killer"],"picked":"Venomology"},{"not_picked":["Flying Knee","Reflex"],"picked":"All Out Attack"},{"not_picked":["Concentrate","Acrobatics"],"picked":"Deflect"},{"not_picked":["Predator","Dodge and Roll"],"picked":"Infinite Blades"},{"not_picked":["Choke","Accuracy"],"picked":"Cloak And Dagger"},{"not_picked":["Calculated Gamble","Skewer"],"picked":"Dagger Spray"},{"not_picked":["Sucker Punch","Outmaneuver"],"picked":"Backstab"},{"not_picked":["Concentrate","Terror"],"picked":"Bouncing Flask"},{"not_picked":["Deadly Poison","Outmaneuver"],"picked":"Noxious Fumes"}],"player_experience":160913,"potions_floor_usage":[10,12,12,13,18,20,22,22,23,25,28,28,30,30,33,33],"damage_taken":[{"damage":5,"enemies":"Cultist","floor":1,"turns":5},{"damage":1,"enemies":"Jaw Worm","floor":3,"turns":3},{"damage":0,"enemies":"Small Slimes","floor":5,"turns":3},{"damage":22,"enemies":"Gremlin Nob","floor":6,"turns":5},{"damage":1,"enemies":"Red Slaver","floor":8,"turns":3},{"damage":0,"enemies":"Large Slime","floor":10,"turns":3},{"damage":0,"enemies":"The Mushroom Lair","floor":12,"turns":2},{"damage":15,"enemies":"Lagavulin","floor":13,"turns":4},{"damage":1,"enemies":"Hexaghost","floor":16,"turns":9},{"damage":0,"enemies":"Chosen","floor":18,"turns":3},{"damage":1,"enemies":"Spheric Guardian","floor":20,"turns":3},{"damage":8,"enemies":"Snecko","floor":22,"turns":3},{"damage":11,"enemies":"Slavers","floor":23,"turns":7},{"damage":21,"enemies":"Gremlin Leader","floor":25,"turns":6},{"damage":25,"enemies":"Slavers","floor":28,"turns":4},{"damage":2,"enemies":"Cultist and Chosen","floor":30,"turns":5},{"damage":9,"enemies":"Sentry and Sphere","floor":31,"turns":4},{"damage":61,"enemies":"Automaton","floor":33,"turns":6}],"event_choices":[{"event_name":"The Cleric","player_choice":"Card Removal","floor":4,"damage_taken":0},{"event_name":"Mushrooms","player_choice":"Fought Mushrooms","floor":12,"damage_taken":0},{"event_name":"Shining Light","player_choice":"Entered Light","floor":14,"damage_taken":0},{"event_name":"Vampires","player_choice":"Became a vampire (Vial)","floor":21,"damage_taken":0},{"event_name":"Cursed Tome","player_choice":"Obtained Book","floor":27,"damage_taken":0}],"boss_relics":[{"not_picked":["Lizard Tail","Philosopher\u0027s Stone"],"picked":"Cursed Key"}],"potions_floor_spawned":[5,6,8,10,16,20,23,28,30],"seed_played":"796380641087772239","killed_by":"Automaton","ascension_level":4,"is_trial":false}