{"gold_per_floor":[112,74,86,86,12,12,12,51,51,101,16,52,52,85,85,178,178,202,94,109,86,109,147,162,162],"floor_reached":25,"playtime":554,"items_purged":[],"score":470,"play_id":"4484b5cb-224d-4c38-992d-a0097f9359a3","local_time":"20181020140142","is_ascension_mode":true,"campfire_choices":[{"data":"Infernal Blade","floor":7,"key":"SMITH"},{"data":"Rampage","floor":15,"key":"SMITH"}],"neow_cost":"NONE","seed_source_timestamp":849851265084325,"circlet_count":0,"master_deck":["Strike_R","Strike_R","Strike_R","Strike_R","Strike_R","Defend_R","Defend_R","Defend_R","Defend_R","Bash","AscendersBane","Flex+1","Intimidate","Pommel Strike+1","Infernal Blade+1","Clash","Clash","Rampage+1","Perfected Strike","Flex","Impervious","Rampage","Flex","Flash of Steel","Flex","Warcry","Infernal Blade+1","Cleave+1","Flex+1"],"relics":["Burning Blood","NeowsBlessing","Golden Idol","Blue Candle","Ornamental Fan","Happy Flower","Bag of Preparation","Pen Nib","Runic Pyramid","Dodecahedron"],"potions_floor_usage":[23],"damage_taken":[{"damage":0,"enemies":"2 Louse","floor":1,"turns":1},{"damage":0,"enemies":"Jaw Worm","floor":3,"turns":1},{"damage":0,"enemies":"3 Sentries","floor":8,"turns":1},{"damage":21,"enemies":"Lagavulin","floor":12,"turns":5},{"damage":8,"enemies":"3 Sentries","floor":14,"turns":4},{"damage":54,"enemies":"The Guardian","floor":16,"turns":7},{"damage":0,"enemies":"Spheric Guardian","floor":18,"turns":2},{"damage":6,"enemies":"Shell Parasite","floor":20,"turns":2},{"damage":8,"enemies":"3 Cultists","floor":22,"turns":4},{"damage":32,"enemies":"Slavers","floor":23,"turns":5},{"damage":34,"enemies":"Centurion and Healer","floor":24,"turns":5},{"damage":7,"enemies":"Shelled Parasite and Fungi","floor":25,"turns":2}],"seed_played":"-4530290854614344899","potions_obtained":[{"floor":14,"key":"Dexterity Potion"},{"floor":16,"key":"Strength Potion"},{"floor":23,"key":"LiquidBronze"}],"is_trial":false,"path_per_floor":["M","$","M","?","$","?","R","E","T","T","$","E","?","E","R","B",null,"M","$","M","$","M","E","M"],"character_chosen":"IRONCLAD","items_purchased":["Intimidate","Infernal Blade","Clash","Rampage","Flex","Flash of Steel","Warcry"],"campfire_rested":0,"item_purchase_floors":[2,5,11,11,19,19,21],"current_hp_per_floor":[74,74,75,60,60,60,60,66,66,66,66,51,69,67,67,19,57,63,63,63,63,61,35,7,0],"gold":162,"neow_bonus":"THREE_ENEMY_KILL","is_prod":false,"is_daily":false,"chose_seed":false,"campfire_upgraded":2,"win_rate":0,"timestamp":1540069302,"path_taken":["M","$","M","?","$","?","R","E","T","?","?","E","?","E","R","BOSS","M","$","M","$","M","E","M","M"],"build_version":"2018-10-18","purchased_purges":0,"victory":false,"max_hp_per_floor":[75,75,75,75,75,69,69,69,69,69,69,69,69,69,69,69,69,69,69,69,69,69,69,69,69],"card_choices":[{"not_picked":["Intimidate","Pommel Strike"],"picked":"Flex","floor":1},{"not_picked":["Clash","Rupture"],"picked":"Pommel Strike","floor":3},{"not_picked":["Intimidate","Fire Breathing"],"picked":"Clash","floor":8},{"not_picked":["True Grit","Pummel"],"picked":"Perfected Strike","floor":12},{"not_picked":["Reckless Charge","Pommel Strike"],"picked":"Flex","floor":14},{"not_picked":["Berserk","Barricade"],"picked":"Impervious","floor":16},{"not_picked":["Shockwave","Pommel Strike"],"picked":"Rampage","floor":18},{"not_picked":["Dual Wield+1","Shrug It Off+1"],"picked":"Flex","floor":20},{"not_picked":["Perfected Strike","Rampage"],"picked":"Infernal Blade+1","floor":22},{"not_picked":["Thunderclap+1","Armaments"],"picked":"Cleave+1","floor":23},{"not_picked":["Anger","Heavy Blade"],"picked":"Flex+1","floor":24}],"player_experience":571634,"relics_obtained":[{"floor":8,"key":"Blue Candle"},{"floor":9,"key":"Ornamental Fan"},{"floor":10,"key":"Happy Flower"},{"floor":12,"key":"Bag of Preparation"},{"floor":14,"key":"Pen Nib"},{"floor":23,"key":"Dodecahedron"}],"event_choices":[{"damage_healed":0,"gold_gain":0,"player_choice":"Entered Light","damage_taken":15,"max_hp_gain":0,"max_hp_loss":0,"event_name":"Shining Light","floor":4,"gold_loss":0,"cards_upgraded":["Flex","Pommel Strike"]},{"damage_healed":0,"gold_gain":0,"player_choice":"Lose Max HP","damage_taken":0,"relics_obtained":["Golden Idol"],"max_hp_gain":0,"max_hp_loss":6,"event_name":"Golden Idol","floor":6,"gold_loss":0},{"damage_healed":23,"gold_gain":0,"player_choice":"Banana","damage_taken":0,"max_hp_gain":0,"max_hp_loss":0,"event_name":"Big Fish","floor":13,"gold_loss":0}],"is_beta":false,"boss_relics":[{"not_picked":["Snecko Eye","Runic Dome"],"picked":"Runic Pyramid"}],"items_purged_floors":[],"is_endless":false,"potions_floor_spawned":[14,16,23],"killed_by":"Shelled Parasite and Fungi","ascension_level":14}