{"gold_per_floor":[117,392,404,421,2,30,49,10,33,6,6,26,46,71,71,146,146,159,129,148,17,27,27,43,43],"floor_reached":25,"playtime":2253,"items_purged":["Regret","Strike_B"],"score":409,"play_id":"8d5d472d-f970-43c9-a4d8-08fef3d04305","local_time":"20190413164056","is_ascension_mode":true,"campfire_choices":[{"floor":11,"key":"REST"},{"floor":15,"key":"REST"},{"floor":23,"key":"REST"}],"neow_cost":"NONE","seed_source_timestamp":112185098100594,"circlet_count":0,"master_deck":["AscendersBane","Strike_B","Strike_B","Strike_B","Defend_B","Defend_B","Defend_B","Defend_B","Zap","Dualcast","Ball Lightning","Doom and Gloom","Meteor Strike","Coolheaded","Leap","Cold Snap","Self Repair","Self Repair","Coolheaded","Go for the Eyes","Multi-Cast","Echo Form","BootSequence+1","Conserve Battery","Recycle","Defragment","Conserve Battery+1","Turbo+1"],"relics":["Fusion Hammer","Membership Card","Regal Pillow","Smiling Mask","Art of War","Omamori","Nuclear Battery"],"potions_floor_usage":[6,7,12,14,20,20,24],"damage_taken":[{"damage":4,"enemies":"Small Slimes","floor":1,"turns":3},{"damage":3,"enemies":"Cultist","floor":3,"turns":4},{"damage":4,"enemies":"Jaw Worm","floor":4,"turns":3},{"damage":29,"enemies":"3 Sentries","floor":6,"turns":6},{"damage":7,"enemies":"Lots of Slimes","floor":7,"turns":4},{"damage":4,"enemies":"Large Slime","floor":12,"turns":5},{"damage":5,"enemies":"Red Slaver","floor":13,"turns":5},{"damage":16,"enemies":"Gremlin Nob","floor":14,"turns":4},{"damage":27,"enemies":"The Guardian","floor":16,"turns":14},{"damage":20,"enemies":"Spheric Guardian","floor":18,"turns":4},{"damage":25,"enemies":"3 Byrds","floor":20,"turns":5},{"damage":26,"enemies":"Centurion and Healer","floor":22,"turns":11},{"damage":22,"enemies":"Snecko","floor":24,"turns":9},{"damage":84,"enemies":"Gremlin Leader","floor":25,"turns":8}],"seed_played":"389041687849794084","potions_obtained":[{"floor":4,"key":"SkillPotion"},{"floor":6,"key":"Block Potion"},{"floor":7,"key":"GamblersBrew"},{"floor":19,"key":"PowerPotion"},{"floor":19,"key":"AttackPotion"},{"floor":20,"key":"SteroidPotion"},{"floor":22,"key":"Ancient Potion"}],"is_trial":false,"path_per_floor":["M","?","M","M","$","E","M","$","T","$","R","M","M","E","R","B",null,"M","?","M","$","M","R","M","E"],"character_chosen":"DEFECT","items_purchased":["Membership Card","Regal Pillow","Coolheaded","Leap","Self Repair","AttackPotion","Recycle","Defragment"],"campfire_rested":3,"item_purchase_floors":[5,5,5,5,8,10,21,21],"current_hp_per_floor":[60,60,57,53,53,24,17,17,17,17,53,63,65,63,71,58,68,62,62,51,51,46,71,70,0],"gold":43,"neow_bonus":"BOSS_RELIC","is_prod":false,"is_daily":false,"chose_seed":false,"campfire_upgraded":0,"win_rate":0,"timestamp":1555170056,"path_taken":["M","?","M","M","$","E","M","?","T","?","R","M","?","E","R","BOSS","M","?","M","$","M","R","M","E"],"build_version":"2019-01-23","purchased_purges":2,"victory":false,"max_hp_per_floor":[71,71,71,71,71,71,71,71,71,71,71,71,71,71,71,71,71,71,71,71,71,71,71,71,71],"card_choices":[{"not_picked":["Sweeping Beam","Turbo"],"picked":"Ball Lightning","floor":1},{"not_picked":["Hello World","Gash"],"picked":"Doom and Gloom","floor":3},{"not_picked":["Hologram","Reprogram"],"picked":"Meteor Strike","floor":4},{"not_picked":["Ball Lightning","Rip and Tear"],"picked":"Cold Snap","floor":6},{"not_picked":["Ball Lightning","Redo"],"picked":"Self Repair","floor":7},{"not_picked":["Leap","Hello World"],"picked":"Coolheaded","floor":12},{"not_picked":["Barrage","Ball Lightning"],"picked":"Go for the Eyes","floor":13},{"not_picked":["Sweeping Beam","Aggregate"],"picked":"Multi-Cast","floor":14},{"not_picked":["All For One","Machine Learning"],"picked":"Echo Form","floor":16},{"not_picked":["Blizzard","Stack+1"],"picked":"BootSequence+1","floor":18},{"not_picked":["Go for the Eyes","Gash"],"picked":"Conserve Battery","floor":20},{"not_picked":["Recycle","Hologram+1"],"picked":"Conserve Battery+1","floor":22},{"not_picked":["Steam Power","Conserve Battery"],"picked":"Turbo+1","floor":24}],"player_experience":1065472,"relics_obtained":[{"floor":6,"key":"Smiling Mask"},{"floor":9,"key":"Art of War"},{"floor":14,"key":"Omamori"}],"event_choices":[{"damage_healed":0,"gold_gain":275,"player_choice":"Desecrate","damage_taken":0,"max_hp_gain":0,"max_hp_loss":0,"event_name":"Golden Shrine","floor":2,"gold_loss":0,"cards_obtained":["Regret"]},{"damage_healed":0,"gold_gain":0,"player_choice":"Bought 2 Potions","damage_taken":0,"max_hp_gain":0,"max_hp_loss":0,"event_name":"The Woman in Blue","floor":19,"gold_loss":0}],"is_beta":false,"boss_relics":[{"not_picked":["Pandora\u0027s Box","Busted Crown"],"picked":"Nuclear Battery"}],"items_purged_floors":[5,21],"is_endless":false,"potions_floor_spawned":[4,6,7,20,22],"killed_by":"Gremlin Leader","ascension_level":18}