{"gold_per_floor":[117,133,58,16,16,46,46,77,103,103,173,173,18,34,34,34],"floor_reached":16,"playtime":489,"items_purged":["Defend_G"],"score":225,"play_id":"2e12b924-2dc6-4058-8dc9-f07e3dbca6f8","local_time":"20190202112216","is_ascension_mode":true,"campfire_choices":[{"floor":7,"key":"REST"},{"floor":12,"key":"REST"},{"floor":15,"key":"REST"}],"neow_cost":"CURSE","seed_source_timestamp":157350375911269,"circlet_count":0,"master_deck":["AscendersBane","Defend_G","Defend_G","Defend_G","Defend_G","Strike_G","Strike_G","Strike_G","Strike_G","Strike_G","Survivor","Neutralize","Choke","Cloak And Dagger","Backstab","Die Die Die","Blade Dance","Deadly Poison","Well Laid Plans","Blur","All Out Attack"],"relics":["Ring of the Snake","Mango","Pen Nib","Strawberry","Dream Catcher","SsserpentHead"],"potions_floor_usage":[8,16],"damage_taken":[{"damage":4,"enemies":"2 Louse","floor":1,"turns":4},{"damage":12,"enemies":"Small Slimes","floor":2,"turns":5},{"damage":41,"enemies":"3 Sentries","floor":6,"turns":12},{"damage":25,"enemies":"Lagavulin","floor":8,"turns":6},{"damage":0,"enemies":"Cultist","floor":11,"turns":2},{"damage":0,"enemies":"2 Fungi Beasts","floor":14,"turns":2},{"damage":88,"enemies":"Slime Boss","floor":16,"turns":10}],"seed_played":"-3169507188100389698","potions_obtained":[{"floor":6,"key":"AttackPotion"},{"floor":8,"key":"SteroidPotion"},{"floor":11,"key":"Strength Potion"}],"is_trial":false,"path_per_floor":["M","M","?","$","?","E","R","E","T","?","M","R","$","M","R","B"],"character_chosen":"THE_SILENT","items_purchased":["Backstab","Well Laid Plans"],"campfire_rested":3,"item_purchase_floors":[4,13],"current_hp_per_floor":[69,57,57,57,62,21,46,28,28,28,28,55,55,55,82,0],"gold":34,"neow_bonus":"ONE_RARE_RELIC","is_prod":false,"is_daily":false,"chose_seed":false,"campfire_upgraded":0,"win_rate":0,"timestamp":1549135336,"path_taken":["M","M","?","$","?","E","R","E","T","?","?","R","$","M","R","BOSS"],"build_version":"2019-01-23","purchased_purges":1,"victory":false,"max_hp_per_floor":[80,80,80,80,85,85,85,92,92,92,92,92,92,92,92,92],"card_choices":[{"not_picked":["Deflect","Escape Plan"],"picked":"Choke","floor":1},{"not_picked":["Dagger Spray","Underhanded Strike"],"picked":"Cloak And Dagger","floor":2},{"not_picked":["Flying Knee","Concentrate"],"picked":"Die Die Die","floor":6},{"not_picked":["Poisoned Stab","Underhanded Strike"],"picked":"Blade Dance","floor":8},{"not_picked":["Dash","Leg Sweep"],"picked":"Deadly Poison","floor":11},{"not_picked":["Dash","Dagger Spray"],"picked":"Blur","floor":14},{"not_picked":["Masterful Stab","Sucker Punch"],"picked":"All Out Attack","floor":15}],"player_experience":1094399,"relics_obtained":[{"floor":6,"key":"Pen Nib"},{"floor":8,"key":"Strawberry"},{"floor":9,"key":"Dream Catcher"}],"event_choices":[{"cards_removed":["Pain"],"damage_healed":0,"gold_gain":0,"player_choice":"Card Removal","damage_taken":0,"max_hp_gain":0,"max_hp_loss":0,"event_name":"The Cleric","floor":3,"gold_loss":75},{"damage_healed":0,"gold_gain":0,"player_choice":"Donut","damage_taken":0,"max_hp_gain":5,"max_hp_loss":0,"event_name":"Big Fish","floor":5,"gold_loss":0},{"damage_healed":0,"gold_gain":0,"player_choice":"Trade","damage_taken":0,"relics_obtained":["SsserpentHead"],"max_hp_gain":0,"max_hp_loss":0,"event_name":"FaceTrader","floor":10,"gold_loss":0}],"is_beta":false,"boss_relics":[],"items_purged_floors":[13],"is_endless":false,"potions_floor_spawned":[6,8,11],"killed_by":"Slime Boss","ascension_level":17}