{"gold_per_floor":[121,283,312,324,151,151,226,226,226,226,244,262,93,127,127,127],"floor_reached":16,"playtime":293,"items_purged":["Doubt","Strike_R"],"score":172,"play_id":"4978ddd9-cc49-409c-83f6-314ccb8f1eff","local_time":"20181024182427","is_ascension_mode":true,"campfire_choices":[{"data":"Searing Blow","floor":6,"key":"SMITH"},{"data":"Searing Blow+1","floor":8,"key":"SMITH"},{"floor":15,"key":"REST"}],"neow_cost":"NONE","seed_source_timestamp":1211485006243335,"circlet_count":0,"master_deck":["Strike_R","Strike_R","Strike_R","Strike_R","Defend_R","Defend_R","Defend_R","Bash","AscendersBane","Searing Blow+2","Iron Wave","Inflame","Battle Trance","Headbutt","Twin Strike","Rampage","Immolate"],"relics":["Burning Blood","MawBank","Oddly Smooth Stone","Happy Flower","Omamori"],"potions_floor_usage":[16],"damage_taken":[{"damage":16,"enemies":"Jaw Worm","floor":1,"turns":4},{"damage":14,"enemies":"Small Slimes","floor":3,"turns":4},{"damage":0,"enemies":"2 Louse","floor":11,"turns":2},{"damage":5,"enemies":"Looter","floor":12,"turns":2},{"damage":16,"enemies":"Gremlin Nob","floor":14,"turns":3},{"damage":60,"enemies":"The Guardian","floor":16,"turns":8}],"seed_played":"-207301652531716510","potions_obtained":[{"floor":1,"key":"BloodPotion"}],"is_trial":false,"path_per_floor":["M","?","M","?","$","R","?","R","T","?","M","M","$","E","R"],"character_chosen":"IRONCLAD","items_purchased":["Inflame","Battle Trance","Rampage"],"campfire_rested":1,"item_purchase_floors":[5,5,13],"current_hp_per_floor":[58,58,50,45,45,45,34,34,34,34,40,41,41,31,53,0],"gold":127,"neow_bonus":"RANDOM_COMMON_RELIC","is_prod":false,"is_daily":false,"chose_seed":false,"campfire_upgraded":2,"win_rate":0,"timestamp":1540430667,"path_taken":["M","?","M","?","$","R","?","R","T","?","M","M","$","E","R","BOSS"],"build_version":"2018-10-18","purchased_purges":2,"victory":false,"max_hp_per_floor":[75,75,75,75,75,75,75,75,75,75,75,75,75,75,75,75],"card_choices":[{"not_picked":["Burning Pact","Havoc"],"picked":"Searing Blow","floor":1},{"not_picked":["Pommel Strike","Rupture"],"picked":"Iron Wave","floor":3},{"not_picked":["Hemokinesis","Rage"],"picked":"Headbutt","floor":11},{"not_picked":["Clothesline","Thunderclap"],"picked":"Twin Strike","floor":12},{"not_picked":["Uppercut","Battle Trance"],"picked":"Immolate","floor":14}],"player_experience":639807,"relics_obtained":[{"floor":9,"key":"Happy Flower"},{"floor":14,"key":"Omamori"}],"event_choices":[{"damage_healed":0,"gold_gain":150,"player_choice":"AGREE","damage_taken":0,"max_hp_gain":0,"max_hp_loss":0,"event_name":"Liars Game","floor":2,"gold_loss":0,"cards_obtained":["Doubt"]},{"damage_healed":0,"gold_gain":0,"player_choice":"Success","damage_taken":5,"relics_obtained":["Oddly Smooth Stone"],"max_hp_gain":0,"max_hp_loss":0,"event_name":"Scrap Ooze","floor":4,"gold_loss":0},{"damage_healed":0,"gold_gain":75,"player_choice":"Gather Gold","damage_taken":11,"max_hp_gain":0,"max_hp_loss":0,"event_name":"World of Goop","floor":7,"gold_loss":0},{"cards_removed":["Defend_R"],"damage_healed":0,"gold_gain":0,"player_choice":"Purged","damage_taken":0,"max_hp_gain":0,"max_hp_loss":0,"event_name":"Purifier","floor":10,"gold_loss":0}],"is_beta":false,"boss_relics":[],"items_purged_floors":[5,13],"is_endless":false,"potions_floor_spawned":[1],"killed_by":"The Guardian","ascension_level":15}