{"gold_per_floor":[115,10,24,24,74,74,85,85,85,85,119,44,54,135,135,209,209,187,102,102,102],"floor_reached":21,"playtime":1473,"items_purged":["Strike_G"],"score":324,"play_id":"3ccc6dfc-8b57-41e9-808b-2543ebefb176","local_time":"20190115183121","is_ascension_mode":true,"campfire_choices":[{"data":"Riddle With Holes","floor":6.0,"key":"SMITH"},{"data":"Deadly Poison","floor":8.0,"key":"SMITH"},{"floor":10.0,"key":"REST"},{"floor":15.0,"key":"REST"}],"neow_cost":"NONE","seed_source_timestamp":571435267704795,"circlet_count":0,"master_deck":["AscendersBane","Defend_G","Defend_G","Defend_G+1","Defend_G+1","Defend_G","Strike_G","Strike_G","Strike_G","Strike_G","Survivor","Neutralize","Quick Slash","Deadly Poison+1","Riddle With Holes+1","Dodge and Roll","Noxious Fumes","Escape Plan","Wraith Form v2","Terror"],"special_seed":0,"relics":["Ring of the Snake","Pen Nib","Dodecahedron","Shuriken","Sundial","White Beast Statue","Gremlin Horn"],"potions_floor_usage":[],"damage_taken":[{"damage":7.0,"enemies":"Small Slimes","floor":1.0,"turns":4.0},{"damage":0.0,"enemies":"2 Louse","floor":3.0,"turns":2.0},{"damage":0.0,"enemies":"Cultist","floor":7.0,"turns":3.0},{"damage":40.0,"enemies":"Gremlin Nob","floor":11.0,"turns":5.0},{"damage":5.0,"enemies":"Exordium Wildlife","floor":13.0,"turns":4.0},{"damage":9.0,"enemies":"The Guardian","floor":16.0,"turns":9.0},{"damage":17,"enemies":"2 Thieves","floor":18,"turns":4},{"damage":36,"enemies":"Colosseum Slavers","floor":20,"turns":6},{"damage":0,"enemies":"Spheric Guardian","floor":21,"turns":3}],"seed_played":"7525228992819989906","potions_obtained":[{"floor":1.0,"key":"Explosive Potion"},{"floor":7.0,"key":"LiquidBronze"},{"floor":13.0,"key":"Explosive Potion"},{"floor":18,"key":"FearPotion"}],"is_trial":false,"path_per_floor":["M","$","M","?","?","R","M","R","T","R","E","$","M","T","R","B",null,"M","?","?","M"],"character_chosen":"THE_SILENT","items_purchased":["Deadly Poison","PowerPotion"],"campfire_rested":2,"item_purchase_floors":[2,2],"current_hp_per_floor":[52,52,52,32,32,32,32,32,32,51,11,11,6,6,25,16,54,37,37,1,1],"gold":102,"neow_bonus":"RANDOM_COMMON_RELIC","is_prod":false,"is_daily":false,"chose_seed":false,"campfire_upgraded":2,"win_rate":0,"timestamp":1547605881,"path_taken":["M","$","M","?","?","R","M","R","T","R","E","$","?","?","R","BOSS","M","?","?","M"],"build_version":"2019-01-10","purchased_purges":1,"victory":false,"max_hp_per_floor":[66,66,66,66,66,66,66,66,66,66,66,66,66,66,66,66,66,66,66,66,66],"card_choices":[{"not_picked":["Flechettes","Acrobatics"],"picked":"Quick Slash","floor":1.0},{"not_picked":["Eviscerate","Finisher"],"picked":"Riddle With Holes","floor":3.0},{"not_picked":["Expertise","Endless Agony"],"picked":"Dodge and Roll","floor":7.0},{"not_picked":["Doppelganger","Underhanded Strike"],"picked":"Noxious Fumes","floor":11.0},{"not_picked":["Dodge and Roll","Calculated Gamble"],"picked":"Escape Plan","floor":13.0},{"not_picked":["Tools of the Trade","Doppelganger"],"picked":"Wraith Form v2","floor":16.0},{"not_picked":["Dodge and Roll","Flying Knee"],"picked":"Terror","floor":18}],"player_experience":1074443,"relics_obtained":[{"floor":9.0,"key":"Dodecahedron"},{"floor":11.0,"key":"Shuriken"},{"floor":14.0,"key":"Sundial"}],"event_choices":[{"damage_healed":0.0,"max_hp_gain":0.0,"max_hp_loss":0.0,"gold_gain":0.0,"event_name":"Shining Light","player_choice":"Entered Light","floor":4.0,"gold_loss":0.0,"damage_taken":20.0,"cards_upgraded":["Defend_G","Defend_G"]},{"damage_healed":0.0,"max_hp_gain":0.0,"max_hp_loss":0.0,"gold_gain":50.0,"event_name":"Golden Shrine","player_choice":"Pray","floor":5.0,"gold_loss":0.0,"damage_taken":0.0},{"damage_healed":0,"gold_gain":0,"player_choice":"Obtained Relic","damage_taken":0,"relics_obtained":["Gremlin Horn"],"max_hp_gain":0,"max_hp_loss":0,"event_name":"Addict","floor":19,"gold_loss":85},{"damage_healed":0,"gold_gain":0,"player_choice":"Fight","damage_taken":0,"max_hp_gain":0,"max_hp_loss":0,"event_name":"Colosseum","floor":20,"gold_loss":0},{"damage_healed":0,"gold_gain":0,"player_choice":"Fled From Nobs","damage_taken":0,"max_hp_gain":0,"max_hp_loss":0,"event_name":"Colosseum","floor":20,"gold_loss":0}],"is_beta":false,"boss_relics":[{"not_picked":["WristBlade","Calling Bell"],"picked":"White Beast Statue"}],"items_purged_floors":[12],"is_endless":false,"potions_floor_spawned":[1,7,13,18,20],"killed_by":"Spheric Guardian","ascension_level":17}