{"gold_per_floor":[113,113,113,132,8,342,312,312,312,338,48,82,82,97,97,97],"floor_reached":16,"playtime":324,"items_purged":["Defend_R"],"score":325,"play_id":"dadb5305-6d2d-435d-8e79-28bc9171569c","local_time":"20181023122500","is_ascension_mode":true,"campfire_choices":[{"floor":8,"key":"REST"},{"data":"1","floor":13,"key":"LIFT"},{"data":"2","floor":15,"key":"LIFT"}],"neow_cost":"NONE","seed_source_timestamp":1103481390938480,"circlet_count":0,"master_deck":["Strike_R","Strike_R+1","Strike_R","Strike_R","Strike_R","Defend_R","Defend_R","Defend_R","Bash","AscendersBane","Double Tap+1","Shrug It Off","Inflame","Sword Boomerang","Inflame","Cleave","Trip","Sword Boomerang","Dropkick"],"relics":["Burning Blood","Vajra","Old Coin","Bottled Tornado","Girya","PreservedInsect","Dodecahedron"],"potions_floor_usage":[6,10,12,16],"damage_taken":[{"damage":12,"enemies":"Jaw Worm","floor":1,"turns":3},{"damage":0,"enemies":"2 Louse","floor":4,"turns":3},{"damage":27,"enemies":"Lagavulin","floor":6,"turns":5},{"damage":19,"enemies":"3 Sentries","floor":10,"turns":7},{"damage":0,"enemies":"Lagavulin","floor":12,"turns":4},{"damage":0,"enemies":"Cultist","floor":14,"turns":2}],"seed_played":"-3923815105289065192","potions_obtained":[{"floor":6,"key":"SpeedPotion"},{"floor":10,"key":"Fruit Juice"},{"floor":14,"key":"Block Potion"}],"is_trial":false,"path_per_floor":["M","?","?","M","$","E","?","R","T","E","$","E","R","M","R"],"character_chosen":"IRONCLAD","items_purchased":["SpeedPotion","PreservedInsect","Cleave","Trip"],"campfire_rested":1,"item_purchase_floors":[5,11,11,11],"current_hp_per_floor":[62,44,29,35,35,14,14,36,36,23,23,34,34,40,40,0],"gold":97,"neow_bonus":"ONE_RANDOM_RARE_CARD","is_prod":false,"is_daily":false,"chose_seed":false,"campfire_upgraded":0,"win_rate":0,"timestamp":1540322700,"path_taken":["M","?","?","M","$","E","?","R","T","E","$","E","R","M","R","BOSS"],"build_version":"2018-10-18","purchased_purges":1,"victory":false,"max_hp_per_floor":[75,75,75,75,75,75,75,75,75,75,75,80,80,80,80,80],"card_choices":[{"not_picked":["Clothesline","Thunderclap"],"picked":"Shrug It Off","floor":1},{"not_picked":["Clash","Flex"],"picked":"Inflame","floor":4},{"not_picked":["Anger","Flex"],"picked":"Sword Boomerang","floor":6},{"not_picked":["Shrug It Off","Heavy Blade"],"picked":"Inflame","floor":10},{"not_picked":["Searing Blow","True Grit"],"picked":"Sword Boomerang","floor":12},{"not_picked":["Juggernaut","Clash"],"picked":"Dropkick","floor":14}],"player_experience":621478,"relics_obtained":[{"floor":6,"key":"Old Coin"},{"floor":9,"key":"Bottled Tornado"},{"floor":10,"key":"Girya"},{"floor":12,"key":"Dodecahedron"}],"event_choices":[{"damage_healed":0,"gold_gain":0,"player_choice":"Success","damage_taken":18,"relics_obtained":["Vajra"],"max_hp_gain":0,"max_hp_loss":0,"event_name":"Scrap Ooze","floor":2,"gold_loss":0},{"damage_healed":0,"gold_gain":0,"player_choice":"Entered Light","damage_taken":15,"max_hp_gain":0,"max_hp_loss":0,"event_name":"Shining Light","floor":3,"gold_loss":0,"cards_upgraded":["Double Tap","Strike_R"]},{"damage_healed":0,"gold_gain":0,"player_choice":"Left Gold","damage_taken":0,"max_hp_gain":0,"max_hp_loss":0,"event_name":"World of Goop","floor":7,"gold_loss":30}],"is_beta":false,"boss_relics":[],"items_purged_floors":[5],"is_endless":false,"potions_floor_spawned":[6,10,14],"killed_by":"The Guardian","ascension_level":14}