{"gold_per_floor":[119,129,139,139,64,90,90,50,73,93,15,15,25,54,54,149,149,160,172,189,129,29,29,29,59,59,59,59,76,89,107,107,212,212,231,245,245,245,261,261,261,261,261,275,275,292,20,50,62,74],"floor_reached":51,"playtime":11530,"items_purged":["Strike_G","Strike_G","Defend_G"],"score":1121,"play_id":"041e2818-7453-475b-96e9-de4c10251ad9","local_time":"20190313140911","is_ascension_mode":true,"campfire_choices":[{"data":"Noxious Fumes","floor":7,"key":"SMITH"},{"data":"Neutralize","floor":12,"key":"SMITH"},{"floor":15,"key":"REST"},{"data":"Malaise","floor":23,"key":"SMITH"},{"floor":27,"key":"REST"},{"floor":32,"key":"REST"},{"data":"Wraith Form v2","floor":40,"key":"SMITH"},{"data":"Tools of the Trade","floor":42,"key":"SMITH"},{"floor":45,"key":"REST"},{"floor":49,"key":"REST"}],"neow_cost":"NONE","seed_source_timestamp":527300554338466,"circlet_count":0,"master_deck":["AscendersBane","Defend_G","Defend_G","Defend_G","Defend_G","Strike_G","Survivor","Neutralize+1","Escape Plan","Noxious Fumes+1","Dagger Spray","Quick Slash","Terror","Well Laid Plans","Flying Knee","Malaise+1","Tools of the Trade+1","Crippling Poison","Blade Dance+1","Venomology","Skewer","PiercingWail","Backflip","Backflip","Wraith Form v2+1","Footwork+1","Madness","Madness","Blade Dance+1","Backflip+1","Riddle With Holes+1","Escape Plan+1"],"relics":["Ring of the Serpent","Anchor","Centennial Puzzle","Orichalcum","Philosopher\u0027s Stone","Shuriken","Pantograph","CultistMask","Pear","Potion Belt","MawBank"],"potions_floor_usage":[6,6,14,25,30,30,31,31,33,36,39,44,46,46,48,50,50],"damage_taken":[{"damage":0,"enemies":"2 Louse","floor":1,"turns":4},{"damage":0,"enemies":"Cultist","floor":2,"turns":4},{"damage":14,"enemies":"Jaw Worm","floor":3,"turns":6},{"damage":34,"enemies":"Gremlin Nob","floor":6,"turns":6},{"damage":8,"enemies":"Exordium Thugs","floor":10,"turns":4},{"damage":2,"enemies":"2 Fungi Beasts","floor":13,"turns":3},{"damage":17,"enemies":"Lagavulin","floor":14,"turns":7},{"damage":0,"enemies":"Hexaghost","floor":16,"turns":10},{"damage":25,"enemies":"Spheric Guardian","floor":18,"turns":8},{"damage":0,"enemies":"3 Byrds","floor":19,"turns":5},{"damage":15,"enemies":"Cultist and Chosen","floor":20,"turns":6},{"damage":22,"enemies":"Gremlin Leader","floor":25,"turns":7},{"damage":1,"enemies":"Shelled Parasite and Fungi","floor":29,"turns":4},{"damage":8,"enemies":"Centurion and Healer","floor":30,"turns":6},{"damage":4,"enemies":"Snake Plant","floor":31,"turns":5},{"damage":23,"enemies":"Automaton","floor":33,"turns":10},{"damage":11,"enemies":"3 Shapes","floor":35,"turns":5},{"damage":26,"enemies":"3 Darklings","floor":36,"turns":7},{"damage":3,"enemies":"4 Shapes","floor":39,"turns":6},{"damage":29,"enemies":"Spire Growth","floor":44,"turns":8},{"damage":6,"enemies":"3 Darklings","floor":46,"turns":6},{"damage":3,"enemies":"Giant Head","floor":48,"turns":8},{"damage":37,"enemies":"Time Eater","floor":50,"turns":12}],"seed_played":"3097453488482217493","potions_obtained":[{"floor":2,"key":"Block Potion"},{"floor":3,"key":"FearPotion"},{"floor":6,"key":"Fire Potion"},{"floor":10,"key":"Energy Potion"},{"floor":14,"key":"SpeedPotion"},{"floor":25,"key":"Strength Potion"},{"floor":30,"key":"FearPotion"},{"floor":36,"key":"PowerPotion"},{"floor":46,"key":"Strength Potion"}],"is_trial":false,"path_per_floor":["M","M","M","?","$","E","R","$","T","M","$","R","M","E","R","B",null,"M","M","M","?","$","R","$","E","T","R","?","M","M","M","R","B",null,"M","M","?","?","M","R","?","R","T","M","R","M","$","E","R","B",null],"character_chosen":"THE_SILENT","items_purchased":["Terror","Well Laid Plans","Potion Belt"],"campfire_rested":5,"item_purchase_floors":[8,11,47],"current_hp_per_floor":[63,63,49,80,80,46,46,46,46,38,38,38,36,19,43,43,71,46,46,31,31,31,31,31,9,9,33,33,32,24,20,44,46,72,61,50,40,40,37,37,37,37,47,18,45,54,54,51,78,53],"gold":86,"neow_bonus":"ONE_RANDOM_RARE_CARD","is_prod":false,"is_daily":false,"chose_seed":false,"campfire_upgraded":5,"win_rate":0,"timestamp":1552486151,"path_taken":["M","M","M","?","$","E","R","$","T","M","?","R","M","E","R","BOSS","M","?","M","?","$","R","?","E","T","R","?","M","?","M","R","BOSS","M","M","?","?","M","R","?","R","T","M","R","M","$","E","R","BOSS"],"build_version":"2019-01-23","purchased_purges":3,"victory":true,"max_hp_per_floor":[70,70,70,80,80,80,80,80,80,80,80,80,80,80,80,80,80,80,80,80,80,80,80,80,80,80,80,80,80,80,80,80,80,80,80,80,80,80,80,80,80,80,90,90,90,90,90,90,90,90],"card_choices":[{"not_picked":["Bane","Calculated Gamble"],"picked":"Escape Plan","floor":1},{"not_picked":["Deflect","Tactician"],"picked":"Noxious Fumes","floor":2},{"not_picked":["Quick Slash","Acrobatics"],"picked":"Dagger Spray","floor":3},{"not_picked":["Underhanded Strike","Deadly Poison"],"picked":"Quick Slash","floor":6},{"not_picked":["Reflex","Calculated Gamble","Deflect"],"picked":"SKIP","floor":10},{"not_picked":["Backstab","Setup"],"picked":"Flying Knee","floor":13},{"not_picked":["Blur","Cloak And Dagger"],"picked":"Malaise","floor":14},{"not_picked":["Grand Finale","Malaise"],"picked":"Tools of the Trade","floor":16},{"not_picked":["Slice","Riddle With Holes"],"picked":"Crippling Poison","floor":18},{"not_picked":["Setup","Terror"],"picked":"Heel Hook","floor":19},{"not_picked":["Riddle With Holes","Finisher"],"picked":"Blade Dance+1","floor":20},{"not_picked":["Sucker Punch","Deadly Poison+1"],"picked":"PiercingWail","floor":25},{"not_picked":["Deadly Poison","Flying Knee"],"picked":"Backflip","floor":29},{"not_picked":["Poisoned Stab","Sucker Punch"],"picked":"Backflip","floor":30},{"not_picked":["Well Laid Plans","Deadly Poison","Blade Dance"],"picked":"SKIP","floor":31},{"not_picked":["Night Terror","Doppelganger"],"picked":"Wraith Form v2","floor":33},{"not_picked":["Backflip+1","Deadly Poison+1"],"picked":"Footwork+1","floor":35},{"not_picked":["Masterful Stab","Escape Plan","Heel Hook+1"],"picked":"SKIP","floor":36},{"not_picked":["Slice","Predator"],"picked":"Blade Dance+1","floor":39},{"not_picked":["Finisher+1","Dagger Spray"],"picked":"Backflip+1","floor":44},{"not_picked":["Quick Slash+1","Finisher"],"picked":"Riddle With Holes+1","floor":46},{"not_picked":["Poisoned Stab","Prepared"],"picked":"Escape Plan+1","floor":48}],"player_experience":577702,"relics_obtained":[{"floor":6,"key":"Anchor"},{"floor":9,"key":"Centennial Puzzle"},{"floor":14,"key":"Orichalcum"},{"floor":25,"key":"Shuriken"},{"floor":26,"key":"Pantograph"},{"floor":43,"key":"Pear"},{"floor":48,"key":"MawBank"}],"event_choices":[{"cards_removed":["Night Terror"],"damage_healed":21,"gold_gain":0,"player_choice":"Offered Rare","damage_taken":0,"max_hp_gain":10,"max_hp_loss":0,"event_name":"Bonfire Elementals","floor":4,"gold_loss":0},{"damage_healed":0,"gold_gain":0,"cards_transformed":["Strike_G","Strike_G"],"player_choice":"Transformed Cards","damage_taken":0,"max_hp_gain":0,"max_hp_loss":0,"event_name":"Designer","floor":21,"gold_loss":60,"cards_obtained":["Venomology","Skewer"]},{"damage_healed":0,"gold_gain":0,"player_choice":"Trade","damage_taken":0,"relics_obtained":["CultistMask"],"max_hp_gain":0,"max_hp_loss":0,"event_name":"FaceTrader","floor":28,"gold_loss":0},{"damage_healed":0,"gold_gain":0,"player_choice":"Embrace Madness","damage_taken":10,"max_hp_gain":0,"max_hp_loss":0,"event_name":"Winding Halls","floor":37,"gold_loss":0,"cards_obtained":["Madness","Madness"]},{"cards_removed":["Heel Hook"],"damage_healed":0,"gold_gain":0,"player_choice":"Removed Attack","damage_taken":0,"max_hp_gain":0,"max_hp_loss":0,"event_name":"Falling","floor":38,"gold_loss":0},{"damage_healed":0,"gold_gain":0,"player_choice":"Ignored","damage_taken":0,"max_hp_gain":0,"max_hp_loss":0,"event_name":"Tomb of Lord Red Mask","floor":41,"gold_loss":0}],"is_beta":false,"boss_relics":[{"not_picked":["Astrolabe","Empty Cage"],"picked":"Philosopher\u0027s Stone"},{"not_picked":["Lizard Tail","Coffee Dripper"],"picked":"Ring of the Serpent"}],"items_purged_floors":[5,22,47],"is_endless":false,"potions_floor_spawned":[2,3,6,10,14,18,25,30,36,46],"ascension_level":11}