{"gold_per_floor":[113,113,126,141,152,152,166,135,135,165,183,183],"floor_reached":12,"playtime":367,"items_purged":[],"score":139,"play_id":"bf712e9d-9c80-4a83-928a-5a6808ff48bd","local_time":"20181020135216","is_ascension_mode":true,"campfire_choices":[{"data":"Clothesline","floor":6,"key":"SMITH"}],"neow_cost":"NONE","seed_source_timestamp":849472512111030,"circlet_count":0,"master_deck":["Strike_R","Strike_R","Strike_R","Strike_R","Strike_R","Defend_R","Defend_R","Defend_R","Defend_R","Bash","AscendersBane","Thunderclap","Armaments","Clothesline+1","Inflame","Rage","Exhume","Pommel Strike"],"relics":["Burning Blood","Lantern","Singing Bowl","Dead Branch"],"potions_floor_usage":[10,10],"damage_taken":[{"damage":2,"enemies":"Jaw Worm","floor":1,"turns":3},{"damage":13,"enemies":"Small Slimes","floor":3,"turns":4},{"damage":6,"enemies":"Cultist","floor":4,"turns":4},{"damage":0,"enemies":"Gremlin Gang","floor":5,"turns":3},{"damage":18,"enemies":"Large Slime","floor":7,"turns":4},{"damage":25,"enemies":"3 Sentries","floor":10,"turns":6},{"damage":23,"enemies":"Exordium Wildlife","floor":11,"turns":4},{"damage":24,"enemies":"Lagavulin","floor":12,"turns":5}],"seed_played":"-4856262230325772808","potions_obtained":[{"floor":3,"key":"Energy Potion"},{"floor":4,"key":"Explosive Potion"}],"is_trial":false,"path_per_floor":["M","?","M","M","M","R","M","?","T","E","M"],"character_chosen":"IRONCLAD","items_purchased":[],"campfire_rested":0,"item_purchase_floors":[],"current_hp_per_floor":[79,61,54,54,60,60,48,48,48,29,12,0],"gold":183,"neow_bonus":"TEN_PERCENT_HP_BONUS","is_prod":false,"is_daily":false,"chose_seed":false,"campfire_upgraded":1,"win_rate":0,"timestamp":1540068736,"path_taken":["M","?","?","M","M","R","?","?","T","E","M","E"],"build_version":"2018-10-18","purchased_purges":0,"victory":false,"max_hp_per_floor":[82,82,82,82,82,82,82,82,82,82,82,82],"card_choices":[{"not_picked":["Heavy Blade","Dual Wield"],"picked":"Thunderclap","floor":1},{"not_picked":["Anger","Headbutt"],"picked":"Armaments","floor":3},{"not_picked":["Warcry","Second Wind"],"picked":"Clothesline","floor":4},{"not_picked":["Sentinel","Feel No Pain"],"picked":"Inflame","floor":5},{"not_picked":["True Grit","Armaments"],"picked":"Rage","floor":7},{"not_picked":["Iron Wave","Clash"],"picked":"Exhume","floor":10},{"not_picked":["Headbutt","Reckless Charge"],"picked":"Pommel Strike","floor":11}],"player_experience":571267,"relics_obtained":[{"floor":9,"key":"Singing Bowl"},{"floor":10,"key":"Dead Branch"}],"event_choices":[{"damage_healed":0,"gold_gain":0,"player_choice":"Success","damage_taken":18,"relics_obtained":["Lantern"],"max_hp_gain":0,"max_hp_loss":0,"event_name":"Scrap Ooze","floor":2,"gold_loss":0},{"damage_healed":0,"gold_gain":0,"player_choice":"Left Gold","damage_taken":0,"max_hp_gain":0,"max_hp_loss":0,"event_name":"World of Goop","floor":8,"gold_loss":31}],"is_beta":false,"boss_relics":[],"items_purged_floors":[],"is_endless":false,"potions_floor_spawned":[3,4,7],"killed_by":"Lagavulin","ascension_level":14}