{"path_per_floor":["M","M","?","M","$","E","?","R","T","T","M","E","$","E","R","B",null,"M","?","$","M","?","R","?","?","T","R","M","?","M","M","R","B",null,"M","$","M","?","$","R","M","M","T","?","R","M","R","M","R","B"],"character_chosen":"THE_SILENT","items_purchased":["Backflip","Jack Of All Trades","Slice","Snake Skull","War Paint","Kunai","Swift Potion","Weak Potion"],"gold_per_floor":[116,129,204,221,15,46,46,46,46,120,139,173,27,58,58,189,189,202,202,47,71,71,71,71,71,97,97,116,116,129,142,142,267,267,283,7,21,389,43,43,64,79,79,179,179,203,203,226,226,226],"floor_reached":51,"campfire_rested":5,"playtime":2561,"current_hp_per_floor":[67,67,56,54,54,45,45,45,45,45,44,33,33,26,45,39,72,60,60,60,51,51,51,35,35,35,71,52,52,52,10,46,35,72,62,62,63,41,41,72,50,38,38,38,72,59,59,61,61,58],"items_purged":["Strike_G","Strike_G","Strike_G"],"gold":226,"score":639,"play_id":"42bd0798-7909-4bf8-9780-993e06b8715c","is_prod":false,"is_daily":false,"is_ascension_mode":true,"campfire_upgraded":3,"path_taken":["M","M","?","M","?","E","?","R","T","?","?","E","?","E","R","BOSS","M","?","$","M","?","R","?","?","T","R","M","?","M","M","R","BOSS","M","$","M","?","$","R","M","M","T","?","R","M","R","M","R","BOSS"],"build_version":"2018-02-12-PROD1","purchased_purges":4,"victory":true,"master_deck":["Defend_G","Defend_G","Defend_G","Defend_G","Defend_G","Strike_G+1","Survivor","Neutralize+1","Poisoned Stab+1","Blade Dance+1","Dagger Spray","Backflip+1","Jack Of All Trades","Poisoned Stab","Bouncing Flask","Catalyst+1","Slice","Quick Slash","Envenom+1","Sucker Punch+1","Good Instincts","Envenom+1","Endless Agony","Bane+1","Deflect","Blade Dance+1","Noxious Fumes+1","Adrenaline+1","Prepared","Backstab+1","Blur","Deflect+1","Slice+1","Prepared","Backflip+1","Deadly Poison+1","Blur","Heel Hook+1"],"max_hp_per_floor":[70,70,70,70,70,70,65,65,65,65,65,65,65,65,65,65,72,72,72,72,72,72,72,72,72,72,72,72,72,72,72,72,72,72,72,72,72,72,72,72,72,72,72,72,72,72,72,72,72,72],"relics":["Ring of the Snake","Omamori","Golden Idol","Peace Pipe","Matryoshka","Blood Vial","Thread and Needle","Calling Bell","Frozen Eye","Strawberry","Ancient Tea Set","Regal Pillow","Snake Skull","Dream Catcher","Oddly Smooth Stone","Orrery","War Paint","Old Coin","Kunai","Whetstone","Gambling Chip"],"card_choices":[{"not_picked":["Quick Slash","Caltrops"],"picked":"Poisoned Stab"},{"not_picked":["Reflex","Choke"],"picked":"Blade Dance"},{"not_picked":["Finisher","Quick Slash"],"picked":"Dagger Spray"},{"not_picked":["Malaise","Backflip"],"picked":"Poisoned Stab"},{"not_picked":["Flying Knee","Outmaneuver"],"picked":"Bouncing Flask"},{"not_picked":["Deadly Poison","Sucker Punch"],"picked":"Catalyst"},{"not_picked":["Footwork","Leg Sweep"],"picked":"Quick Slash"},{"not_picked":["Venomology","Die Die Die"],"picked":"Envenom"},{"not_picked":["Flying Knee","Backflip"],"picked":"Sucker Punch"},{"not_picked":["Sucker Punch","Deflect"],"picked":"Endless Agony"},{"not_picked":["Finisher","Deflect"],"picked":"Bane"},{"not_picked":["Footwork","Acrobatics"],"picked":"Blade Dance"},{"not_picked":["Bouncing Flask","Dash"],"picked":"Noxious Fumes"},{"not_picked":["Doppelganger","Glass Knife"],"picked":"Adrenaline"},{"not_picked":["Sucker Punch","Terror"],"picked":"Prepared"},{"not_picked":["Die Die Die","Terror"],"picked":"Backstab"},{"not_picked":["Escape Plan","Backflip"],"picked":"Blur"},{"not_picked":["Well Laid Plans","Poisoned Stab"],"picked":"Deflect"},{"not_picked":["Dagger Spray","Choke"],"picked":"Slice"},{"not_picked":["Predator","Dodge and Roll"],"picked":"Prepared"},{"not_picked":["PiercingWail","Outmaneuver"],"picked":"Backflip"},{"not_picked":["Wraith Form","Deflect"],"picked":"Deadly Poison"},{"not_picked":["Dagger Throw","Bane"],"picked":"Blur"},{"not_picked":["Reflex","Flying Knee"],"picked":"Heel Hook"}],"player_experience":89764,"potions_floor_usage":[11,14,18,21,31,31,38,50,50,50],"damage_taken":[{"damage":3,"enemies":"2 Louse","floor":1,"turns":4},{"damage":0,"enemies":"Cultist","floor":2,"turns":4},{"damage":2,"enemies":"Small Slimes","floor":4,"turns":3},{"damage":9,"enemies":"3 Sentries","floor":6,"turns":8},{"damage":1,"enemies":"Exordium Thugs","floor":11,"turns":4},{"damage":11,"enemies":"Gremlin Nob","floor":12,"turns":4},{"damage":9,"enemies":"3 Sentries","floor":14,"turns":7},{"damage":8,"enemies":"The Guardian","floor":16,"turns":8},{"damage":12,"enemies":"Shell Parasite","floor":18,"turns":5},{"damage":11,"enemies":"2 Thieves","floor":21,"turns":4},{"damage":20,"enemies":"Cultist and Chosen","floor":28,"turns":4},{"damage":2,"enemies":"Snake Plant","floor":30,"turns":3},{"damage":44,"enemies":"Slaver and Parasite","floor":31,"turns":8},{"damage":13,"enemies":"Champ","floor":33,"turns":9},{"damage":10,"enemies":"3 Darklings","floor":35,"turns":5},{"damage":1,"enemies":"Orb Walker","floor":37,"turns":4},{"damage":28,"enemies":"Mysterious Sphere","floor":38,"turns":7},{"damage":22,"enemies":"3 Darklings","floor":41,"turns":8},{"damage":14,"enemies":"Sphere and 2 Shapes","floor":42,"turns":6},{"damage":13,"enemies":"4 Shapes","floor":46,"turns":6},{"damage":0,"enemies":"Maw","floor":48,"turns":4},{"damage":5,"enemies":"Awakened One","floor":50,"turns":12}],"event_choices":[{"event_name":"World of Goop","player_choice":"Gather Gold","floor":3,"damage_taken":0},{"event_name":"Golden Idol","player_choice":"Lose Max HP","floor":7,"damage_taken":0},{"event_name":"The Mausoleum","player_choice":"Yes","floor":19,"damage_taken":0},{"event_name":"Accursed Blacksmith","player_choice":"Forge","floor":22,"damage_taken":0},{"event_name":"Knowing Skull","player_choice":"CARD ","floor":24,"damage_taken":0},{"event_name":"Duplicator","player_choice":"One dupe","floor":25,"damage_taken":0},{"event_name":"Transmorgrifier","player_choice":"Transform","floor":29,"damage_taken":0},{"event_name":"Mysterious Sphere","player_choice":"Fight","floor":38,"damage_taken":0},{"event_name":"Golden Shrine","player_choice":"Pray","floor":44,"damage_taken":0}],"boss_relics":[{"not_picked":["Question Card","White Beast Statue"],"picked":"Calling Bell"},{"not_picked":["Philosopher\u0027s Stone","Snecko Eye"],"picked":"Orrery"}],"potions_floor_spawned":[6,12,14,16,28,30,33,35,41,42,48],"seed_played":"3762176107246082465","ascension_level":2,"is_trial":false}