{"gold_per_floor":[111,123,36,66,241,241,257,288,313,313,338,338,351,381,381,457,457,471,70,70,82,82,82,82,82,82,107,107,132,144,174,174,174],"floor_reached":33,"playtime":690,"items_purged":["Doubt"],"score":627,"play_id":"868a8073-d6ae-46d6-8466-b8ab17e32f5c","local_time":"20181021081807","is_ascension_mode":true,"campfire_choices":[{"data":"Inflame","floor":6,"key":"SMITH"},{"floor":10,"key":"REST"},{"data":"Inflame","floor":12,"key":"SMITH"},{"data":"Limit Break","floor":15,"key":"SMITH"},{"floor":24,"key":"REST"},{"data":"Heavy Blade","floor":28,"key":"SMITH"},{"data":"Perfected Strike","floor":32,"key":"SMITH"}],"neow_cost":"NONE","seed_source_timestamp":915503062022749,"circlet_count":0,"master_deck":["Strike_R","Strike_R","Strike_R","Strike_R","Strike_R+1","Defend_R","Defend_R","Defend_R","Defend_R","Bash","AscendersBane","Inflame+1","Twin Strike","Inflame+1","Thunderclap","Sword Boomerang","Reaper","Perfected Strike","Limit Break+1","Double Tap","Twin Strike","Limit Break+1","Battle Trance","Dramatic Entrance","Perfected Strike+1","Heavy Blade+1","Immolate","Wild Strike+1","Cleave"],"relics":["Burning Blood","Tiny Chest","Mercury Hourglass","Bag of Preparation","Vajra","FossilizedHelix","Runic Cube","DollysMirror","Enchiridion","Kunai","Smiling Mask","Oddly Smooth Stone","Thread and Needle"],"potions_floor_usage":[11,11,13,30,30,33],"damage_taken":[{"damage":7,"enemies":"Jaw Worm","floor":1,"turns":3},{"damage":4,"enemies":"2 Louse","floor":2,"turns":3},{"damage":0,"enemies":"Small Slimes","floor":7,"turns":3},{"damage":32,"enemies":"Gremlin Nob","floor":8,"turns":4},{"damage":5,"enemies":"3 Sentries","floor":11,"turns":3},{"damage":16,"enemies":"Gremlin Gang","floor":13,"turns":3},{"damage":16,"enemies":"Gremlin Nob","floor":14,"turns":3},{"damage":0,"enemies":"Slime Boss","floor":16,"turns":5},{"damage":22,"enemies":"2 Thieves","floor":18,"turns":4},{"damage":18,"enemies":"Chosen","floor":21,"turns":4},{"damage":20,"enemies":"Gremlin Leader","floor":27,"turns":4},{"damage":14,"enemies":"Slavers","floor":29,"turns":2},{"damage":0,"enemies":"Snake Plant","floor":30,"turns":2},{"damage":14,"enemies":"Book of Stabbing","floor":31,"turns":3},{"damage":116,"enemies":"Collector","floor":33,"turns":7}],"seed_played":"2956024103093191057","potions_obtained":[{"floor":1,"key":"Explosive Potion"},{"floor":8,"key":"Fire Potion"},{"floor":11,"key":"Energy Potion"},{"floor":27,"key":"SpeedPotion"},{"floor":29,"key":"Block Potion"},{"floor":31,"key":"Regen Potion"}],"is_trial":false,"path_per_floor":["M","M","$","?","?","R","M","E","T","R","E","R","M","E","R","B",null,"M","$","?","M","?","?","R","?","T","E","R","E","M","E","R"],"character_chosen":"IRONCLAD","items_purchased":["Inflame","Thunderclap","DollysMirror","Battle Trance","Dramatic Entrance"],"campfire_rested":2,"item_purchase_floors":[3,3,19,19,19],"current_hp_per_floor":[67,69,69,62,62,62,68,42,42,64,65,65,65,55,55,61,72,56,56,40,44,44,44,66,66,66,61,61,53,75,67,67,0],"gold":174,"neow_bonus":"UPGRADE_CARD","is_prod":false,"is_daily":false,"chose_seed":false,"campfire_upgraded":5,"win_rate":0,"timestamp":1540135087,"path_taken":["M","M","$","?","?","R","M","E","T","R","E","R","M","E","R","BOSS","M","$","?","?","?","?","R","?","T","E","R","E","M","E","R","BOSS"],"build_version":"2018-10-18","purchased_purges":1,"victory":false,"max_hp_per_floor":[75,75,75,75,75,75,75,75,75,75,75,75,75,75,75,75,75,75,75,75,75,75,75,75,75,75,75,75,75,75,75,75,75],"card_choices":[{"not_picked":["Entrench","Wild Strike"],"picked":"Inflame","floor":1},{"not_picked":["Power Through","Armaments"],"picked":"Twin Strike","floor":2},{"not_picked":["Dual Wield","Ghostly Armor"],"picked":"Iron Wave","floor":7},{"not_picked":["Sever Soul","Havoc"],"picked":"Sword Boomerang","floor":8},{"not_picked":["Sentinel","Rupture"],"picked":"Reaper","floor":11},{"not_picked":["Twin Strike","Dropkick"],"picked":"Perfected Strike","floor":13},{"not_picked":["Twin Strike","Whirlwind"],"picked":"Limit Break","floor":14},{"not_picked":["Fiend Fire","Immolate"],"picked":"Double Tap","floor":16},{"not_picked":["Headbutt+1","Whirlwind"],"picked":"Twin Strike","floor":18},{"not_picked":["Corruption","Bloodletting"],"picked":"Perfected Strike","floor":21},{"not_picked":["Shrug It Off+1","Rage"],"picked":"Heavy Blade","floor":27},{"not_picked":["Metallicize","Havoc"],"picked":"Immolate","floor":29},{"not_picked":["Sentinel","Thunderclap"],"picked":"Wild Strike+1","floor":30},{"not_picked":["Iron Wave","Armaments"],"picked":"Cleave","floor":31}],"player_experience":596010,"relics_obtained":[{"floor":8,"key":"Mercury Hourglass"},{"floor":9,"key":"Bag of Preparation"},{"floor":11,"key":"Vajra"},{"floor":14,"key":"FossilizedHelix"},{"floor":20,"key":"Enchiridion"},{"floor":26,"key":"Kunai"},{"floor":27,"key":"Smiling Mask"},{"floor":29,"key":"Oddly Smooth Stone"},{"floor":31,"key":"Thread and Needle"}],"event_choices":[{"damage_healed":0,"gold_gain":0,"player_choice":"Success","damage_taken":7,"relics_obtained":["Tiny Chest"],"max_hp_gain":0,"max_hp_loss":0,"event_name":"Scrap Ooze","floor":4,"gold_loss":0},{"damage_healed":0,"gold_gain":175,"player_choice":"AGREE","damage_taken":0,"max_hp_gain":0,"max_hp_loss":0,"event_name":"Liars Game","floor":5,"gold_loss":0,"cards_obtained":["Doubt"]},{"damage_healed":0,"gold_gain":0,"player_choice":"Obtained Book","damage_taken":16,"max_hp_gain":0,"max_hp_loss":0,"event_name":"Cursed Tome","floor":20,"gold_loss":0},{"damage_healed":0,"gold_gain":0,"player_choice":"Ignored","damage_taken":0,"max_hp_gain":0,"max_hp_loss":0,"event_name":"Vampires","floor":22,"gold_loss":0},{"cards_removed":["Iron Wave"],"damage_healed":0,"gold_gain":0,"player_choice":"Purged","damage_taken":0,"max_hp_gain":0,"max_hp_loss":0,"event_name":"Purifier","floor":25,"gold_loss":0}],"is_beta":false,"boss_relics":[{"not_picked":["Philosopher\u0027s Stone","Snecko Eye"],"picked":"Runic Cube"}],"items_purged_floors":[19],"is_endless":false,"potions_floor_spawned":[1,8,11,27,29,31],"killed_by":"Collector","ascension_level":14}