{"gold_per_floor":[118,118,132,144,161,161,191,203,240,252,275,316,328,360,372,457,469,497,529,541,567,593,605,637,649],"floor_reached":25,"playtime":3489,"items_purged":[],"score":734,"play_id":"38d8e95f-f815-461e-b2b4-036137346c28","local_time":"20190404231942","is_ascension_mode":true,"campfire_choices":[{"data":"Skewer","floor":6,"key":"SMITH"},{"floor":8,"key":"REST"},{"data":"Footwork","floor":15,"key":"SMITH"},{"floor":23,"key":"REST"}],"neow_cost":"NONE","seed_source_timestamp":0,"circlet_count":0,"master_deck":["AscendersBane","Defend_G","Defend_G","Defend_G+1","Defend_G","Defend_G","Strike_G","Strike_G","Strike_G","Strike_G","Survivor","Neutralize+1","Dodge and Roll","Poisoned Stab","Skewer+1","Escape Plan","Footwork+1","Escape Plan","Deadly Poison","Cloak And Dagger","Corpse Explosion","Footwork","Venomology+1","Bouncing Flask","Cloak And Dagger","Catalyst","Well Laid Plans+1","Deadly Poison"],"special_seed":0,"relics":["Ring of the Snake","Blood Vial","MawBank","Dream Catcher","Vajra","Orrery"],"potions_floor_usage":[7,12,14,16,18,19,21,22,22,24,24,24,25],"damage_taken":[{"damage":7,"enemies":"Small Slimes","floor":1,"turns":4},{"damage":0,"enemies":"Cultist","floor":3,"turns":4},{"damage":4,"enemies":"2 Louse","floor":4,"turns":5},{"damage":3,"enemies":"Red Slaver","floor":5,"turns":5},{"damage":30,"enemies":"3 Sentries","floor":7,"turns":12},{"damage":11,"enemies":"2 Fungi Beasts","floor":11,"turns":3},{"damage":2,"enemies":"Lagavulin","floor":12,"turns":7},{"damage":2,"enemies":"Lots of Slimes","floor":14,"turns":4},{"damage":0,"enemies":"The Guardian","floor":16,"turns":11},{"damage":0,"enemies":"3 Byrds","floor":18,"turns":2},{"damage":27,"enemies":"2 Thieves","floor":19,"turns":4},{"damage":0,"enemies":"Snecko","floor":21,"turns":4},{"damage":9,"enemies":"Shelled Parasite and Fungi","floor":22,"turns":6},{"damage":0,"enemies":"Cultist and Chosen","floor":24,"turns":9},{"damage":61,"enemies":"Gremlin Leader","floor":25,"turns":8}],"seed_played":"-1858685203984375153","potions_obtained":[{"floor":1,"key":"Regen Potion"},{"floor":11,"key":"Ancient Potion"},{"floor":12,"key":"EssenceOfSteel"},{"floor":13,"key":"SteroidPotion"},{"floor":14,"key":"Block Potion"},{"floor":16,"key":"Energy Potion"},{"floor":18,"key":"Block Potion"},{"floor":19,"key":"SkillPotion"},{"floor":22,"key":"Swift Potion"}],"is_trial":false,"path_per_floor":["M","?","M","M","M","R","E","R","T","?","M","E","?","M","R","B",null,"M","M","?","M","M","R","M","E"],"character_chosen":"THE_SILENT","items_purchased":[],"campfire_rested":2,"item_purchase_floors":[],"current_hp_per_floor":[54,34,36,34,33,33,20,39,39,39,30,30,30,30,30,32,58,60,35,35,37,30,49,51,0],"gold":649,"neow_bonus":"RANDOM_COMMON_RELIC","is_prod":false,"is_daily":false,"chose_seed":false,"campfire_upgraded":2,"win_rate":0,"timestamp":1554441582,"path_taken":["M","?","M","M","M","R","E","R","T","?","?","E","?","?","R","BOSS","M","M","?","M","M","R","M","E"],"build_version":"2019-03-15","purchased_purges":0,"victory":false,"max_hp_per_floor":[66,66,66,66,66,66,66,66,66,66,66,66,66,66,66,66,66,66,66,66,66,66,66,66,66],"card_choices":[{"not_picked":["Flechettes","Distraction"],"picked":"Dodge and Roll","floor":1},{"not_picked":["Eviscerate","Backflip"],"picked":"Poisoned Stab","floor":3},{"not_picked":["Predator","Riddle With Holes"],"picked":"Skewer","floor":4},{"not_picked":["Terror","Poisoned Stab"],"picked":"Escape Plan","floor":5},{"not_picked":["Reflex","Dagger Spray"],"picked":"Footwork","floor":7},{"not_picked":["Phantasmal Killer","Poisoned Stab"],"picked":"Escape Plan","floor":11},{"not_picked":["Tactician","Endless Agony"],"picked":"Deadly Poison","floor":12},{"not_picked":["Bane","Sucker Punch"],"picked":"Cloak And Dagger","floor":14},{"not_picked":["Doppelganger","Tools of the Trade"],"picked":"Corpse Explosion","floor":16},{"not_picked":["Backstab","Sucker Punch"],"picked":"Footwork","floor":17},{"not_picked":["Sucker Punch","Dagger Spray"],"picked":"Venomology","floor":17},{"not_picked":["Outmaneuver","Leg Sweep"],"picked":"Bouncing Flask","floor":17},{"not_picked":["Finisher","Infinite Blades"],"picked":"Cloak And Dagger","floor":17},{"not_picked":["Poisoned Stab","Deflect+1","Acrobatics"],"picked":"SKIP","floor":18},{"not_picked":["Poisoned Stab","Deflect+1","Acrobatics"],"picked":"SKIP","floor":18},{"not_picked":["Setup","Tactician+1"],"picked":"Catalyst","floor":19},{"not_picked":["Flying Knee","Expertise"],"picked":"Well Laid Plans+1","floor":21},{"not_picked":["Bane","Prepared","Underhanded Strike"],"picked":"SKIP","floor":22},{"not_picked":["Masterful Stab","Unload"],"picked":"Deadly Poison","floor":23},{"not_picked":["Acrobatics+1","Backstab","Skewer"],"picked":"SKIP","floor":24}],"player_experience":2755031,"relics_obtained":[{"floor":7,"key":"MawBank"},{"floor":9,"key":"Dream Catcher"},{"floor":12,"key":"Vajra"}],"event_choices":[{"damage_healed":0,"gold_gain":0,"player_choice":"Entered Light","damage_taken":20,"max_hp_gain":0,"max_hp_loss":0,"event_name":"Shining Light","floor":2,"gold_loss":0,"cards_upgraded":["Defend_G","Neutralize"]},{"cards_removed":["Strike_G"],"damage_healed":0,"gold_gain":0,"player_choice":"Card Removal","damage_taken":0,"max_hp_gain":0,"max_hp_loss":0,"event_name":"Wheel of Change","floor":10,"gold_loss":0},{"damage_healed":0,"gold_gain":0,"player_choice":"Got Potions","damage_taken":0,"max_hp_gain":0,"max_hp_loss":0,"event_name":"Lab","floor":13,"gold_loss":0},{"damage_healed":0,"gold_gain":0,"player_choice":"Upgraded","damage_taken":0,"max_hp_gain":0,"max_hp_loss":0,"event_name":"Upgrade Shrine","floor":20,"gold_loss":0,"cards_upgraded":["Venomology"]}],"is_beta":true,"boss_relics":[{"not_picked":["White Beast Statue","HoveringKite"],"picked":"Orrery"}],"items_purged_floors":[],"is_endless":false,"potions_floor_spawned":[1,11,12,14,16,18,19,22],"killed_by":"Gremlin Leader","ascension_level":20}