{"gold_per_floor":[119,13,13,13,25,53,53,81,81,55,55,10,42,57,57,158,158,178,178,178,45,45,45,0,14,14,14,45,45,45,80,80,181,181,200,200,200,219,219,236,236,27,50,50,50],"floor_reached":45,"playtime":1224,"items_purged":[],"score":649,"play_id":"08fa1cd5-8d5b-4440-b967-d40f5bb63f09","local_time":"20181017010152","is_ascension_mode":true,"campfire_choices":[{"floor":7,"key":"REST"},{"floor":11,"key":"REST"},{"data":"Scrape","floor":15,"key":"SMITH"},{"data":"All For One","floor":23,"key":"SMITH"},{"floor":29,"key":"REST"},{"floor":30,"key":"REST"},{"floor":32,"key":"REST"},{"data":"White Noise","floor":44,"key":"SMITH"}],"neow_cost":"NONE","seed_source_timestamp":543185788867990,"circlet_count":0,"master_deck":["Strike_B","Strike_B","Strike_B","Defend_B","Defend_B","Defend_B","Defend_B","Zap+1","Dualcast+1","Cold Snap","Streamline+1","Defragment","Melter","Scrape+1","Rip and Tear","Gash","Conserve Battery","Lockon+1","FTL","All For One+1","Leap+1","Gash","Ball Lightning","Undo","Gash","Redo","Go for the Eyes","Rebound+1","Coolheaded","Core Surge","White Noise+1","Dark Shackles","Finesse","Deep Breath","Self Repair+1","Go for the Eyes+1","Writhe","All For One+1"],"relics":["Cracked Core","Bottled Flame","Meat on the Bone","Thread and Needle","WingedGreaves","Mango","Lizard Tail","Nilry\u0027s Codex","StoneCalendar","Pantograph","Whetstone","War Paint","Inserter","DollysMirror","PreservedInsect"],"potions_floor_usage":[8,8,28,33,38],"damage_taken":[{"damage":5,"enemies":"Jaw Worm","floor":1,"turns":3},{"damage":5,"enemies":"Small Slimes","floor":5,"turns":2},{"damage":34,"enemies":"Gremlin Nob","floor":6,"turns":4},{"damage":15,"enemies":"3 Sentries","floor":8,"turns":6},{"damage":13,"enemies":"Gremlin Nob","floor":13,"turns":4},{"damage":0,"enemies":"2 Louse","floor":14,"turns":2},{"damage":26,"enemies":"Slime Boss","floor":16,"turns":11},{"damage":23,"enemies":"Shell Parasite","floor":18,"turns":4},{"damage":22,"enemies":"2 Thieves","floor":25,"turns":4},{"damage":40,"enemies":"Slavers","floor":28,"turns":6},{"damage":31,"enemies":"Book of Stabbing","floor":31,"turns":4},{"damage":94,"enemies":"Collector","floor":33,"turns":12},{"damage":12,"enemies":"3 Shapes","floor":35,"turns":3},{"damage":33,"enemies":"3 Darklings","floor":38,"turns":6},{"damage":26,"enemies":"Maw","floor":40,"turns":6},{"damage":81,"enemies":"Giant Head","floor":45,"turns":6}],"seed_played":"-4173877938020876397","potions_obtained":[{"floor":1,"key":"GamblersBrew"},{"floor":6,"key":"Fire Potion"},{"floor":14,"key":"Explosive Potion"},{"floor":25,"key":"SkillPotion"},{"floor":31,"key":"Swift Potion"},{"floor":35,"key":"Fire Potion"}],"is_trial":false,"path_per_floor":["M","$","?","T","M","E","R","E","T","?","R","$","E","M","R","B",null,"M","?","?","$","?","R","$","M","T","?","E","R","R","E","R","B",null,"M","?","?","M","?","M","?","$","T","R"],"character_chosen":"DEFECT","items_purchased":["Defragment","Melter","Conserve Battery","Gash","Ball Lightning","Undo","Redo","DollysMirror"],"campfire_rested":5,"item_purchase_floors":[2,2,12,21,21,21,24,42],"current_hp_per_floor":[63,63,68,68,63,29,53,50,50,50,74,74,75,75,75,49,83,60,44,75,75,75,75,75,53,53,53,25,53,81,50,78,59,85,73,63,63,42,82,56,77,77,77,77,0],"gold":50,"neow_bonus":"THREE_CARDS","is_prod":false,"is_daily":false,"chose_seed":false,"campfire_upgraded":3,"win_rate":0,"timestamp":1539763312,"path_taken":["M","$","?","?","?","E","R","E","T","?","R","?","E","M","R","BOSS","M","?","?","$","?","R","?","?","T","?","E","R","R","E","R","BOSS","M","?","?","?","?","M","?","$","T","R","E"],"build_version":"2018-10-11","purchased_purges":0,"victory":false,"max_hp_per_floor":[75,75,80,80,80,80,80,80,80,80,80,80,94,94,94,94,94,94,94,94,94,94,94,94,94,94,94,94,94,94,94,94,94,94,94,94,94,94,82,82,82,82,82,82,82],"card_choices":[{"not_picked":["Blizzard","Aggregate"],"picked":"Cold Snap","floor":0},{"not_picked":["Fusion","Barrage"],"picked":"Streamline","floor":1},{"not_picked":["Steam","Leap"],"picked":"Scrape","floor":5},{"not_picked":["Steam","Beam Cell"],"picked":"Rip and Tear","floor":6},{"not_picked":["Chill","Beam Cell"],"picked":"Gash","floor":8},{"not_picked":["Chill","Glacier"],"picked":"Lockon","floor":13},{"not_picked":["Compile Driver","Conserve Battery"],"picked":"FTL","floor":14},{"not_picked":["Buffer","Biased Cognition"],"picked":"All For One","floor":16},{"not_picked":["Blizzard","Stack+1"],"picked":"Leap+1","floor":18},{"not_picked":["Leap","Coolheaded"],"picked":"Go for the Eyes","floor":25},{"not_picked":["Redo","Beam Cell"],"picked":"Rebound+1","floor":28},{"not_picked":["Double Energy","Chaos"],"picked":"Coolheaded","floor":31},{"not_picked":["Thunder Strike","Amplify"],"picked":"Core Surge","floor":33},{"not_picked":["Conserve Battery+1","Beam Cell+1"],"picked":"White Noise","floor":35},{"not_picked":["HandOfGreed","Enlightenment"],"picked":"Dark Shackles","floor":36},{"not_picked":["Dark Shackles","Transmutation"],"picked":"Finesse","floor":36},{"not_picked":["Bandage Up","Dark Shackles"],"picked":"Deep Breath","floor":36},{"not_picked":["Redo","Go for the Eyes"],"picked":"Self Repair+1","floor":38},{"not_picked":["Redo","Electrodynamics"],"picked":"Go for the Eyes+1","floor":40}],"player_experience":536723,"relics_obtained":[{"floor":4,"key":"Bottled Flame"},{"floor":6,"key":"Meat on the Bone"},{"floor":8,"key":"Thread and Needle"},{"floor":9,"key":"WingedGreaves"},{"floor":13,"key":"Mango"},{"floor":19,"key":"Nilry\u0027s Codex"},{"floor":26,"key":"StoneCalendar"},{"floor":28,"key":"Whetstone"},{"floor":31,"key":"War Paint"},{"floor":43,"key":"PreservedInsect"}],"event_choices":[{"event_name":"Big Fish","player_choice":"Donut","floor":3,"damage_taken":0},{"event_name":"World of Goop","player_choice":"Left","floor":10,"damage_taken":0},{"event_name":"Cursed Tome","player_choice":"Obtained Book","floor":19,"damage_taken":0},{"event_name":"The Library","player_choice":"Heal","floor":20,"damage_taken":0},{"event_name":"Duplicator","player_choice":"One dupe","floor":22,"damage_taken":0},{"event_name":"WeMeetAgain","player_choice":"Potion","floor":27,"damage_taken":0},{"event_name":"SensoryStone","player_choice":"Memory 3","floor":36,"damage_taken":0},{"event_name":"Falling","player_choice":"Removed Attack","floor":37,"damage_taken":0},{"event_name":"The Moai Head","player_choice":"Heal","floor":39,"damage_taken":0},{"event_name":"Winding Halls","player_choice":"Writhe","floor":41,"damage_taken":0}],"is_beta":false,"boss_relics":[{"not_picked":["Runic Pyramid","White Beast Statue"],"picked":"Lizard Tail"},{"not_picked":["Busted Crown","Velvet Choker"],"picked":"Inserter"}],"items_purged_floors":[],"is_endless":false,"potions_floor_spawned":[1,6,14,25,31,35],"killed_by":"Giant Head","ascension_level":6}