{"gold_per_floor":[116,72,72,33,47,75,85,85,133,133,184,228,228,228,228,358,358,377,377,398,398,313,313,313],"floor_reached":24,"playtime":506,"items_purged":[],"score":260,"play_id":"b43ca99a-6ed5-49da-8622-a3ce9a53a5a1","local_time":"20181015124600","is_ascension_mode":true,"campfire_choices":[{"floor":13,"key":"REST"},{"data":"Streamline","floor":15,"key":"SMITH"},{"data":"Electrodynamics","floor":23,"key":"SMITH"}],"neow_cost":"NONE","seed_source_timestamp":413358690143168,"circlet_count":0,"master_deck":["Strike_B","Strike_B","Strike_B","Strike_B","Defend_B","Defend_B","Defend_B","Defend_B","Zap","Dualcast","Echo Form","Conserve Battery","Chaos","Rebound","Auto Shields","Sunder+1","Streamline+1","Electrodynamics+1","Hologram","RitualDagger","Barrage"],"relics":["Cracked Core","Blood Vial","Golden Idol","Oddly Smooth Stone","Art of War","Du-Vu Doll","White Beast Statue","Pear"],"potions_floor_usage":[16,16,20,24],"damage_taken":[{"damage":1,"enemies":"Cultist","floor":1,"turns":4},{"damage":13,"enemies":"2 Louse","floor":5,"turns":3},{"damage":49,"enemies":"3 Sentries","floor":6,"turns":8},{"damage":0,"enemies":"Small Slimes","floor":7,"turns":4},{"damage":4,"enemies":"Lagavulin","floor":12,"turns":6},{"damage":23,"enemies":"Hexaghost","floor":16,"turns":8},{"damage":18,"enemies":"3 Byrds","floor":18,"turns":3},{"damage":12,"enemies":"Chosen","floor":20,"turns":5},{"damage":68,"enemies":"Book of Stabbing","floor":24,"turns":5}],"seed_played":"-2113847122274809060","potions_obtained":[{"floor":6,"key":"SkillPotion"},{"floor":7,"key":"Poison Potion"},{"floor":12,"key":"Ancient Potion"},{"floor":18,"key":"AttackPotion"},{"floor":20,"key":"Dexterity Potion"}],"is_trial":false,"path_per_floor":["M","?","?","$","M","E","M","?","T","?","T","E","R","?","R","B",null,"M","?","M","?","?","R"],"character_chosen":"DEFECT","items_purchased":["Chaos"],"campfire_rested":1,"item_purchase_floors":[4],"current_hp_per_floor":[67,67,67,67,54,5,7,7,7,30,30,28,48,48,48,27,59,43,37,27,50,60,60,0],"gold":313,"neow_bonus":"ONE_RANDOM_RARE_CARD","is_prod":false,"is_daily":false,"chose_seed":false,"campfire_upgraded":2,"win_rate":0,"timestamp":1539632760,"path_taken":["M","?","?","$","M","E","?","?","T","?","?","E","R","?","R","BOSS","M","?","M","?","?","R","E"],"build_version":"2018-10-11","purchased_purges":0,"victory":false,"max_hp_per_floor":[75,75,75,75,75,75,75,69,69,69,69,69,69,69,69,69,69,69,69,69,69,79,79,79],"card_choices":[{"not_picked":["Compile Driver","Ball Lightning"],"picked":"Conserve Battery","floor":1},{"not_picked":["Blizzard","Compile Driver"],"picked":"Rebound","floor":5},{"not_picked":["Seek","Genetic Algorithm"],"picked":"Auto Shields","floor":6},{"not_picked":["Ball Lightning","Steam"],"picked":"Sunder","floor":7},{"not_picked":["Creative AI","Turbo"],"picked":"Streamline","floor":12},{"not_picked":["Reboot","Fission"],"picked":"Electrodynamics","floor":16},{"not_picked":["Cold Snap","Turbo+1"],"picked":"Hologram","floor":18},{"not_picked":["Heatsinks","Gash"],"picked":"Barrage","floor":20}],"player_experience":519446,"relics_obtained":[{"floor":6,"key":"Blood Vial"},{"floor":9,"key":"Oddly Smooth Stone"},{"floor":11,"key":"Art of War"},{"floor":12,"key":"Du-Vu Doll"}],"event_choices":[{"event_name":"World of Goop","player_choice":"Left","floor":2,"damage_taken":0},{"event_name":"Golden Wing","player_choice":"Ignored","floor":3,"damage_taken":0},{"event_name":"Golden Idol","player_choice":"Lose Max HP","floor":8,"damage_taken":0},{"event_name":"Big Fish","player_choice":"Banana","floor":10,"damage_taken":0},{"event_name":"Upgrade Shrine","player_choice":"Upgraded","floor":14,"damage_taken":0},{"event_name":"Nest","player_choice":"Joined the Cult","floor":19,"damage_taken":0},{"event_name":"The Library","player_choice":"Heal","floor":21,"damage_taken":0},{"event_name":"Addict","player_choice":"Obtained Relic","floor":22,"damage_taken":0}],"is_beta":false,"boss_relics":[{"not_picked":["Sozu","Astrolabe"],"picked":"White Beast Statue"}],"items_purged_floors":[],"is_endless":false,"potions_floor_spawned":[6,7,12,18,20],"killed_by":"Book of Stabbing","ascension_level":6}