{"gold_per_floor":[116,116,116,128,128,128,128,151,151,166,182,182,207,250,250,250],"floor_reached":16,"playtime":416,"items_purged":[],"score":235,"play_id":"4ab13d79-79e3-46bd-bdd9-6e1a8d8e2ea1","local_time":"20190131043147","is_ascension_mode":true,"campfire_choices":[{"data":"Bouncing Flask","floor":6,"key":"SMITH"},{"data":"Blade Dance","floor":15,"key":"SMITH"}],"neow_cost":"NONE","seed_source_timestamp":300894497577248,"circlet_count":0,"master_deck":["AscendersBane","Defend_G","Defend_G","Defend_G","Strike_G","Strike_G","Strike_G","Strike_G","Survivor","Neutralize","Bouncing Flask+1","Acrobatics","Setup","PiercingWail","Backflip","After Image","Leg Sweep","Blade Dance+1"],"relics":["Ring of the Snake","NeowsBlessing","Shuriken","Golden Idol","Snake Skull","Boot"],"potions_floor_usage":[14,16],"damage_taken":[{"damage":0,"enemies":"Cultist","floor":1,"turns":1},{"damage":0,"enemies":"Jaw Worm","floor":4,"turns":1},{"damage":0,"enemies":"2 Louse","floor":8,"turns":1},{"damage":3,"enemies":"Looter","floor":10,"turns":3},{"damage":7,"enemies":"3 Louse","floor":11,"turns":5},{"damage":17,"enemies":"Lots of Slimes","floor":13,"turns":5},{"damage":0,"enemies":"Lagavulin","floor":14,"turns":6},{"damage":36,"enemies":"Slime Boss","floor":16,"turns":8}],"seed_played":"-3500288171605657553","potions_obtained":[{"floor":4,"key":"EssenceOfSteel"},{"floor":8,"key":"Dexterity Potion"}],"is_trial":false,"path_per_floor":["M","T","?","M","?","R","?","M","T","M","M","?","M","E","R","B"],"character_chosen":"THE_SILENT","items_purchased":[],"campfire_rested":0,"item_purchase_floors":[],"current_hp_per_floor":[59,59,59,59,59,59,59,59,59,56,49,49,32,32,32,0],"gold":250,"neow_bonus":"THREE_ENEMY_KILL","is_prod":false,"is_daily":false,"chose_seed":false,"campfire_upgraded":2,"win_rate":0,"timestamp":1548937907,"path_taken":["M","?","?","?","?","R","?","M","T","M","M","?","M","E","R","BOSS"],"build_version":"2019-01-23","purchased_purges":0,"victory":false,"max_hp_per_floor":[66,66,66,66,66,66,60,60,60,60,60,60,60,60,60,60],"card_choices":[{"not_picked":["Poisoned Stab","Dagger Throw"],"picked":"Bouncing Flask","floor":1},{"not_picked":["Eviscerate","Accuracy"],"picked":"Acrobatics","floor":4},{"not_picked":["Bane","Accuracy"],"picked":"PiercingWail","floor":8},{"not_picked":["Heel Hook","Setup","Deflect"],"picked":"SKIP","floor":10},{"not_picked":["Eviscerate","Skewer"],"picked":"Backflip","floor":11},{"not_picked":["Quick Slash","Outmaneuver"],"picked":"Leg Sweep","floor":13},{"not_picked":["Footwork","Dodge and Roll"],"picked":"Blade Dance","floor":14}],"player_experience":1090985,"relics_obtained":[{"floor":2,"key":"Shuriken"},{"floor":9,"key":"Snake Skull"},{"floor":14,"key":"Boot"}],"event_choices":[{"cards_removed":["Defend_G"],"damage_healed":0,"gold_gain":0,"player_choice":"Purged","damage_taken":0,"max_hp_gain":0,"max_hp_loss":0,"event_name":"Purifier","floor":3,"gold_loss":0},{"damage_healed":0,"gold_gain":0,"cards_transformed":["Strike_G"],"player_choice":"Change","damage_taken":0,"max_hp_gain":0,"max_hp_loss":0,"event_name":"Living Wall","floor":5,"gold_loss":0,"cards_obtained":["Setup"]},{"damage_healed":0,"gold_gain":0,"player_choice":"Lose Max HP","damage_taken":0,"relics_obtained":["Golden Idol"],"max_hp_gain":0,"max_hp_loss":6,"event_name":"Golden Idol","floor":7,"gold_loss":0},{"damage_healed":0,"gold_gain":0,"cards_transformed":["Defend_G"],"player_choice":"Transformed","damage_taken":0,"max_hp_gain":0,"max_hp_loss":0,"event_name":"Transmorgrifier","floor":12,"gold_loss":0,"cards_obtained":["After Image"]}],"is_beta":false,"boss_relics":[],"items_purged_floors":[],"is_endless":false,"potions_floor_spawned":[4,8],"killed_by":"Slime Boss","ascension_level":17}