{"gold_per_floor":[118,129,146,62,74,74,108,126,126,12,69,69,69,104,104,104],"floor_reached":16,"playtime":1082,"items_purged":[],"score":220,"play_id":"0d3df2dd-2287-4b34-a79b-cc4d34ac7a37","local_time":"20190415105551","is_ascension_mode":true,"campfire_choices":[{"data":"Leg Sweep","floor":6,"key":"SMITH"},{"floor":12,"key":"REST"},{"data":"Storm of Steel","floor":15,"key":"SMITH"}],"neow_cost":"NONE","seed_source_timestamp":265454093486621,"circlet_count":0,"master_deck":["AscendersBane","Defend_G","Defend_G","Defend_G","Defend_G","Defend_G","Strike_G","Strike_G","Strike_G","Strike_G","Survivor","Neutralize","Leg Sweep+1","Quick Slash","Backflip","Infinite Blades","Choke","Burst","Cloak And Dagger","Caltrops","Backflip","Flying Knee","Storm of Steel+1"],"relics":["Sozu","Pen Nib","PreservedInsect","Art of War","Frozen Egg 2"],"potions_floor_usage":[],"damage_taken":[{"damage":2,"enemies":"Cultist","floor":1,"turns":5},{"damage":1,"enemies":"Small Slimes","floor":2,"turns":5},{"damage":0,"enemies":"2 Louse","floor":3,"turns":3},{"damage":11,"enemies":"Blue Slaver","floor":5,"turns":4},{"damage":30,"enemies":"3 Sentries","floor":7,"turns":10},{"damage":1,"enemies":"Looter","floor":8,"turns":3},{"damage":0,"enemies":"3 Sentries","floor":11,"turns":6},{"damage":9,"enemies":"Gremlin Nob","floor":14,"turns":3},{"damage":24,"enemies":"Slime Boss","floor":16,"turns":9}],"seed_played":"8001580968987299046","potions_obtained":[],"is_trial":false,"path_per_floor":["M","M","M","$","M","R","E","M","T","$","?","R","?","E","R","B"],"character_chosen":"THE_SILENT","items_purchased":["Infinite Blades","Caltrops","Backflip"],"campfire_rested":1,"item_purchase_floors":[4,10,10],"current_hp_per_floor":[57,56,56,56,45,45,15,14,14,14,14,33,33,24,24,0],"gold":104,"neow_bonus":"BOSS_RELIC","is_prod":false,"is_daily":false,"chose_seed":false,"campfire_upgraded":2,"win_rate":0,"timestamp":1555322151,"path_taken":["M","?","M","$","M","R","E","M","T","$","?","R","?","E","R","BOSS"],"build_version":"2019-01-23","purchased_purges":0,"victory":false,"max_hp_per_floor":[66,66,66,66,66,66,66,66,66,66,66,66,66,66,66,66],"card_choices":[{"not_picked":["Dodge and Roll","Sucker Punch"],"picked":"Leg Sweep","floor":1},{"not_picked":["Deflect","Bane"],"picked":"Quick Slash","floor":2},{"not_picked":["Deadly Poison","Setup"],"picked":"Backflip","floor":3},{"not_picked":["Blur","Predator"],"picked":"Choke","floor":5},{"not_picked":["All Out Attack","Bane"],"picked":"Burst","floor":7},{"not_picked":["Blade Dance","Acrobatics"],"picked":"Cloak And Dagger","floor":8},{"not_picked":["Dagger Throw","Underhanded Strike"],"picked":"Flying Knee","floor":11},{"not_picked":["Eviscerate","Deflect","Outmaneuver"],"picked":"SKIP","floor":14}],"player_experience":1073606,"relics_obtained":[{"floor":7,"key":"Pen Nib"},{"floor":9,"key":"PreservedInsect"},{"floor":11,"key":"Art of War"},{"floor":14,"key":"Frozen Egg 2"}],"event_choices":[{"damage_healed":0,"gold_gain":0,"player_choice":"Searched \u00271\u0027 times","damage_taken":0,"max_hp_gain":0,"max_hp_loss":0,"event_name":"Dead Adventurer","floor":11,"gold_loss":0},{"damage_healed":0,"gold_gain":0,"cards_transformed":["Strike_G"],"player_choice":"Transformed","damage_taken":0,"max_hp_gain":0,"max_hp_loss":0,"event_name":"Transmorgrifier","floor":13,"gold_loss":0,"cards_obtained":["Storm of Steel"]}],"is_beta":false,"boss_relics":[],"items_purged_floors":[],"is_endless":false,"potions_floor_spawned":[1,3,8,14],"killed_by":"Slime Boss","ascension_level":20}