{"gold_per_floor":[366,541,616,321,321,321,346,346,346,346,193,205,251,288,300,312],"floor_reached":16,"playtime":310,"items_purged":["Doubt"],"score":177,"play_id":"9cf638dd-4fa4-4e0c-b795-89b9afd8b09e","local_time":"20181022071819","is_ascension_mode":true,"campfire_choices":[{"floor":6.0,"key":"REST"},{"floor":8.0,"key":"REST"},{"data":"Thunderclap","floor":15.0,"key":"SMITH"}],"neow_cost":"CURSE","seed_source_timestamp":0,"circlet_count":0,"master_deck":["Strike_R","Strike_R","Strike_R","Strike_R","Strike_R","Defend_R+1","Defend_R","Defend_R","Defend_R+1","Bash","AscendersBane","Clumsy","Pommel Strike","Twin Strike","Shrug It Off","Shockwave","Thunderclap+1","Iron Wave"],"special_seed":0,"relics":["Burning Blood","War Paint","Ornamental Fan","Pantograph","Thread and Needle","Golden Idol","MawBank","Ancient Tea Set"],"potions_floor_usage":[],"damage_taken":[{"damage":0.0,"enemies":"Small Slimes","floor":1.0,"turns":3.0},{"damage":52.0,"enemies":"Lagavulin","floor":7.0,"turns":10.0},{"damage":28.0,"enemies":"3 Sentries","floor":13.0,"turns":10.0},{"damage":0.0,"enemies":"2 Louse","floor":14.0,"turns":3.0},{"damage":0,"enemies":"Hexaghost","floor":16,"turns":1}],"seed_played":"3985510981468626283","potions_obtained":[{"floor":13.0,"key":"BloodPotion"}],"is_trial":false,"path_per_floor":["M","?","?","$","?","R","E","R","T","?","$","?","E","M","R"],"character_chosen":"IRONCLAD","items_purchased":["Twin Strike","Shrug It Off","War Paint","MawBank"],"campfire_rested":2,"item_purchase_floors":[4,4,4,11],"current_hp_per_floor":[74,74,63,63,38,60,14,36,36,36,36,59,37,43,43,68],"gold":312,"neow_bonus":"TWO_FIFTY_GOLD","is_prod":false,"is_daily":false,"chose_seed":false,"campfire_upgraded":1,"win_rate":0,"timestamp":1540217899,"path_taken":["M","?","?","$","?","R","E","R","T","?","$","?","E","?","R","BOSS"],"build_version":"2018-10-18","purchased_purges":1,"victory":false,"max_hp_per_floor":[75,75,75,75,75,75,75,75,75,69,69,69,69,69,69,69],"card_choices":[{"not_picked":["Heavy Blade","Clash"],"picked":"Pommel Strike","floor":1.0},{"not_picked":["Anger","Clash"],"picked":"Shockwave","floor":7.0},{"not_picked":["Metallicize","Clothesline"],"picked":"Thunderclap","floor":13.0},{"not_picked":["Shrug It Off","Anger"],"picked":"Iron Wave","floor":14.0}],"player_experience":608738,"relics_obtained":[{"floor":7.0,"key":"Pantograph"},{"floor":9.0,"key":"Thread and Needle"},{"floor":13.0,"key":"Ancient Tea Set"}],"event_choices":[{"damage_healed":0.0,"max_hp_gain":0.0,"max_hp_loss":0.0,"gold_gain":175.0,"event_name":"Liars Game","player_choice":"AGREE","floor":2.0,"gold_loss":0.0,"damage_taken":0.0,"cards_obtained":["Doubt"]},{"damage_healed":0.0,"max_hp_gain":0.0,"max_hp_loss":0.0,"gold_gain":75.0,"event_name":"World of Goop","player_choice":"Gather Gold","floor":3.0,"gold_loss":0.0,"damage_taken":11.0},{"damage_healed":0.0,"max_hp_gain":0.0,"max_hp_loss":0.0,"gold_gain":0.0,"event_name":"Scrap Ooze","player_choice":"Success","floor":5.0,"gold_loss":0.0,"damage_taken":25.0,"relics_obtained":["Ornamental Fan"]},{"damage_healed":0.0,"max_hp_gain":0.0,"max_hp_loss":6.0,"gold_gain":0.0,"event_name":"Golden Idol","player_choice":"Lose Max HP","floor":10.0,"gold_loss":0.0,"damage_taken":0.0,"relics_obtained":["Golden Idol"]},{"damage_healed":23.0,"max_hp_gain":0.0,"max_hp_loss":0.0,"gold_gain":0.0,"event_name":"Big Fish","player_choice":"Banana","floor":12.0,"gold_loss":0.0,"damage_taken":0.0}],"is_beta":false,"boss_relics":[],"items_purged_floors":[4],"is_endless":false,"potions_floor_spawned":[13],"killed_by":"Hexaghost","ascension_level":14}