{"path_per_floor":["M","M","?","M","M","R","M","M","T","?","E","R","E","M","R","B",null,"M","?","$","?","M","E","R","T","T","R","M","M","?","E","R"],"character_chosen":"THE_SILENT","items_purchased":["Ornamental Fan","Caltrops","War Paint"],"gold_per_floor":[115,129,94,104,117,117,133,144,169,169,202,202,237,249,249,353,353,370,470,5,5,17,44,44,97,124,124,134,152,152,185,185],"floor_reached":33,"campfire_rested":4,"playtime":1566,"current_hp_per_floor":[50,50,67,67,66,66,53,47,54,54,36,59,29,29,52,2,58,37,37,37,62,45,24,47,47,47,47,34,32,32,23,61],"items_purged":[],"gold":185,"score":401,"play_id":"ee02d1cb-2ec7-4bf7-9a3f-73ce8b96cf36","is_prod":false,"is_daily":false,"is_ascension_mode":true,"campfire_upgraded":2,"path_taken":["M","M","?","?","M","R","M","M","T","?","E","R","E","?","R","BOSS","M","?","$","?","M","E","R","?","T","R","M","M","?","E","R","BOSS"],"build_version":"2018-02-22-PROD2","purchased_purges":0,"victory":false,"master_deck":["Defend_G","Defend_G","Defend_G","Defend_G","Defend_G","Strike_G","Strike_G","Strike_G","Strike_G","Strike_G","Survivor+1","Neutralize","Parasite","Escape Plan+1","Backstab","Cloak And Dagger","Venomology+1","Sucker Punch","Deflect","Regret","Dagger Throw","Blur+1","Malaise+1","Die Die Die","Poisoned Stab","Caltrops+1","Predator+1","Terror+1","Doubt","Doubt","Backstab","Distraction+1","Acrobatics+1"],"max_hp_per_floor":[70,70,70,70,70,70,70,70,77,77,77,77,77,77,77,77,77,77,77,77,77,77,77,77,77,77,77,77,77,77,77,77],"relics":["Ring of the Snake","Frozen Eye","Strawberry","Art of War","Toxic Egg 2","Bag of Preparation","Cursed Key","Ornamental Fan","War Paint","Bag of Marbles","Juzu Bracelet","Regal Pillow","Anchor"],"card_choices":[{"not_picked":["Riddle With Holes","Dagger Throw"],"picked":"Escape Plan"},{"not_picked":["Bouncing Flask","Slice"],"picked":"Backstab"},{"not_picked":["Bouncing Flask","Acrobatics"],"picked":"Cloak And Dagger"},{"not_picked":["Outmaneuver","Dagger Throw"],"picked":"Venomology"},{"not_picked":["Dodge and Roll","Concentrate"],"picked":"Sucker Punch"},{"not_picked":["Blur","Endless Agony"],"picked":"Deflect"},{"not_picked":["Bane","Quick Slash"],"picked":"Dagger Throw"},{"not_picked":["Malaise","Finisher"],"picked":"Blur"},{"not_picked":["Acrobatics","Reflex"],"picked":"Malaise"},{"not_picked":["Burst","Glass Knife"],"picked":"Die Die Die"},{"not_picked":["Prepared","Dodge and Roll"],"picked":"Poisoned Stab"},{"not_picked":["Quick Slash","Dagger Spray"],"picked":"Predator"},{"not_picked":["Bouncing Flask","Skewer"],"picked":"Terror"},{"not_picked":["Tactician","Backflip"],"picked":"Backstab"},{"not_picked":["Quick Slash","Deflect"],"picked":"Distraction"},{"not_picked":["Calculated Gamble","Skewer"],"picked":"Acrobatics"}],"player_experience":220431,"potions_floor_usage":[7,7,8,11,11,13,13,14,16,16,16,18,23,28,31,33,33,33,33],"damage_taken":[{"damage":13,"enemies":"Small Slimes","floor":1,"turns":8},{"damage":0,"enemies":"Jaw Worm","floor":2,"turns":5},{"damage":0,"enemies":"Cultist","floor":4,"turns":4},{"damage":1,"enemies":"Blue Slaver","floor":5,"turns":4},{"damage":13,"enemies":"Exordium Wildlife","floor":7,"turns":6},{"damage":6,"enemies":"Exordium Thugs","floor":8,"turns":6},{"damage":18,"enemies":"3 Sentries","floor":11,"turns":11},{"damage":30,"enemies":"Gremlin Nob","floor":13,"turns":5},{"damage":0,"enemies":"Gremlin Gang","floor":14,"turns":5},{"damage":50,"enemies":"The Guardian","floor":16,"turns":24},{"damage":21,"enemies":"Spheric Guardian","floor":18,"turns":7},{"damage":17,"enemies":"Chosen","floor":22,"turns":8},{"damage":21,"enemies":"Slavers","floor":23,"turns":7},{"damage":13,"enemies":"Centurion and Healer","floor":28,"turns":3},{"damage":2,"enemies":"Slaver and Parasite","floor":29,"turns":5},{"damage":9,"enemies":"Book of Stabbing","floor":31,"turns":4},{"damage":74,"enemies":"Collector","floor":33,"turns":13}],"event_choices":[{"event_name":"The Cleric","player_choice":"Healed","floor":3,"damage_taken":0},{"event_name":"Big Fish","player_choice":"Box","floor":10,"damage_taken":0},{"event_name":"Golden Shrine","player_choice":"Pray","floor":19,"damage_taken":0},{"event_name":"The Library","player_choice":"Heal","floor":21,"damage_taken":0},{"event_name":"Match and Keep!","player_choice":"0 cards matched","floor":30,"damage_taken":0}],"boss_relics":[{"not_picked":["Sozu","Tiny House"],"picked":"Cursed Key"}],"potions_floor_spawned":[1,4,8,11,13,14,29,31],"seed_played":"-880717095254937045","killed_by":"Collector","ascension_level":7,"is_trial":false}