{"gold_per_floor":[116,116,134,20,20,53,8,58,83,96,56],"floor_reached":11,"playtime":149,"items_purged":[],"score":178,"play_id":"1c2bbe5d-2d7d-4af5-9cd8-9a108fb91328","local_time":"20190203201045","is_ascension_mode":true,"campfire_choices":[],"neow_cost":"NONE","seed_source_timestamp":275809013892044,"circlet_count":0,"master_deck":["AscendersBane","Defend_G","Defend_G","Defend_G","Defend_G","Defend_G","Strike_G","Strike_G","Strike_G","Strike_G","Strike_G","Survivor","Neutralize","Bouncing Flask","Distraction","Noxious Fumes+1","Dagger Throw","Dagger Spray","Crippling Poison","Quick Slash"],"relics":["Ring of the Snake","NeowsBlessing","Boot","Tingsha","Smiling Mask"],"potions_floor_usage":[],"damage_taken":[{"damage":0,"enemies":"2 Louse","floor":1,"turns":1},{"damage":0,"enemies":"Small Slimes","floor":3,"turns":1},{"damage":0,"enemies":"Gremlin Nob","floor":6,"turns":1},{"damage":11,"enemies":"Cultist","floor":10,"turns":4},{"damage":4,"enemies":"Looter","floor":11,"turns":2}],"seed_played":"-3724822060406261023","potions_obtained":[],"is_trial":false,"path_per_floor":["M","?","M","$","?","E","$","?","T","M","M"],"character_chosen":"THE_SILENT","items_purchased":["Noxious Fumes","Dagger Throw","Crippling Poison"],"campfire_rested":0,"item_purchase_floors":[4,4,7],"current_hp_per_floor":[59,14,14,14,14,14,14,14,14,3,0],"gold":56,"neow_bonus":"THREE_ENEMY_KILL","is_prod":false,"is_daily":false,"chose_seed":false,"campfire_upgraded":0,"win_rate":0,"timestamp":1549253445,"path_taken":["M","?","M","$","?","E","$","?","T","?","M"],"build_version":"2019-01-23","purchased_purges":0,"victory":false,"max_hp_per_floor":[66,66,66,66,66,66,66,66,66,66,66],"card_choices":[{"not_picked":["Quick Slash","Endless Agony"],"picked":"Bouncing Flask","floor":1},{"not_picked":["Skewer","Slice"],"picked":"Distraction","floor":3},{"not_picked":["Acrobatics","Quick Slash"],"picked":"Dagger Spray","floor":6},{"not_picked":["Underhanded Strike","Accuracy"],"picked":"Quick Slash","floor":10}],"player_experience":1096366,"relics_obtained":[{"floor":6,"key":"Tingsha"},{"floor":9,"key":"Smiling Mask"}],"event_choices":[{"damage_healed":0,"gold_gain":0,"player_choice":"Success","damage_taken":45,"relics_obtained":["Boot"],"max_hp_gain":0,"max_hp_loss":0,"event_name":"Scrap Ooze","floor":2,"gold_loss":0},{"damage_healed":0,"gold_gain":0,"player_choice":"Grow","damage_taken":0,"max_hp_gain":0,"max_hp_loss":0,"event_name":"Living Wall","floor":5,"gold_loss":0,"cards_upgraded":["Noxious Fumes"]},{"damage_healed":0,"gold_gain":50,"player_choice":"Pray","damage_taken":0,"max_hp_gain":0,"max_hp_loss":0,"event_name":"Golden Shrine","floor":8,"gold_loss":0}],"is_beta":false,"boss_relics":[],"items_purged_floors":[],"is_endless":false,"potions_floor_spawned":[],"killed_by":"Looter","ascension_level":17}