{"gold_per_floor":[114,129,79,79,94,94,109,109,184,184,100,115,290,305,305,405,405,432,459,486,498],"floor_reached":21,"playtime":2657,"items_purged":[],"score":173,"play_id":"f450cece-d8c8-4e1f-b5fa-fed1185c8e22","local_time":"20190216030756","daily_mods":["SealedDeck","ControlledChaos","Terminal"],"is_ascension_mode":false,"campfire_choices":[{"data":"Armaments","floor":6,"key":"SMITH"},{"data":"Armaments","floor":10,"key":"SMITH"},{"data":"Demon Form","floor":15,"key":"SMITH"}],"neow_cost":"","seed_source_timestamp":0,"circlet_count":0,"master_deck":["Armaments","Armaments+1","Wild Strike","Body Slam","Body Slam","Armaments+1","Shrug It Off","Headbutt","Havoc","Shrug It Off","Searing Blow","Body Slam","Iron Wave","Shrug It Off","Blood for Blood","Wild Strike","Doubt","Demon Form+1","Feed","Decay","Decay","Doubt","Headbutt","Metallicize+1","Heavy Blade"],"special_seed":17943,"relics":["Burning Blood","Frozen Eye","Sundial","CultistMask","Question Card","Calling Bell","MawBank","Pantograph","Bird Faced Urn"],"potions_floor_usage":[21,21],"damage_taken":[{"damage":0,"enemies":"2 Louse","floor":1,"turns":3},{"damage":0,"enemies":"Jaw Worm","floor":2,"turns":2},{"damage":6,"enemies":"Cultist","floor":5,"turns":2},{"damage":2,"enemies":"3 Louse","floor":7,"turns":3},{"damage":6,"enemies":"Exordium Thugs","floor":12,"turns":3},{"damage":3,"enemies":"Large Slime","floor":14,"turns":6},{"damage":48,"enemies":"The Guardian","floor":16,"turns":9},{"damage":35,"enemies":"3 Byrds","floor":18,"turns":7},{"damage":9,"enemies":"Chosen","floor":19,"turns":6},{"damage":27,"enemies":"Snake Plant","floor":20,"turns":4},{"damage":34,"enemies":"Masked Bandits","floor":21,"turns":3}],"seed_played":"2911605258430901299","potions_obtained":[{"floor":2,"key":"SpeedPotion"},{"floor":16,"key":"Block Potion"},{"floor":18,"key":"Swift Potion"}],"is_trial":false,"path_per_floor":["M","M","?","?","M","R","M","?","T","R","$","M","?","M","R","B",null,"M","M","M","?"],"character_chosen":"IRONCLAD","items_purchased":["Shrug It Off","Blood for Blood"],"campfire_rested":0,"item_purchase_floors":[11,11],"current_hp_per_floor":[78,77,76,75,74,73,72,71,70,69,68,67,66,65,64,22,62,39,38,21,0],"gold":498,"neow_bonus":"","is_prod":false,"is_daily":true,"chose_seed":false,"campfire_upgraded":3,"win_rate":0,"timestamp":1550315276,"path_taken":["M","M","?","?","?","R","M","?","T","R","?","M","?","M","R","BOSS","M","M","M","?"],"build_version":"2019-01-23","purchased_purges":0,"victory":false,"max_hp_per_floor":[78,77,76,75,74,73,72,71,70,69,68,67,66,65,64,63,62,61,60,59,59],"card_choices":[{"not_picked":["Wild Strike","Cleave"],"picked":"Shrug It Off","floor":1},{"not_picked":["Shockwave","Twin Strike"],"picked":"Searing Blow","floor":2},{"not_picked":["Power Through","Headbutt"],"picked":"Body Slam","floor":5},{"not_picked":["Perfected Strike","Clash"],"picked":"Iron Wave","floor":7},{"not_picked":["Clothesline","Sever Soul","Heavy Blade"],"picked":"Wild Strike","floor":12},{"not_picked":["Iron Wave","Seeing Red","True Grit"],"picked":"Demon Form","floor":14},{"not_picked":["Exhume","Bludgeon","Limit Break"],"picked":"Feed","floor":16},{"not_picked":["Pommel Strike","Evolve","Havoc"],"picked":"Headbutt","floor":18},{"not_picked":["Carnage","Heavy Blade","Warcry"],"picked":"Metallicize+1","floor":19},{"not_picked":["Wild Strike","Clash","Disarm"],"picked":"Heavy Blade","floor":20}],"player_experience":59825,"relics_obtained":[{"floor":9,"key":"Question Card"},{"floor":17,"key":"MawBank"},{"floor":17,"key":"Pantograph"},{"floor":17,"key":"Bird Faced Urn"}],"event_choices":[{"cards_removed":["True Grit"],"damage_healed":0,"gold_gain":0,"player_choice":"Card Removal","damage_taken":0,"max_hp_gain":0,"max_hp_loss":0,"event_name":"The Cleric","floor":3,"gold_loss":50},{"damage_healed":0,"gold_gain":0,"player_choice":"Gave Potion","damage_taken":0,"relics_obtained":["Sundial"],"max_hp_gain":0,"max_hp_loss":0,"event_name":"WeMeetAgain","floor":4,"gold_loss":0},{"damage_healed":0,"gold_gain":0,"player_choice":"Trade","damage_taken":0,"relics_obtained":["CultistMask"],"max_hp_gain":0,"max_hp_loss":0,"event_name":"FaceTrader","floor":8,"gold_loss":0},{"damage_healed":0,"gold_gain":175,"player_choice":"AGREE","damage_taken":0,"max_hp_gain":0,"max_hp_loss":0,"event_name":"Liars Game","floor":13,"gold_loss":0,"cards_obtained":["Doubt"]},{"damage_healed":0,"gold_gain":0,"player_choice":"Fought Bandits","damage_taken":0,"max_hp_gain":0,"max_hp_loss":0,"event_name":"Masked Bandits","floor":21,"gold_loss":0}],"is_beta":false,"boss_relics":[{"not_picked":["Velvet Choker","Lizard Tail"],"picked":"Calling Bell"}],"items_purged_floors":[],"is_endless":false,"potions_floor_spawned":[2,16,18],"killed_by":"Masked Bandits","ascension_level":0}