{"gold_per_floor":[110,110,185,204,227,0,0,29,29,29,49,80,91,125,125,202,202,215,215,215,215,233,233,261,261,261,287,20,36,36,36,36,110,110,122,222,232,232,232,232,258,258],"floor_reached":42,"playtime":3044,"items_purged":["Strike_R"],"score":977,"play_id":"f3cd6b10-6bcb-4e91-bbc9-dddf906d8a6a","local_time":"20190412022721","is_ascension_mode":true,"campfire_choices":[{"data":"Bash","floor":7.0,"key":"SMITH"},{"floor":10.0,"key":"DIG"},{"floor":15.0,"key":"DIG"},{"data":"Armaments","floor":23,"key":"SMITH"},{"floor":25,"key":"DIG"},{"floor":32,"key":"DIG"},{"floor":40,"key":"DIG"}],"neow_cost":"NONE","seed_source_timestamp":0,"circlet_count":0,"master_deck":["AscendersBane","Strike_R","Strike_R+1","Strike_R","Strike_R","Defend_R","Defend_R+1","Defend_R","Defend_R","Bash+1","Clothesline","Feel No Pain","Flame Barrier","Headbutt","Flame Barrier","Metallicize","BootSequence","Corpse Explosion","Outmaneuver","Armaments+1","Flame Barrier+1","Envenom","Clothesline","Choke","RitualDagger","Sadistic Nature","Deflect+1","Quick Slash+1","Turbo","Coolheaded"],"special_seed":0,"relics":["Burning Blood","NeowsBlessing","Potion Belt","PrismaticShard","Shovel","Ice Cream","StoneCalendar","Gremlin Horn","Smiling Mask","Orichalcum","Coffee Dripper","Turnip","MutagenicStrength","PreservedInsect","Self Forming Clay","Pantograph","Dream Catcher","Juzu Bracelet","Darkstone Periapt","Black Star","Mango","Torii","Art of War","Mummified Hand"],"potions_floor_usage":[24,33,35,37,39],"damage_taken":[{"damage":0.0,"enemies":"Jaw Worm","floor":1.0,"turns":1.0},{"damage":0.0,"enemies":"2 Louse","floor":4.0,"turns":1.0},{"damage":0.0,"enemies":"3 Sentries","floor":8.0,"turns":2.0},{"damage":0.0,"enemies":"Cultist","floor":11.0,"turns":3.0},{"damage":13.0,"enemies":"Lagavulin","floor":12.0,"turns":6.0},{"damage":0.0,"enemies":"Exordium Wildlife","floor":13.0,"turns":2.0},{"damage":11.0,"enemies":"3 Sentries","floor":14.0,"turns":7.0},{"damage":28.0,"enemies":"Slime Boss","floor":16.0,"turns":9.0},{"damage":10.0,"enemies":"2 Thieves","floor":18.0,"turns":4.0},{"damage":3,"enemies":"3 Byrds","floor":22,"turns":2},{"damage":0,"enemies":"Gremlin Leader","floor":24,"turns":7},{"damage":25,"enemies":"Slavers","floor":27,"turns":3},{"damage":5,"enemies":"Cultist and Chosen","floor":29,"turns":6},{"damage":36,"enemies":"Collector","floor":33,"turns":10},{"damage":9,"enemies":"Orb Walker","floor":35,"turns":4},{"damage":13,"enemies":"Mind Bloom Boss Battle","floor":36,"turns":7},{"damage":25,"enemies":"3 Darklings","floor":37,"turns":4},{"damage":42,"enemies":"Nemesis","floor":41,"turns":7},{"damage":38,"enemies":"Jaw Worm Horde","floor":42,"turns":2}],"seed_played":"8049951733690536597","potions_obtained":[{"floor":4.0,"key":"AttackPotion"},{"floor":11.0,"key":"Weak Potion"},{"floor":14.0,"key":"PowerPotion"},{"floor":18.0,"key":"Strength Potion"},{"floor":27,"key":"Energy Potion"},{"floor":29,"key":"Block Potion"},{"floor":36,"key":"EssenceOfSteel"},{"floor":37,"key":"Fruit Juice"},{"floor":41,"key":"Ancient Potion"}],"is_trial":false,"path_per_floor":["M","?","?","M","T","$","R","E","T","R","M","E","M","E","R","B",null,"M","T","?","?","M","R","E","R","T","E","$","M","?","$","R","B",null,"M","?","M","?","?","R","E","M"],"character_chosen":"IRONCLAD","items_purchased":["PrismaticShard","Juzu Bracelet","Clothesline"],"campfire_rested":0,"item_purchase_floors":[6,28,28],"current_hp_per_floor":[74,51,40,46,46,46,46,52,52,52,58,51,57,52,52,30,64,60,60,60,60,63,63,69,69,69,50,50,51,45,45,45,40,66,63,82,63,63,68,68,32,0],"gold":258,"neow_bonus":"THREE_ENEMY_KILL","is_prod":false,"is_daily":false,"chose_seed":false,"campfire_upgraded":2,"win_rate":0,"timestamp":1555050441,"path_taken":["M","?","?","M","?","$","R","E","T","R","?","E","M","E","R","BOSS","M","?","?","?","?","R","E","R","T","E","$","M","?","?","R","BOSS","M","?","M","?","?","R","E","M"],"build_version":"2019-01-23","purchased_purges":1,"victory":false,"max_hp_per_floor":[75,75,75,75,75,75,75,75,75,75,75,75,75,75,75,75,75,75,75,75,75,75,75,75,75,75,75,75,75,75,75,75,75,75,75,89,89,89,90,90,90,90],"card_choices":[{"not_picked":["Flex","Rupture"],"picked":"Clothesline","floor":1.0},{"not_picked":["Thunderclap","Headbutt"],"picked":"Feel No Pain","floor":4.0},{"not_picked":["Dodge and Roll","Mayhem"],"picked":"Flame Barrier","floor":8.0},{"not_picked":["Flying Knee","Chill"],"picked":"Headbutt","floor":11.0},{"not_picked":["Hologram","Masterful Stab"],"picked":"Flame Barrier","floor":12.0},{"not_picked":["Iron Wave","Flying Knee"],"picked":"Metallicize","floor":13.0},{"not_picked":["Impatience","Calculated Gamble"],"picked":"BootSequence","floor":14.0},{"not_picked":["Fission","Panache"],"picked":"Corpse Explosion","floor":16.0},{"not_picked":["Cloak And Dagger","Sucker Punch"],"picked":"Outmaneuver","floor":18.0},{"not_picked":["Pommel Strike","Clothesline"],"picked":"Armaments","floor":22},{"not_picked":["Rebound","Twin Strike"],"picked":"Flame Barrier+1","floor":24},{"not_picked":["Bouncing Flask","Undo"],"picked":"Envenom","floor":27},{"not_picked":["Acrobatics","Headbutt"],"picked":"Choke","floor":29},{"not_picked":["Biased Cognition","Transmutation"],"picked":"Sadistic Nature","floor":33},{"not_picked":["Clash+1","Setup"],"picked":"Deflect+1","floor":35},{"not_picked":["Undo+1","PiercingWail+1"],"picked":"Quick Slash+1","floor":36},{"not_picked":["Body Slam","Beam Cell+1"],"picked":"Turbo","floor":37},{"not_picked":["Pommel Strike","Clothesline+1"],"picked":"Coolheaded","floor":41}],"player_experience":349376,"relics_obtained":[{"floor":5.0,"key":"Potion Belt"},{"floor":8.0,"key":"Shovel"},{"floor":9.0,"key":"Ice Cream"},{"floor":10.0,"key":"StoneCalendar"},{"floor":12.0,"key":"Gremlin Horn"},{"floor":14.0,"key":"Smiling Mask"},{"floor":15.0,"key":"Orichalcum"},{"floor":19.0,"key":"Turnip"},{"floor":24,"key":"PreservedInsect"},{"floor":25,"key":"Self Forming Clay"},{"floor":26,"key":"Pantograph"},{"floor":27,"key":"Dream Catcher"},{"floor":32,"key":"Darkstone Periapt"},{"floor":36,"key":"Mango"},{"floor":40,"key":"Torii"},{"floor":41,"key":"Art of War"},{"floor":41,"key":"Mummified Hand"}],"event_choices":[{"damage_healed":0.0,"max_hp_gain":0.0,"max_hp_loss":0.0,"gold_gain":0.0,"event_name":"Shining Light","player_choice":"Entered Light","floor":2.0,"gold_loss":0.0,"damage_taken":23.0,"cards_upgraded":["Defend_R","Strike_R"]},{"damage_healed":0.0,"max_hp_gain":0.0,"max_hp_loss":0.0,"gold_gain":75.0,"event_name":"World of Goop","player_choice":"Gather Gold","floor":3.0,"gold_loss":0.0,"damage_taken":11.0},{"damage_healed":0,"gold_gain":0,"player_choice":"Inject Mutagens","damage_taken":0,"relics_obtained":["MutagenicStrength"],"max_hp_gain":0,"max_hp_loss":0,"event_name":"Drug Dealer","floor":20,"gold_loss":0},{"damage_healed":0,"gold_gain":0,"player_choice":"Leave","damage_taken":0,"max_hp_gain":0,"max_hp_loss":0,"event_name":"FaceTrader","floor":21,"gold_loss":0},{"damage_healed":0,"gold_gain":0,"player_choice":"Joined the Cult","damage_taken":6,"max_hp_gain":0,"max_hp_loss":0,"event_name":"Nest","floor":30,"gold_loss":0,"cards_obtained":["RitualDagger"]},{"damage_healed":0,"gold_gain":0,"player_choice":"Fight","damage_taken":0,"max_hp_gain":0,"max_hp_loss":0,"event_name":"MindBloom","floor":36,"gold_loss":0},{"damage_healed":0,"gold_gain":0,"player_choice":"Ignored","damage_taken":0,"max_hp_gain":0,"max_hp_loss":0,"event_name":"Tomb of Lord Red Mask","floor":38,"gold_loss":0},{"damage_healed":0,"gold_gain":0,"player_choice":"Max HP","damage_taken":0,"max_hp_gain":0,"max_hp_loss":4,"event_name":"Winding Halls","floor":39,"gold_loss":0}],"is_beta":false,"boss_relics":[{"not_picked":["Runic Cube","Empty Cage"],"picked":"Coffee Dripper"},{"not_picked":["Sozu","Runic Dome"],"picked":"Black Star"}],"items_purged_floors":[28],"is_endless":false,"potions_floor_spawned":[4,11,14,18,27,29,36,37,41],"killed_by":"Jaw Worm Horde","ascension_level":17}