{"gold_per_floor":[118,118,137,157,157,157,169,202,202,202,233,250,260,260,260,384,384,407,427,10,31,31,72,72,108,108,127,127,127,127,170,170,170],"floor_reached":33,"playtime":2800,"items_purged":["Injury"],"score":594,"play_id":"e799afd9-3ab3-4cf5-8006-6b5070299588","local_time":"20190310013811","is_ascension_mode":true,"campfire_choices":[{"data":"Uppercut","floor":6,"key":"SMITH"},{"data":"Uppercut","floor":10,"key":"SMITH"},{"floor":15,"key":"REST"},{"data":"Corruption","floor":24,"key":"SMITH"},{"floor":29,"key":"REST"},{"data":"Armaments","floor":32,"key":"SMITH"}],"neow_cost":"NONE","seed_source_timestamp":472100615020927,"circlet_count":0,"master_deck":["AscendersBane","Strike_R","Strike_R","Strike_R","Defend_R","Defend_R","Defend_R","Defend_R","Bash+1","Uppercut+1","Uppercut+1","Disarm","Panacea","Shrug It Off","Juggernaut","Ghostly Armor","Flame Barrier","Immolate","Spot Weakness","Feel No Pain","Shrug It Off","Sword Boomerang","Pummel","Armaments+1","Cleave","Corruption+1","Ghostly Armor","Ghostly","Ghostly","Ghostly","Ghostly","Ghostly","Ghostly Armor","Impervious","Feel No Pain","Rage","Juggernaut"],"relics":["Burning Blood","Question Card","Matryoshka","Smiling Mask","Golden Idol","Orrery","Anchor","Centennial Puzzle","Red Skull","Juzu Bracelet","Singing Bowl","FaceOfCleric","Mercury Hourglass"],"potions_floor_usage":[7,8,11,16,16,19,20,21,21,25,33],"damage_taken":[{"damage":11,"enemies":"Jaw Worm","floor":1,"turns":4},{"damage":7,"enemies":"Small Slimes","floor":3,"turns":4},{"damage":1,"enemies":"Cultist","floor":4,"turns":3},{"damage":1,"enemies":"2 Fungi Beasts","floor":7,"turns":4},{"damage":30,"enemies":"Lagavulin","floor":8,"turns":6},{"damage":15,"enemies":"Gremlin Nob","floor":11,"turns":5},{"damage":17,"enemies":"Blue Slaver","floor":12,"turns":4},{"damage":17,"enemies":"Large Slime","floor":13,"turns":6},{"damage":32,"enemies":"The Guardian","floor":16,"turns":13},{"damage":27,"enemies":"Shell Parasite","floor":18,"turns":9},{"damage":42,"enemies":"Spheric Guardian","floor":19,"turns":10},{"damage":8,"enemies":"Snake Plant","floor":21,"turns":4},{"damage":0,"enemies":"Gremlin Leader","floor":23,"turns":9},{"damage":11,"enemies":"Book of Stabbing","floor":25,"turns":8},{"damage":2,"enemies":"Sentry and Sphere","floor":27,"turns":8},{"damage":23,"enemies":"Gremlin Leader","floor":31,"turns":7},{"damage":70,"enemies":"Automaton","floor":33,"turns":12}],"seed_played":"-4616897512049421235","potions_obtained":[{"floor":1,"key":"SkillPotion"},{"floor":4,"key":"EssenceOfSteel"},{"floor":7,"key":"PowerPotion"},{"floor":8,"key":"Block Potion"},{"floor":13,"key":"LiquidBronze"},{"floor":18,"key":"Dexterity Potion"},{"floor":19,"key":"PowerPotion"},{"floor":23,"key":"AttackPotion"},{"floor":31,"key":"BloodPotion"}],"is_trial":false,"path_per_floor":["M","?","M","M","?","R","M","E","T","R","E","M","M","?","R","B",null,"M","M","$","M","?","E","R","E","T","M","?","R","?","E","R","B"],"character_chosen":"IRONCLAD","items_purchased":["Corruption","Anchor","Fruit Juice","Energy Potion"],"campfire_rested":2,"item_purchase_floors":[20,20,20,20],"current_hp_per_floor":[67,72,71,76,76,76,81,57,57,57,48,37,26,26,51,25,70,49,13,18,16,16,22,22,17,17,23,23,37,37,21,21,0],"gold":170,"neow_bonus":"UPGRADE_CARD","is_prod":false,"is_daily":false,"chose_seed":false,"campfire_upgraded":4,"win_rate":0,"timestamp":1552199891,"path_taken":["M","?","M","M","?","R","M","E","T","R","E","?","M","?","R","BOSS","M","M","$","M","?","E","R","E","T","M","?","R","?","E","R","BOSS"],"build_version":"2019-01-23","purchased_purges":1,"victory":false,"max_hp_per_floor":[80,85,85,85,85,85,85,85,85,85,85,85,85,85,85,85,85,85,85,90,90,45,45,45,45,45,47,47,47,47,48,48,48],"card_choices":[{"not_picked":["Fire Breathing","Clothesline"],"picked":"Uppercut","floor":1},{"not_picked":["Clothesline","Dropkick"],"picked":"Uppercut","floor":3},{"not_picked":["Havoc","Evolve"],"picked":"Disarm","floor":4},{"not_picked":["Heavy Blade","Second Wind"],"picked":"Shrug It Off","floor":7},{"not_picked":["Power Through","Seeing Red","Flex"],"picked":"SKIP","floor":8},{"not_picked":["Cleave","Anger","Flex"],"picked":"Juggernaut","floor":11},{"not_picked":["Sever Soul","Twin Strike","Havoc"],"picked":"Ghostly Armor","floor":12},{"not_picked":["Clothesline","Perfected Strike","Heavy Blade"],"picked":"Flame Barrier","floor":13},{"not_picked":["Limit Break","Exhume","Fiend Fire"],"picked":"Immolate","floor":16},{"not_picked":["Warcry","Feel No Pain","Perfected Strike"],"picked":"Spot Weakness","floor":17},{"not_picked":["Cleave","Heavy Blade","Inflame"],"picked":"Feel No Pain","floor":17},{"not_picked":["Power Through","Thunderclap","Battle Trance"],"picked":"Shrug It Off","floor":17},{"not_picked":["Entrench","Havoc","Dual Wield"],"picked":"Sword Boomerang","floor":17},{"not_picked":["Sword Boomerang","Inflame","Sever Soul"],"picked":"Pummel","floor":17},{"not_picked":["Blood for Blood","Carnage+1","Immolate"],"picked":"Armaments","floor":18},{"not_picked":["Entrench","Shrug It Off+1","Perfected Strike"],"picked":"Cleave","floor":19},{"not_picked":["Hemokinesis","Shrug It Off","Armaments"],"picked":"Ghostly Armor","floor":21},{"not_picked":["Heavy Blade+1","Wild Strike","Flex"],"picked":"Ghostly Armor","floor":23},{"not_picked":["Burning Pact","Twin Strike","Wild Strike"],"picked":"Impervious","floor":25},{"not_picked":["Pommel Strike","Armaments","Clash","Anger"],"picked":"Singing Bowl","floor":27},{"not_picked":["Perfected Strike","Thunderclap","Cleave"],"picked":"Juggernaut","floor":31}],"player_experience":271012,"relics_obtained":[{"floor":8,"key":"Question Card"},{"floor":9,"key":"Matryoshka"},{"floor":11,"key":"Smiling Mask"},{"floor":23,"key":"Centennial Puzzle"},{"floor":25,"key":"Red Skull"},{"floor":26,"key":"Juzu Bracelet"},{"floor":26,"key":"Singing Bowl"},{"floor":31,"key":"Mercury Hourglass"}],"event_choices":[{"damage_healed":0,"gold_gain":0,"player_choice":"Donut","damage_taken":0,"max_hp_gain":5,"max_hp_loss":0,"event_name":"Big Fish","floor":2,"gold_loss":0},{"damage_healed":0,"gold_gain":0,"player_choice":"1 cards matched","damage_taken":0,"max_hp_gain":0,"max_hp_loss":0,"event_name":"Match and Keep!","floor":5,"gold_loss":0,"cards_obtained":["Panacea"]},{"damage_healed":0,"gold_gain":0,"player_choice":"Take Wound","damage_taken":0,"relics_obtained":["Golden Idol"],"max_hp_gain":0,"max_hp_loss":0,"event_name":"Golden Idol","floor":14,"gold_loss":0,"cards_obtained":["Injury"]},{"damage_healed":0,"gold_gain":0,"player_choice":"Became a Ghost","damage_taken":0,"max_hp_gain":0,"max_hp_loss":45,"event_name":"Ghosts","floor":22,"gold_loss":0,"cards_obtained":["Ghostly","Ghostly","Ghostly","Ghostly","Ghostly"]},{"damage_healed":0,"gold_gain":0,"player_choice":"Trade","damage_taken":0,"relics_obtained":["FaceOfCleric"],"max_hp_gain":0,"max_hp_loss":0,"event_name":"FaceTrader","floor":28,"gold_loss":0},{"damage_healed":0,"gold_gain":0,"cards_transformed":["Strike_R","Strike_R"],"player_choice":"Became Test Subject","damage_taken":0,"max_hp_gain":0,"max_hp_loss":0,"event_name":"Drug Dealer","floor":30,"gold_loss":0,"cards_obtained":["Feel No Pain","Rage"]}],"is_beta":false,"boss_relics":[{"not_picked":["Coffee Dripper","Fusion Hammer"],"picked":"Orrery"}],"items_purged_floors":[20],"is_endless":false,"potions_floor_spawned":[1,4,7,8,13,18,19,23,31],"killed_by":"Automaton","ascension_level":12}