{"gold_per_floor":[110,121,42,42,42,42,97,97,97,125,13,23,33,9,9,9],"floor_reached":16,"playtime":330,"items_purged":[],"score":226,"play_id":"25923e45-b881-46f9-8d31-13e7226f61d0","local_time":"20181104013904","is_ascension_mode":true,"campfire_choices":[{"data":"Caltrops","floor":6,"key":"SMITH"},{"data":"Cloak And Dagger","floor":8,"key":"SMITH"},{"data":"Envenom","floor":15,"key":"SMITH"}],"neow_cost":"NONE","seed_source_timestamp":2101527515013436,"circlet_count":0,"master_deck":["AscendersBane","Defend_G","Defend_G","Defend_G","Defend_G","Defend_G","Strike_G","Strike_G","Strike_G","Strike_G","Strike_G","Survivor","Neutralize","Cloak And Dagger+1","Deflect","Caltrops+1","Deadly Poison","Envenom+1","Cloak And Dagger","Well Laid Plans","Prepared","PiercingWail","Flying Knee"],"relics":["Ring of the Snake","NeowsBlessing","Tiny Chest","Dodecahedron","Happy Flower"],"potions_floor_usage":[10,16,16],"damage_taken":[{"damage":0,"enemies":"Cultist","floor":1,"turns":1},{"damage":0,"enemies":"2 Louse","floor":2,"turns":1},{"damage":0,"enemies":"Lagavulin","floor":7,"turns":1},{"damage":17,"enemies":"Gremlin Nob","floor":10,"turns":4},{"damage":4,"enemies":"Small Slimes","floor":12,"turns":4},{"damage":4,"enemies":"Blue Slaver","floor":13,"turns":4},{"damage":42,"enemies":"Slime Boss","floor":16,"turns":10}],"seed_played":"-7981786549967762873","potions_obtained":[{"floor":5,"key":"Explosive Potion"},{"floor":5,"key":"FearPotion"},{"floor":12,"key":"Weak Potion"}],"is_trial":false,"path_per_floor":["M","M","$","?","?","R","E","R","T","E","$","M","M","$","R","B"],"character_chosen":"THE_SILENT","items_purchased":["Caltrops","Cloak And Dagger","Well Laid Plans","Flying Knee"],"campfire_rested":0,"item_purchase_floors":[3,11,11,14],"current_hp_per_floor":[59,59,59,59,59,59,59,59,59,42,42,38,34,34,34,0],"gold":9,"neow_bonus":"THREE_ENEMY_KILL","is_prod":false,"is_daily":false,"chose_seed":false,"campfire_upgraded":3,"win_rate":0,"timestamp":1541320744,"path_taken":["M","?","$","?","?","R","E","R","T","E","$","?","M","$","R","BOSS"],"build_version":"2018-11-01","purchased_purges":0,"victory":false,"max_hp_per_floor":[66,66,66,66,66,66,66,66,66,66,66,66,66,66,66,66],"card_choices":[{"not_picked":["PiercingWail","Dodge and Roll"],"picked":"Cloak And Dagger","floor":1},{"not_picked":["Blade Dance","Slice"],"picked":"Deflect","floor":2},{"not_picked":["Blur","Reflex"],"picked":"Deadly Poison","floor":7},{"not_picked":["Underhanded Strike","Poisoned Stab"],"picked":"Envenom","floor":10},{"not_picked":["Sucker Punch","Dodge and Roll"],"picked":"Prepared","floor":12},{"not_picked":["Eviscerate","Outmaneuver"],"picked":"PiercingWail","floor":13}],"player_experience":850802,"relics_obtained":[{"floor":7,"key":"Tiny Chest"},{"floor":9,"key":"Dodecahedron"},{"floor":10,"key":"Happy Flower"}],"event_choices":[{"damage_healed":0,"gold_gain":0,"player_choice":"Leave","damage_taken":0,"max_hp_gain":0,"max_hp_loss":0,"event_name":"The Cleric","floor":4,"gold_loss":0},{"damage_healed":0,"gold_gain":0,"player_choice":"Got Potions","damage_taken":0,"max_hp_gain":0,"max_hp_loss":0,"event_name":"Lab","floor":5,"gold_loss":0}],"is_beta":false,"boss_relics":[],"items_purged_floors":[],"is_endless":false,"potions_floor_spawned":[7,12,13],"killed_by":"Slime Boss","ascension_level":14}