{"gold_per_floor":[114,89,164,21,21,40,72,72,124,124,196,196,222,239,239,239],"floor_reached":16,"playtime":346,"items_purged":[],"score":186,"play_id":"e08fbde2-10a3-4eb2-8b41-c4254337cc4c","local_time":"20181024183018","is_ascension_mode":true,"campfire_choices":[{"floor":8,"key":"REST"},{"floor":10,"key":"REST"},{"data":"Bloodletting","floor":12,"key":"SMITH"},{"data":"Blood for Blood","floor":15,"key":"SMITH"}],"neow_cost":"PERCENT_DAMAGE","seed_source_timestamp":1211783378167230,"circlet_count":0,"master_deck":["Strike_R","Strike_R","Strike_R","Strike_R","Strike_R","Defend_R","Defend_R","Defend_R","Defend_R","Bash","AscendersBane","Clothesline","Shrug It Off","Reaper","Bloodletting+1","Twin Strike","Pommel Strike","Blood for Blood+1"],"relics":["Burning Blood","Ice Cream","Juzu Bracelet","Centennial Puzzle","Question Card","Turnip"],"potions_floor_usage":[7],"damage_taken":[{"damage":1,"enemies":"Cultist","floor":1,"turns":3},{"damage":3,"enemies":"2 Louse","floor":6,"turns":3},{"damage":52,"enemies":"3 Sentries","floor":7,"turns":10},{"damage":31,"enemies":"Lagavulin","floor":13,"turns":6},{"damage":5,"enemies":"Small Slimes","floor":14,"turns":3},{"damage":54,"enemies":"The Guardian","floor":16,"turns":9}],"seed_played":"3756039902362879757","potions_obtained":[{"floor":6,"key":"Poison Potion"}],"is_trial":false,"path_per_floor":["M","$","?","$","?","M","E","R","T","R","T","R","E","M","R"],"character_chosen":"IRONCLAD","items_purchased":["Shrug It Off","Reaper"],"campfire_rested":2,"item_purchase_floors":[2,4],"current_hp_per_floor":[55,55,44,44,44,51,13,35,35,57,57,57,36,45,45,0],"gold":239,"neow_bonus":"ONE_RARE_RELIC","is_prod":false,"is_daily":false,"chose_seed":false,"campfire_upgraded":2,"win_rate":0,"timestamp":1540431018,"path_taken":["M","?","?","$","?","?","E","R","T","R","?","R","E","M","R","BOSS"],"build_version":"2018-10-18","purchased_purges":0,"victory":false,"max_hp_per_floor":[75,75,75,75,75,75,75,75,75,75,75,75,75,75,75,75],"card_choices":[{"not_picked":["Havoc","Fire Breathing"],"picked":"Clothesline","floor":1},{"not_picked":["Blood for Blood","Sentinel"],"picked":"Bloodletting","floor":6},{"not_picked":["Pummel","Body Slam"],"picked":"Twin Strike","floor":7},{"not_picked":["Thunderclap","Body Slam","Shrug It Off"],"picked":"Pommel Strike","floor":13},{"not_picked":["Thunderclap","Wild Strike","Searing Blow"],"picked":"Blood for Blood","floor":14}],"player_experience":640100,"relics_obtained":[{"floor":7,"key":"Juzu Bracelet"},{"floor":9,"key":"Centennial Puzzle"},{"floor":11,"key":"Question Card"},{"floor":13,"key":"Turnip"}],"event_choices":[{"damage_healed":0,"gold_gain":75,"player_choice":"Gather Gold","damage_taken":11,"max_hp_gain":0,"max_hp_loss":0,"event_name":"World of Goop","floor":3,"gold_loss":0},{"damage_healed":0,"gold_gain":0,"player_choice":"Ignored","damage_taken":0,"max_hp_gain":0,"max_hp_loss":0,"event_name":"Shining Light","floor":5,"gold_loss":0}],"is_beta":false,"boss_relics":[],"items_purged_floors":[],"is_endless":false,"potions_floor_spawned":[6],"killed_by":"The Guardian","ascension_level":15}