{"gold_per_floor":[118,118,118,118,142,276,276,315,362,387,403],"floor_reached":11,"playtime":384,"items_purged":[],"score":83,"play_id":"4a06f31a-7c1b-4297-9420-36a82d328db2","local_time":"20190227175455","is_ascension_mode":false,"campfire_choices":[{"floor":7,"key":"REST"}],"neow_cost":"NONE","seed_source_timestamp":362746939146400,"circlet_count":0,"master_deck":["Strike_B","Strike_B","Strike_B","Defend_B","Defend_B","Defend_B","Defend_B","Zap","Dualcast","Recycle","Cold Snap","Injury","Double Energy","Genetic Algorithm","Compile Driver","Turbo"],"relics":["Cracked Core","Golden Idol","Girya","Pantograph","Ice Cream"],"potions_floor_usage":[6,11,11],"damage_taken":[{"damage":7,"enemies":"Small Slimes","floor":1,"turns":4},{"damage":1,"enemies":"Jaw Worm","floor":5,"turns":5},{"damage":52,"enemies":"Gremlin Nob","floor":6,"turns":5},{"damage":32,"enemies":"3 Sentries","floor":8,"turns":11},{"damage":0,"enemies":"2 Louse","floor":10,"turns":2},{"damage":9,"enemies":"Large Slime","floor":11,"turns":4}],"seed_played":"-3692177379326303012","potions_obtained":[{"floor":1,"key":"Regen Potion"},{"floor":8,"key":"AttackPotion"},{"floor":10,"key":"Fire Potion"},{"floor":11,"key":"Strength Potion"}],"is_trial":false,"path_per_floor":["M","?","?","?","M","E","R","E","T","M","M"],"character_chosen":"DEFECT","items_purchased":[],"campfire_rested":1,"item_purchase_floors":[],"current_hp_per_floor":[68,68,68,68,67,24,46,14,14,14,5],"gold":403,"neow_bonus":"TRANSFORM_CARD","is_prod":false,"is_daily":false,"chose_seed":false,"campfire_upgraded":0,"win_rate":0,"timestamp":1551318895,"path_taken":["M","?","?","?","M","E","R","E","T","M","M"],"build_version":"2019-01-23","purchased_purges":0,"victory":false,"max_hp_per_floor":[75,75,75,75,75,75,75,75,75,75,75],"card_choices":[{"not_picked":["Beam Cell","Leap"],"picked":"Cold Snap","floor":1},{"not_picked":["Undo","Lockon"],"picked":"Double Energy","floor":5},{"not_picked":["Steam","Redo"],"picked":"Genetic Algorithm","floor":6},{"not_picked":["Gash","Hello World"],"picked":"Compile Driver","floor":8},{"not_picked":["Gash","Lockon"],"picked":"Turbo","floor":10}],"player_experience":85321,"relics_obtained":[{"floor":4,"key":"Girya"},{"floor":6,"key":"Pantograph"},{"floor":8,"key":"Ice Cream"}],"event_choices":[{"damage_healed":0,"gold_gain":0,"player_choice":"Take Wound","damage_taken":0,"relics_obtained":["Golden Idol"],"max_hp_gain":0,"max_hp_loss":0,"event_name":"Golden Idol","floor":2,"gold_loss":0,"cards_obtained":["Injury"]}],"is_beta":false,"boss_relics":[],"items_purged_floors":[],"is_endless":false,"potions_floor_spawned":[1,8,10,11],"killed_by":"Large Slime","ascension_level":0}