{"gold_per_floor":[116,133,146,146,164,164,164,164,164,164,164],"floor_reached":11,"playtime":307,"items_purged":[],"score":113,"play_id":"3fa9a486-8c52-41b7-9576-935bef0ebc54","local_time":"20190113155422","is_ascension_mode":true,"campfire_choices":[{"data":"Adrenaline","floor":6,"key":"SMITH"},{"data":"Dagger Spray","floor":8,"key":"SMITH"},{"data":"Leg Sweep","floor":10,"key":"SMITH"}],"neow_cost":"TEN_PERCENT_HP_LOSS","seed_source_timestamp":390483786495331,"circlet_count":0,"master_deck":["AscendersBane","Defend_G","Defend_G","Defend_G","Strike_G","Strike_G","Strike_G","Strike_G","Survivor","Neutralize","Dodge and Roll","Cloak And Dagger","Adrenaline+1","Dagger Spray+1","Leg Sweep+1"],"relics":["Ring of the Snake","Matryoshka"],"potions_floor_usage":[5],"damage_taken":[{"damage":2,"enemies":"Cultist","floor":1,"turns":4},{"damage":4,"enemies":"Small Slimes","floor":2,"turns":6},{"damage":2,"enemies":"2 Louse","floor":3,"turns":3},{"damage":9,"enemies":"Large Slime","floor":5,"turns":8},{"damage":37,"enemies":"Lagavulin","floor":11,"turns":9}],"seed_played":"-2787093899264372107","potions_obtained":[{"floor":2,"key":"AttackPotion"}],"is_trial":false,"path_per_floor":["M","M","M","?","M","R","?","R","T","R","E"],"character_chosen":"THE_SILENT","items_purchased":[],"campfire_rested":0,"item_purchase_floors":[],"current_hp_per_floor":[57,53,51,51,42,42,35,35,35,35,0],"gold":164,"neow_bonus":"REMOVE_TWO","is_prod":false,"is_daily":false,"chose_seed":false,"campfire_upgraded":3,"win_rate":0,"timestamp":1547423662,"path_taken":["M","?","M","?","?","R","?","R","T","R","E"],"build_version":"2019-01-10","purchased_purges":0,"victory":false,"max_hp_per_floor":[60,60,60,60,60,60,60,60,60,60,60],"card_choices":[{"not_picked":["Prepared","Outmaneuver"],"picked":"Dodge and Roll","floor":1},{"not_picked":["Underhanded Strike","Choke"],"picked":"Cloak And Dagger","floor":2},{"not_picked":["Dagger Throw","Sucker Punch"],"picked":"Adrenaline","floor":3},{"not_picked":["Riddle With Holes","Backflip"],"picked":"Leg Sweep","floor":5}],"player_experience":1066981,"relics_obtained":[{"floor":9,"key":"Matryoshka"}],"event_choices":[{"damage_healed":0,"gold_gain":0,"player_choice":"1 cards matched","damage_taken":0,"max_hp_gain":0,"max_hp_loss":0,"event_name":"Match and Keep!","floor":4,"gold_loss":0,"cards_obtained":["Dagger Spray"]},{"cards_removed":["Defend_G"],"damage_healed":0,"gold_gain":0,"player_choice":"Card Removal","damage_taken":7,"max_hp_gain":0,"max_hp_loss":0,"event_name":"Golden Wing","floor":7,"gold_loss":0}],"is_beta":false,"boss_relics":[],"items_purged_floors":[],"is_endless":false,"potions_floor_spawned":[2],"killed_by":"Lagavulin","ascension_level":16}