{"gold_per_floor":[117,117,132,82,7,7,35,35,35,70,82,82,94,114,114,114],"floor_reached":16,"playtime":588,"items_purged":["Strike_R"],"score":149,"play_id":"b43e40c6-13dd-43ab-8841-9c4bd1cba39e","local_time":"20181009174424","is_ascension_mode":true,"campfire_choices":[{"data":"Headbutt","floor":6.0,"key":"SMITH"},{"data":"Whirlwind","floor":12,"key":"SMITH"},{"data":"True Grit","floor":15,"key":"SMITH"}],"neow_cost":"NONE","seed_source_timestamp":0,"circlet_count":0,"master_deck":["Strike_R","Strike_R","Defend_R","Defend_R","Defend_R","Defend_R","Bash","Headbutt+1","Whirlwind+1","Reaper","True Grit+1"],"special_seed":0,"relics":["Burning Blood","NeowsBlessing","Bag of Marbles","Matryoshka","The Courier"],"potions_floor_usage":[],"damage_taken":[{"damage":0.0,"enemies":"Small Slimes","floor":1.0,"turns":1.0},{"damage":0.0,"enemies":"2 Louse","floor":3.0,"turns":1.0},{"damage":0.0,"enemies":"Lagavulin","floor":7.0,"turns":1.0},{"damage":33.0,"enemies":"3 Sentries","floor":10.0,"turns":9.0},{"damage":6,"enemies":"Jaw Worm","floor":11,"turns":4},{"damage":12,"enemies":"3 Louse","floor":13,"turns":2},{"damage":0,"enemies":"Gremlin Gang","floor":14,"turns":1},{"damage":64,"enemies":"The Guardian","floor":16,"turns":14}],"seed_played":"5648659963840417056","potions_obtained":[{"floor":7.0,"key":"Dexterity Potion"}],"is_trial":false,"path_per_floor":["M","?","M","?","$","R","E","?","T","E","M","R","M","M","R"],"character_chosen":"IRONCLAD","items_purchased":[],"campfire_rested":0,"item_purchase_floors":[],"current_hp_per_floor":[80,85,85,85,85,85,85,85,85,58,58,58,52,58,58,0],"gold":114,"neow_bonus":"THREE_ENEMY_KILL","is_prod":false,"is_daily":false,"chose_seed":false,"campfire_upgraded":3,"win_rate":0,"timestamp":1539121464,"path_taken":["M","?","M","?","$","R","E","?","T","E","?","R","?","M","R","BOSS"],"build_version":"2018-10-04v2","purchased_purges":1,"victory":false,"max_hp_per_floor":[80,85,85,85,85,85,85,85,85,85,85,85,85,85,85,85],"card_choices":[{"not_picked":["Clash","Anger","Sword Boomerang"],"picked":"SKIP","floor":1.0},{"not_picked":["Combust","Sword Boomerang"],"picked":"Headbutt","floor":3.0},{"not_picked":["Thunderclap","Dropkick"],"picked":"Whirlwind","floor":7.0},{"not_picked":["Immolate","Sentinel"],"picked":"Reaper","floor":10.0},{"not_picked":["Anger","Reckless Charge","Entrench"],"picked":"SKIP","floor":11},{"not_picked":["Uppercut","Wild Strike"],"picked":"True Grit","floor":13},{"not_picked":["Fire Breathing","Armaments","Carnage"],"picked":"SKIP","floor":14}],"player_experience":204975,"relics_obtained":[{"floor":7.0,"key":"Bag of Marbles"},{"floor":9.0,"key":"Matryoshka"},{"floor":10.0,"key":"The Courier"}],"event_choices":[{"event_name":"Big Fish","player_choice":"Donut","floor":2.0,"damage_taken":0.0},{"event_name":"The Cleric","player_choice":"Card Removal","floor":4.0,"damage_taken":0.0},{"event_name":"Living Wall","player_choice":"Forget","floor":8.0,"damage_taken":0.0}],"is_beta":false,"boss_relics":[],"items_purged_floors":[5],"is_endless":false,"potions_floor_spawned":[7],"killed_by":"The Guardian","ascension_level":2}