{"path_per_floor":["M","M","?","M","M","E","R","$","T","E","M","E","M","M","R","B",null,"M","$","?","M","?","R","M","E","T","R","M","M","?","?","R"],"character_chosen":"THE_SILENT","items_purchased":["Strength Potion","Caltrops","Apotheosis"],"gold_per_floor":[116,127,127,139,155,185,185,58,83,115,125,152,170,184,184,282,282,282,10,10,10,10,10,10,10,10,10,10,10,10,10,10],"floor_reached":33,"campfire_rested":5,"playtime":1024,"current_hp_per_floor":[62,58,51,51,50,38,59,59,59,52,52,45,37,37,58,39,62,39,39,39,34,21,43,31,21,21,43,14,5,5,5,27],"items_purged":["Strike_G"],"gold":10,"score":376,"play_id":"0ede9d0b-661d-4e74-a64e-94769984ebcd","is_prod":false,"is_daily":false,"is_ascension_mode":true,"campfire_upgraded":0,"path_taken":["M","M","?","?","M","E","R","?","T","E","M","E","?","M","R","BOSS","M","$","?","M","?","R","M","E","T","R","?","M","?","?","R","BOSS"],"build_version":"2018-02-22-PROD2","purchased_purges":1,"victory":false,"master_deck":["Defend_G+1","Defend_G+1","Defend_G+1","Defend_G+1","Defend_G+1","Strike_G+1","Strike_G+1","Strike_G+1","Survivor","Neutralize","Sucker Punch","Slice","Dash","After Image","Dagger Spray","Heel Hook","Cloak And Dagger","Glass Knife","Quick Slash","Slice","Adrenaline","Blur","Caltrops","Apotheosis","PiercingWail","Crippling Poison+1","Cloak And Dagger+1","Slice","Cloak And Dagger+1"],"max_hp_per_floor":[70,70,70,70,70,70,70,70,70,70,70,70,70,70,70,70,70,70,70,70,70,75,75,75,75,75,75,75,75,75,75,75],"relics":["Ring of the Snake","Oddly Smooth Stone","Snake Skull","Bag of Marbles","Bottled Flame","Ectoplasm","Unceasing Top","Singing Bowl"],"card_choices":[{"not_picked":["All Out Attack","Deflect"],"picked":"Sucker Punch"},{"not_picked":["Choke","Backflip"],"picked":"Slice"},{"not_picked":["Deadly Poison","Predator"],"picked":"Dash"},{"not_picked":["Riddle With Holes","Deflect"],"picked":"After Image"},{"not_picked":["Catalyst","Acrobatics"],"picked":"Dagger Spray"},{"not_picked":["Catalyst","Bane"],"picked":"Heel Hook"},{"not_picked":["Catalyst","Dagger Spray"],"picked":"Cloak And Dagger"},{"not_picked":["Underhanded Strike","Dodge and Roll"],"picked":"Glass Knife"},{"not_picked":["Finisher","Flying Knee"],"picked":"Quick Slash"},{"not_picked":["Backflip","Prepared"],"picked":"Slice"},{"not_picked":["Tactician","Phantasmal Killer"],"picked":"Adrenaline"},{"not_picked":["Outmaneuver","Bane"],"picked":"Blur"},{"not_picked":["Outmaneuver","Flying Knee"],"picked":"PiercingWail"},{"not_picked":["Sucker Punch","Backflip"],"picked":"Crippling Poison"},{"not_picked":["PiercingWail","Calculated Gamble"],"picked":"Cloak And Dagger"},{"not_picked":["Deadly Poison","Malaise"],"picked":"Slice"},{"not_picked":["Sucker Punch","Backflip"],"picked":"Cloak And Dagger"}],"player_experience":211591,"potions_floor_usage":[6,10,10,16,28,29,33],"damage_taken":[{"damage":1,"enemies":"2 Louse","floor":1,"turns":3},{"damage":4,"enemies":"Jaw Worm","floor":2,"turns":6},{"damage":0,"enemies":"Cultist","floor":4,"turns":4},{"damage":1,"enemies":"Red Slaver","floor":5,"turns":5},{"damage":12,"enemies":"Gremlin Nob","floor":6,"turns":4},{"damage":7,"enemies":"Lagavulin","floor":10,"turns":6},{"damage":0,"enemies":"Exordium Thugs","floor":11,"turns":6},{"damage":7,"enemies":"Gremlin Nob","floor":12,"turns":5},{"damage":8,"enemies":"Exordium Wildlife","floor":13,"turns":5},{"damage":0,"enemies":"Lots of Slimes","floor":14,"turns":1},{"damage":19,"enemies":"Hexaghost","floor":16,"turns":13},{"damage":23,"enemies":"Spheric Guardian","floor":18,"turns":4},{"damage":5,"enemies":"Shell Parasite","floor":21,"turns":4},{"damage":12,"enemies":"Sentry and Sphere","floor":24,"turns":6},{"damage":10,"enemies":"Slavers","floor":25,"turns":6},{"damage":29,"enemies":"Cultist and Chosen","floor":28,"turns":7},{"damage":9,"enemies":"Snake Plant","floor":29,"turns":3},{"damage":28,"enemies":"Automaton","floor":33,"turns":6}],"event_choices":[{"event_name":"Golden Wing","player_choice":"Card Removal","floor":3,"damage_taken":0},{"event_name":"Golden Shrine","player_choice":"Pray","floor":20,"damage_taken":0},{"event_name":"Forgotten Altar","player_choice":"Shed Blood","floor":22,"damage_taken":0},{"event_name":"Vampires","player_choice":"Ignored","floor":30,"damage_taken":0},{"event_name":"Back to Basics","player_choice":"Simplicity","floor":31,"damage_taken":0}],"boss_relics":[{"not_picked":["The Specimen","Runic Pyramid"],"picked":"Ectoplasm"}],"potions_floor_spawned":[1,6,11,12,16,18,25],"seed_played":"-8808954808026797541","killed_by":"Automaton","ascension_level":6,"is_trial":false}