{"gold_per_floor":[116,116,131,147,51,113,113,138,138,173,184,184,196,208,208,208],"floor_reached":16,"playtime":785,"items_purged":[],"score":134,"play_id":"e1d99e38-3867-4f7e-903d-c68663eb6af7","local_time":"20190415032657","is_ascension_mode":true,"campfire_choices":[{"floor":12,"key":"REST"},{"floor":15,"key":"REST"}],"neow_cost":"NONE","seed_source_timestamp":262476602651800,"circlet_count":0,"master_deck":["Strike_B","Strike_B","Strike_B","Strike_B","Defend_B","Defend_B","Defend_B","Defend_B","Zap","Dualcast","Loop+1","Capacitor","Glacier","Conserve Battery","FTL","Regret","Hyperbeam","Cold Snap","Coolheaded","Storm","Turbo"],"relics":["Cracked Core","NeowsBlessing","Tiny Chest","Symbiotic Virus","Bag of Preparation","Du-Vu Doll"],"potions_floor_usage":[6,6,8,16,16],"damage_taken":[{"damage":0,"enemies":"Small Slimes","floor":1,"turns":1},{"damage":0,"enemies":"Cultist","floor":3,"turns":1},{"damage":0,"enemies":"Jaw Worm","floor":4,"turns":1},{"damage":38,"enemies":"3 Sentries","floor":6,"turns":10},{"damage":7,"enemies":"Lagavulin","floor":8,"turns":6},{"damage":14,"enemies":"3 Sentries","floor":10,"turns":3},{"damage":5,"enemies":"3 Louse","floor":11,"turns":2},{"damage":10,"enemies":"Exordium Wildlife","floor":13,"turns":2},{"damage":13,"enemies":"Blue Slaver","floor":14,"turns":3},{"damage":35,"enemies":"Hexaghost","floor":16,"turns":9}],"seed_played":"3972155205823406653","potions_obtained":[{"floor":3,"key":"Fire Potion"},{"floor":4,"key":"Poison Potion"},{"floor":6,"key":"SkillPotion"},{"floor":13,"key":"FearPotion"},{"floor":14,"key":"EssenceOfSteel"}],"is_trial":false,"path_per_floor":["M","?","M","M","$","E","?","E","T","E","M","R","M","M","R","B"],"character_chosen":"DEFECT","items_purchased":["Conserve Battery","FTL"],"campfire_rested":2,"item_purchase_floors":[5,5],"current_hp_per_floor":[75,75,75,75,75,37,37,30,30,16,11,33,23,10,32,0],"gold":208,"neow_bonus":"THREE_ENEMY_KILL","is_prod":false,"is_daily":false,"chose_seed":false,"campfire_upgraded":0,"win_rate":0,"timestamp":1555324017,"path_taken":["M","?","M","M","?","E","?","E","T","E","M","R","?","M","R","BOSS"],"build_version":"2019-01-23","purchased_purges":0,"victory":false,"max_hp_per_floor":[75,75,75,75,75,75,75,75,75,75,75,75,75,75,75,75],"card_choices":[{"not_picked":["Go for the Eyes","Hello World"],"picked":"Loop","floor":1},{"not_picked":["Double Energy","Skim"],"picked":"Capacitor","floor":3},{"not_picked":["Hologram","Cold Snap"],"picked":"Glacier","floor":4},{"not_picked":["Compile Driver","Beam Cell","Barrage"],"picked":"SKIP","floor":6},{"not_picked":["Hologram","Chaos"],"picked":"Hyperbeam","floor":8},{"not_picked":["Thunder Strike","Skim"],"picked":"Cold Snap","floor":10},{"not_picked":["Beam Cell","Hologram"],"picked":"Coolheaded","floor":11},{"not_picked":["Conserve Battery","FTL"],"picked":"Storm","floor":13},{"not_picked":["Static Discharge","Rebound"],"picked":"Turbo","floor":14}],"player_experience":112997,"relics_obtained":[{"floor":6,"key":"Tiny Chest"},{"floor":8,"key":"Bag of Preparation"},{"floor":10,"key":"Du-Vu Doll"}],"event_choices":[{"damage_healed":0,"gold_gain":0,"player_choice":"Forge","damage_taken":0,"max_hp_gain":0,"max_hp_loss":0,"event_name":"Accursed Blacksmith","floor":2,"gold_loss":0,"cards_upgraded":["Loop"]},{"damage_healed":0,"gold_gain":0,"player_choice":"Box","damage_taken":0,"relics_obtained":["Symbiotic Virus"],"max_hp_gain":0,"max_hp_loss":0,"event_name":"Big Fish","floor":7,"gold_loss":0,"cards_obtained":["Regret"]}],"is_beta":false,"boss_relics":[],"items_purged_floors":[],"is_endless":false,"potions_floor_spawned":[3,4,6,13,14],"killed_by":"Hexaghost","ascension_level":2}