{"gold_per_floor":[111,122,135,145,0,33,33,33,33,43,61,86,86,103,103,198,198,221,248,260,285,297,340,352,364,376,415,439,470,482,46,46,151,201,218,218,218,228,247,247,267,267,267,284,284,302,302,335,335,335],"floor_reached":51,"playtime":8959,"items_purged":["Pain"],"score":783,"play_id":"b486d54d-0800-4ae4-81be-5fb5a23cb738","local_time":"20190111134145","is_ascension_mode":false,"campfire_choices":[{"floor":7,"key":"REST"},{"floor":13,"key":"REST"},{"floor":15,"key":"REST"},{"floor":25,"key":"REST"},{"floor":32,"key":"REST"},{"floor":40,"key":"REST"},{"floor":42,"key":"REST"},{"floor":45,"key":"REST"},{"floor":47,"key":"REST"},{"floor":49,"key":"REST"}],"neow_cost":"NONE","seed_source_timestamp":410748023422878,"circlet_count":0,"master_deck":["Strike_R","Strike_R","Strike_R","Strike_R+1","Defend_R","Defend_R","Defend_R","Bash","Inflame+1","Whirlwind","Twin Strike","Clothesline","Flame Barrier","Metallicize","Flame Barrier","Warcry","Twin Strike+1","Iron Wave","Demon Form","Shrug It Off","Limit Break","Injury","Sword Boomerang","Power Through+1","Anger+1","Feed","Heavy Blade","Rampage","Seeing Red","Flame Barrier","Flash of Steel","Juggernaut","Iron Wave","Twin Strike+1","Offering","Bash","Cleave","Shrug It Off+1","Headbutt+1","Intimidate","Sword Boomerang+1"],"relics":["Fusion Hammer","Bottled Lightning","Meat on the Bone","Dodecahedron","Calling Bell","MawBank","Self Forming Clay","Pocketwatch","Mercury Hourglass","Sundial","Strawberry","Whetstone","Shuriken","Tiny House","Mango","FossilizedHelix"],"potions_floor_usage":[12,12,27,30,39,50,50],"damage_taken":[{"damage":10,"enemies":"Small Slimes","floor":1,"turns":3},{"damage":1,"enemies":"Cultist","floor":2,"turns":4},{"damage":0,"enemies":"2 Louse","floor":3,"turns":3},{"damage":15,"enemies":"Looter","floor":4,"turns":3},{"damage":13,"enemies":"3 Sentries","floor":6,"turns":9},{"damage":15,"enemies":"Gremlin Gang","floor":10,"turns":5},{"damage":3,"enemies":"Lots of Slimes","floor":11,"turns":2},{"damage":8,"enemies":"Gremlin Nob","floor":12,"turns":5},{"damage":7,"enemies":"Blue Slaver","floor":14,"turns":3},{"damage":10,"enemies":"Slime Boss","floor":16,"turns":7},{"damage":17,"enemies":"2 Thieves","floor":18,"turns":4},{"damage":23,"enemies":"Spheric Guardian","floor":19,"turns":6},{"damage":3,"enemies":"Snecko","floor":21,"turns":4},{"damage":39,"enemies":"Slavers","floor":23,"turns":5},{"damage":11,"enemies":"Gremlin Leader","floor":27,"turns":5},{"damage":13,"enemies":"Snake Plant","floor":28,"turns":4},{"damage":14,"enemies":"Cultist and Chosen","floor":29,"turns":5},{"damage":0,"enemies":"3 Cultists","floor":30,"turns":1},{"damage":70,"enemies":"Collector","floor":33,"turns":10},{"damage":16,"enemies":"3 Darklings","floor":35,"turns":4},{"damage":7,"enemies":"Orb Walker","floor":38,"turns":4},{"damage":9,"enemies":"Maw","floor":39,"turns":6},{"damage":43,"enemies":"Jaw Worm Horde","floor":41,"turns":5},{"damage":29,"enemies":"Spire Growth","floor":44,"turns":6},{"damage":22,"enemies":"4 Shapes","floor":46,"turns":4},{"damage":70,"enemies":"Reptomancer","floor":48,"turns":6},{"damage":64,"enemies":"Donu and Deca","floor":50,"turns":7}],"seed_played":"-8980771478073375991","potions_obtained":[{"floor":1,"key":"Explosive Potion"},{"floor":6,"key":"EssenceOfSteel"},{"floor":11,"key":"Weak Potion"},{"floor":14,"key":"FearPotion"},{"floor":19,"key":"Regen Potion"},{"floor":21,"key":"SmokeBomb"},{"floor":23,"key":"FairyPotion"},{"floor":33,"key":"Fire Potion"},{"floor":34,"key":"Fire Potion"},{"floor":35,"key":"Energy Potion"},{"floor":41,"key":"SpeedPotion"},{"floor":48,"key":"FearPotion"}],"is_trial":false,"path_per_floor":["M","M","M","M","$","E","R","?","T","M","M","E","R","M","R","B",null,"M","M","T","M","?","E","?","R","T","E","M","M","M","$","R","B",null,"M","?","?","M","M","R","M","R","T","M","R","M","R","E","R","B",null],"character_chosen":"IRONCLAD","items_purchased":["Flame Barrier","Metallicize","Shuriken","Flame Barrier","Flash of Steel"],"campfire_rested":10,"item_purchase_floors":[5,5,31,31,31],"current_hp_per_floor":[70,69,69,54,54,41,65,65,65,50,47,51,75,68,80,70,80,63,52,52,49,49,22,22,46,53,59,46,47,47,47,74,16,98,82,82,82,75,66,95,52,81,95,69,103,84,118,60,95,43],"gold":335,"neow_bonus":"BOSS_RELIC","is_prod":false,"is_daily":false,"chose_seed":false,"campfire_upgraded":0,"win_rate":0.0,"timestamp":1547232105,"path_taken":["M","M","M","M","$","E","R","?","T","M","M","E","R","M","R","BOSS","M","?","?","?","?","E","?","R","T","E","?","M","M","?","R","BOSS","M","?","?","?","M","R","M","R","T","M","R","M","R","E","R","BOSS"],"build_version":"2019-01-10","purchased_purges":1,"victory":true,"max_hp_per_floor":[80,80,80,80,80,80,80,80,80,80,80,80,80,80,80,80,80,80,80,80,80,80,80,80,80,87,90,90,93,93,93,93,93,98,98,98,98,98,98,98,98,98,112,115,115,118,118,118,118,118],"card_choices":[{"not_picked":["Rage","Thunderclap"],"picked":"Inflame","floor":1},{"not_picked":["Clothesline","Body Slam"],"picked":"Whirlwind","floor":2},{"not_picked":["Sword Boomerang","Iron Wave"],"picked":"Twin Strike","floor":3},{"not_picked":["Burning Pact","Twin Strike"],"picked":"Clothesline","floor":4},{"not_picked":["Heavy Blade","Thunderclap"],"picked":"Flame Barrier","floor":6},{"not_picked":["Seeing Red","Rupture"],"picked":"Twin Strike","floor":10},{"not_picked":["Uppercut","Feel No Pain"],"picked":"Iron Wave","floor":11},{"not_picked":["Combust","Shrug It Off"],"picked":"Demon Form","floor":12},{"not_picked":["Flex","Pummel"],"picked":"Shrug It Off","floor":14},{"not_picked":["Brutality","Bludgeon"],"picked":"Limit Break","floor":16},{"not_picked":["Perfected Strike","Hemokinesis"],"picked":"Sword Boomerang","floor":18},{"not_picked":["Heavy Blade","Seeing Red"],"picked":"Power Through+1","floor":19},{"not_picked":["Heavy Blade","Hemokinesis"],"picked":"Anger+1","floor":21},{"not_picked":["Warcry","Bloodletting"],"picked":"Feed","floor":23},{"not_picked":["Clash+1","Inflame+1"],"picked":"Heavy Blade","floor":27},{"not_picked":["Iron Wave","Warcry"],"picked":"Rampage","floor":28},{"not_picked":["Iron Wave","Flex"],"picked":"Seeing Red","floor":29},{"not_picked":["Fiend Fire","Dark Embrace"],"picked":"Juggernaut","floor":33},{"not_picked":["Clash","True Grit"],"picked":"Iron Wave","floor":34},{"not_picked":["True Grit+1","Feel No Pain+1"],"picked":"Twin Strike+1","floor":35},{"not_picked":["Infernal Blade","Feel No Pain"],"picked":"Cleave","floor":38},{"not_picked":["Sword Boomerang","Dropkick+1"],"picked":"Shrug It Off+1","floor":39},{"not_picked":["Corruption","Bloodletting+1","Flex"],"picked":"SKIP","floor":41},{"not_picked":["Rupture+1","Flex+1"],"picked":"Headbutt+1","floor":44},{"not_picked":["Searing Blow","Rupture+1"],"picked":"Intimidate","floor":46},{"not_picked":["Offering","Sever Soul"],"picked":"Sword Boomerang+1","floor":48}],"player_experience":18467,"relics_obtained":[{"floor":6,"key":"Bottled Lightning"},{"floor":9,"key":"Meat on the Bone"},{"floor":12,"key":"Dodecahedron"},{"floor":17,"key":"MawBank"},{"floor":17,"key":"Self Forming Clay"},{"floor":17,"key":"Pocketwatch"},{"floor":20,"key":"Mercury Hourglass"},{"floor":23,"key":"Sundial"},{"floor":26,"key":"Strawberry"},{"floor":27,"key":"Whetstone"},{"floor":43,"key":"Mango"},{"floor":48,"key":"FossilizedHelix"}],"event_choices":[{"damage_healed":0,"gold_gain":0,"cards_transformed":["Strike_R"],"player_choice":"Transformed","damage_taken":0,"max_hp_gain":0,"max_hp_loss":0,"event_name":"Transmorgrifier","floor":8,"gold_loss":0,"cards_obtained":["Warcry"]},{"damage_healed":0,"gold_gain":0,"player_choice":"Ignored","damage_taken":0,"max_hp_gain":0,"max_hp_loss":0,"event_name":"Vampires","floor":22,"gold_loss":0},{"cards_removed":["Pain"],"damage_healed":0,"gold_gain":0,"player_choice":"Purged","damage_taken":0,"max_hp_gain":0,"max_hp_loss":0,"event_name":"Purifier","floor":24,"gold_loss":0},{"cards_removed":["Defend_R"],"damage_healed":0,"gold_gain":0,"player_choice":"Removed Skill","damage_taken":0,"max_hp_gain":0,"max_hp_loss":0,"event_name":"Falling","floor":36,"gold_loss":0},{"damage_healed":0,"gold_gain":0,"player_choice":"2 cards matched","damage_taken":0,"max_hp_gain":0,"max_hp_loss":0,"event_name":"Match and Keep!","floor":37,"gold_loss":0,"cards_obtained":["Offering","Bash"]}],"is_beta":false,"boss_relics":[{"not_picked":["Lizard Tail","Snecko Eye"],"picked":"Calling Bell"},{"not_picked":["Runic Dome","Runic Cube"],"picked":"Tiny House"}],"items_purged_floors":[31],"is_endless":false,"potions_floor_spawned":[1,6,11,14,19,21,23,33,35,41,48],"ascension_level":0}