{"gold_per_floor":[15,33,33,47,47,47,62,62,86,86,106,106],"floor_reached":12,"playtime":190,"items_purged":[],"score":130,"play_id":"21c81e90-6cde-4055-bf52-888127144bca","local_time":"20190131042443","is_ascension_mode":true,"campfire_choices":[{"data":"1","floor":6,"key":"LIFT"},{"data":"2","floor":8,"key":"LIFT"},{"data":"3","floor":10,"key":"LIFT"}],"neow_cost":"NO_GOLD","seed_source_timestamp":300696306718206,"circlet_count":0,"master_deck":["AscendersBane","Defend_G","Defend_G","Defend_G","Defend_G","Defend_G","Strike_G","Strike_G+1","Strike_G","Strike_G","Strike_G","Survivor+1","Neutralize","Dagger Spray","Deadly Poison","Dagger Spray","Escape Plan"],"relics":["Ring of the Snake","Girya","Regal Pillow"],"potions_floor_usage":[12],"damage_taken":[{"damage":6,"enemies":"Cultist","floor":1,"turns":4},{"damage":1,"enemies":"2 Louse","floor":2,"turns":3},{"damage":9,"enemies":"Jaw Worm","floor":4,"turns":4},{"damage":2,"enemies":"3 Louse","floor":7,"turns":2},{"damage":24,"enemies":"Large Slime","floor":11,"turns":3},{"damage":0,"enemies":"Lagavulin","floor":12,"turns":3}],"seed_played":"-4236959773316353790","potions_obtained":[{"floor":2,"key":"Energy Potion"},{"floor":4,"key":"SteroidPotion"}],"is_trial":false,"path_per_floor":["M","M","?","M","?","R","M","R","T","R","M","E"],"character_chosen":"THE_SILENT","items_purchased":[],"campfire_rested":0,"item_purchase_floors":[],"current_hp_per_floor":[53,52,57,48,27,27,25,25,25,25,1,1],"gold":106,"neow_bonus":"ONE_RARE_RELIC","is_prod":false,"is_daily":false,"chose_seed":false,"campfire_upgraded":0,"win_rate":0,"timestamp":1548937483,"path_taken":["M","M","?","M","?","R","?","R","T","R","M","E"],"build_version":"2019-01-23","purchased_purges":0,"victory":false,"max_hp_per_floor":[66,66,71,71,71,71,71,71,71,71,71,71],"card_choices":[{"not_picked":["Terror","Distraction"],"picked":"Dagger Spray","floor":1},{"not_picked":["Cloak And Dagger","Flechettes"],"picked":"Deadly Poison","floor":2},{"not_picked":["Flying Knee","Dodge and Roll"],"picked":"Dagger Spray","floor":4},{"not_picked":["Deflect","Leg Sweep"],"picked":"Escape Plan","floor":7},{"not_picked":["Dagger Throw","Eviscerate","Flying Knee"],"picked":"SKIP","floor":11}],"player_experience":1090795,"relics_obtained":[{"floor":9,"key":"Regal Pillow"}],"event_choices":[{"damage_healed":0,"gold_gain":0,"player_choice":"Donut","damage_taken":0,"max_hp_gain":5,"max_hp_loss":0,"event_name":"Big Fish","floor":3,"gold_loss":0},{"damage_healed":0,"gold_gain":0,"player_choice":"Entered Light","damage_taken":21,"max_hp_gain":0,"max_hp_loss":0,"event_name":"Shining Light","floor":5,"gold_loss":0,"cards_upgraded":["Survivor","Strike_G"]}],"is_beta":false,"boss_relics":[],"items_purged_floors":[],"is_endless":false,"potions_floor_spawned":[2,4],"killed_by":"Lagavulin","ascension_level":17}