{"gold_per_floor":[112,127,137,149,149,149,74,93,174,174,174],"floor_reached":11,"playtime":300,"items_purged":["Regret"],"score":65,"play_id":"8daf98c0-be01-4e1a-867a-8f6bb2c39e9e","local_time":"20190228122746","is_ascension_mode":false,"campfire_choices":[{"data":"Coolheaded","floor":6,"key":"SMITH"}],"neow_cost":"NONE","seed_source_timestamp":4674429574800,"circlet_count":0,"master_deck":["Strike_B","Strike_B","Strike_B","Strike_B","Defend_B","Defend_B","Defend_B","Defend_B","Zap","Dualcast+1","Defragment","Fusion","Hologram","Coolheaded+1","Zap+1"],"relics":["Cracked Core","infinitespire:FocusingShard","Toxic Egg 2"],"potions_floor_usage":[],"damage_taken":[{"damage":0,"enemies":"2 Louse","floor":1,"turns":2},{"damage":6,"enemies":"Cultist","floor":2,"turns":3},{"damage":0,"enemies":"Small Slimes","floor":3,"turns":3},{"damage":45,"enemies":"Gremlin Gang","floor":4,"turns":7},{"damage":8,"enemies":"2 Fungi Beasts","floor":8,"turns":4},{"damage":20,"enemies":"3 Sentries","floor":11,"turns":2}],"seed_played":"-8751960177684919010","potions_obtained":[{"floor":8,"key":"Strength Potion"}],"is_trial":false,"path_per_floor":["M","M","M","M","?","R","$","M","T","?","E"],"character_chosen":"DEFECT","items_purchased":[],"campfire_rested":0,"item_purchase_floors":[],"current_hp_per_floor":[75,69,69,24,24,24,24,16,16,16,0],"gold":174,"neow_bonus":"UPGRADE_CARD","is_prod":false,"is_daily":false,"chose_seed":false,"campfire_upgraded":1,"win_rate":0,"timestamp":1551385666,"path_taken":["M","M","M","M","?","R","$","M","T","?","E"],"build_version":"2019-01-23","purchased_purges":1,"victory":false,"max_hp_per_floor":[75,75,75,75,75,75,75,75,75,75,75],"card_choices":[{"not_picked":["Consume","Darkness"],"picked":"Defragment","floor":1},{"not_picked":["Beam Cell","Stack"],"picked":"Fusion","floor":2},{"not_picked":["Reprogram","Streamline"],"picked":"Hologram","floor":3},{"not_picked":["Stack","Auto Shields"],"picked":"Coolheaded","floor":4},{"not_picked":["Rebound","Go for the Eyes","Barrage"],"picked":"SKIP","floor":8}],"player_experience":93332,"relics_obtained":[{"floor":9,"key":"Toxic Egg 2"}],"event_choices":[{"damage_healed":0,"gold_gain":0,"player_choice":"Box","damage_taken":0,"relics_obtained":["infinitespire:FocusingShard"],"max_hp_gain":0,"max_hp_loss":0,"event_name":"Big Fish","floor":5,"gold_loss":0,"cards_obtained":["Regret"]},{"damage_healed":0,"gold_gain":0,"player_choice":"1 cards matched","damage_taken":0,"max_hp_gain":0,"max_hp_loss":0,"event_name":"Match and Keep!","floor":10,"gold_loss":0,"cards_obtained":["Zap"]}],"is_beta":false,"boss_relics":[],"items_purged_floors":[7],"is_endless":false,"potions_floor_spawned":[8],"killed_by":"3 Sentries","ascension_level":0}