{"gold_per_floor":[110,120,139,64,64,64,76,94,119,152,166,186,186,216,216,290,290,303,16,34,54,54,54,54,73,141,141,141,160,160,48,48,48],"floor_reached":33,"playtime":6011,"items_purged":["Strike_G"],"score":558,"play_id":"bd5afcd5-7457-4b2f-bc61-0cb9e67a049d","local_time":"20190411113523","is_ascension_mode":true,"campfire_choices":[{"data":"Neutralize","floor":6.0,"key":"SMITH"},{"floor":13.0,"key":"REST"},{"floor":15.0,"key":"REST"},{"floor":23.0,"key":"REST"},{"floor":27,"key":"REST"},{"data":"Deadly Poison","floor":30,"key":"SMITH"},{"data":"Noxious Fumes","floor":32,"key":"SMITH"}],"neow_cost":"NONE","seed_source_timestamp":23694645080493,"circlet_count":0,"master_deck":["AscendersBane","Defend_G+1","Defend_G+1","Defend_G","Defend_G+1","Defend_G+1","Strike_G","Strike_G","Strike_G","Survivor","Neutralize+1","Cloak And Dagger","Backstab","Dagger Spray","Footwork","Quick Slash","PiercingWail","Flechettes","Glass Knife","Cloak And Dagger","Concentrate+1","After Image+1","Deadly Poison+1","Noxious Fumes+1"],"special_seed":0,"relics":["Ring of the Snake","Anchor","War Paint","Art of War","Snake Skull","Runic Pyramid","Letter Opener","Darkstone Periapt"],"potions_floor_usage":[24,33],"damage_taken":[{"damage":1.0,"enemies":"Cultist","floor":1.0,"turns":6.0},{"damage":0.0,"enemies":"2 Louse","floor":2.0,"turns":3.0},{"damage":0.0,"enemies":"Jaw Worm","floor":3.0,"turns":4.0},{"damage":0.0,"enemies":"Blue Slaver","floor":7.0,"turns":4.0},{"damage":0.0,"enemies":"Lots of Slimes","floor":8.0,"turns":3.0},{"damage":35.0,"enemies":"Gremlin Nob","floor":10.0,"turns":5.0},{"damage":0.0,"enemies":"Exordium Wildlife","floor":11.0,"turns":5.0},{"damage":0.0,"enemies":"3 Louse","floor":12.0,"turns":3.0},{"damage":19.0,"enemies":"3 Sentries","floor":14.0,"turns":10.0},{"damage":9.0,"enemies":"The Guardian","floor":16.0,"turns":23.0},{"damage":3.0,"enemies":"2 Thieves","floor":18.0,"turns":5.0},{"damage":0.0,"enemies":"3 Byrds","floor":20.0,"turns":4.0},{"damage":29.0,"enemies":"3 Cultists","floor":21.0,"turns":7.0},{"damage":0,"enemies":"Book of Stabbing","floor":24,"turns":1},{"damage":27,"enemies":"Snecko","floor":25,"turns":9},{"damage":5,"enemies":"Snake Plant","floor":29,"turns":6},{"damage":70,"enemies":"Champ","floor":33,"turns":15}],"seed_played":"-9095010679312779273","potions_obtained":[{"floor":2.0,"key":"SpeedPotion"},{"floor":3.0,"key":"Energy Potion"},{"floor":10.0,"key":"Dexterity Potion"},{"floor":11.0,"key":"SmokeBomb"},{"floor":20.0,"key":"FairyPotion"},{"floor":29,"key":"AttackPotion"}],"is_trial":false,"path_per_floor":["M","M","M","?","?","R","M","M","T","E","M","M","R","E","R","B",null,"M","$","M","M","?","R","E","M","T","R","?","M","R","$","R","B"],"character_chosen":"THE_SILENT","items_purchased":["Letter Opener","Noxious Fumes"],"campfire_rested":4,"item_purchase_floors":[19,31],"current_hp_per_floor":[58,58,58,58,38,38,38,38,38,3,3,3,22,3,22,13,53,50,50,50,21,21,40,40,13,13,32,32,27,27,27,27,0],"gold":48,"neow_bonus":"RANDOM_COMMON_RELIC","is_prod":false,"is_daily":false,"chose_seed":false,"campfire_upgraded":3,"win_rate":0,"timestamp":1555004123,"path_taken":["M","M","M","?","?","R","M","M","T","E","M","M","R","E","R","BOSS","M","$","M","M","?","R","E","M","T","R","?","M","R","$","R","BOSS"],"build_version":"2019-04-04","purchased_purges":1,"victory":false,"max_hp_per_floor":[66,66,66,66,66,66,66,66,66,66,66,66,66,66,66,66,66,66,66,66,66,66,66,66,66,66,66,66,66,66,66,66,66],"card_choices":[{"not_picked":["Dodge and Roll","Choke"],"picked":"Cloak And Dagger","floor":1.0},{"not_picked":["Eviscerate","Poisoned Stab"],"picked":"Backstab","floor":2.0},{"not_picked":["Slice","Dodge and Roll","Sucker Punch"],"picked":"SKIP","floor":3.0},{"not_picked":["Slice","Flying Knee"],"picked":"Dagger Spray","floor":7.0},{"not_picked":["Leg Sweep","Distraction"],"picked":"Footwork","floor":8.0},{"not_picked":["Deflect","Heel Hook"],"picked":"Quick Slash","floor":10.0},{"not_picked":["Blade Dance","Catalyst"],"picked":"PiercingWail","floor":11.0},{"not_picked":["PiercingWail","Flying Knee"],"picked":"Flechettes","floor":12.0},{"not_picked":["Riddle With Holes","Blade Dance","Acrobatics"],"picked":"SKIP","floor":14.0},{"not_picked":["Venomology","Phantasmal Killer"],"picked":"Glass Knife","floor":16.0},{"not_picked":["Sucker Punch","Heel Hook","Dodge and Roll"],"picked":"SKIP","floor":18.0},{"not_picked":["Dagger Spray","Sucker Punch"],"picked":"Cloak And Dagger","floor":20.0},{"not_picked":["Flying Knee","Backstab+1"],"picked":"Concentrate+1","floor":21.0},{"not_picked":["Prepared","Masterful Stab"],"picked":"After Image","floor":25},{"not_picked":["Backflip+1","Blade Dance"],"picked":"Deadly Poison","floor":29}],"player_experience":2847605,"relics_obtained":[{"floor":9.0,"key":"War Paint"},{"floor":10.0,"key":"Art of War"},{"floor":14.0,"key":"Snake Skull"},{"floor":26,"key":"Darkstone Periapt"}],"event_choices":[{"cards_removed":["Strike_G"],"damage_healed":0.0,"max_hp_gain":0.0,"max_hp_loss":0.0,"gold_gain":0.0,"event_name":"The Cleric","player_choice":"Card Removal","floor":4.0,"gold_loss":75.0,"damage_taken":0.0},{"damage_healed":0.0,"max_hp_gain":0.0,"max_hp_loss":0.0,"gold_gain":0.0,"event_name":"Shining Light","player_choice":"Entered Light","floor":5.0,"gold_loss":0.0,"damage_taken":20.0,"cards_upgraded":["Defend_G","Defend_G"]},{"damage_healed":0.0,"max_hp_gain":0.0,"max_hp_loss":0.0,"gold_gain":0.0,"event_name":"Beggar","player_choice":"Ignored","floor":22.0,"gold_loss":0.0,"damage_taken":0.0},{"damage_healed":0,"gold_gain":0,"player_choice":"Upgraded","damage_taken":0,"max_hp_gain":0,"max_hp_loss":0,"event_name":"Upgrade Shrine","floor":28,"gold_loss":0,"cards_upgraded":["After Image"]}],"is_beta":true,"boss_relics":[{"not_picked":["Philosopher\u0027s Stone","Fusion Hammer"],"picked":"Runic Pyramid"}],"items_purged_floors":[31],"is_endless":false,"potions_floor_spawned":[2,3,8,10,11,20,29],"killed_by":"Champ","ascension_level":20}