{"gold_per_floor":[113,113,124,71,82,82,115,133,133,146,166,192,192,219,219,293,293,309,328,341,73,73,73,73],"floor_reached":24,"playtime":1950,"items_purged":[],"score":392,"play_id":"634ad062-f922-40ab-a095-14f88693108a","local_time":"20190410180053","is_ascension_mode":true,"campfire_choices":[{"data":"Zap","floor":6,"key":"SMITH"},{"data":"Go for the Eyes","floor":13,"key":"SMITH"},{"floor":15,"key":"REST"},{"floor":23,"key":"REST"}],"neow_cost":"NONE","seed_source_timestamp":31255151014795,"circlet_count":0,"master_deck":["AscendersBane","Strike_B","Strike_B","Strike_B","Strike_B","Defend_B","Defend_B","Defend_B","Defend_B","Zap+1","Dualcast","Streamline+1","Auto Shields","Cold Snap","Leap","Melter","Go for the Eyes+1","Conserve Battery","Sweeping Beam","Electrodynamics","Buffer","Darkness","Stack+1","Apotheosis","Glacier"],"relics":["Cracked Core","Letter Opener","Gremlin Horn","Bottled Flame","Boot","Inserter"],"potions_floor_usage":[7,11,19,20,24],"damage_taken":[{"damage":2,"enemies":"Jaw Worm","floor":1,"turns":3},{"damage":10,"enemies":"Small Slimes","floor":3,"turns":3},{"damage":0,"enemies":"2 Louse","floor":5,"turns":2},{"damage":13,"enemies":"Gremlin Nob","floor":7,"turns":4},{"damage":11,"enemies":"Exordium Wildlife","floor":8,"turns":3},{"damage":7,"enemies":"Blue Slaver","floor":10,"turns":3},{"damage":5,"enemies":"3 Louse","floor":11,"turns":4},{"damage":15,"enemies":"Lagavulin","floor":12,"turns":5},{"damage":12,"enemies":"3 Sentries","floor":14,"turns":6},{"damage":19,"enemies":"Hexaghost","floor":16,"turns":11},{"damage":0,"enemies":"Spheric Guardian","floor":18,"turns":2},{"damage":19,"enemies":"2 Thieves","floor":19,"turns":3},{"damage":29,"enemies":"Snake Plant","floor":20,"turns":5},{"damage":40,"enemies":"Gremlin Leader","floor":24,"turns":6}],"seed_played":"-422424226774545633","potions_obtained":[{"floor":5,"key":"FocusPotion"},{"floor":8,"key":"Ancient Potion"},{"floor":10,"key":"Regen Potion"},{"floor":16,"key":"EssenceOfSteel"},{"floor":19,"key":"Explosive Potion"},{"floor":20,"key":"AttackPotion"}],"is_trial":false,"path_per_floor":["M","?","M","$","M","R","E","M","T","M","M","E","R","E","R","B",null,"M","M","M","$","?","R","E"],"character_chosen":"DEFECT","items_purchased":["Cold Snap","Apotheosis","Glacier"],"campfire_rested":2,"item_purchase_floors":[4,21,21],"current_hp_per_floor":[69,69,59,59,59,59,46,35,35,28,35,20,20,8,31,12,62,62,43,14,14,14,37,0],"gold":73,"neow_bonus":"TEN_PERCENT_HP_BONUS","is_prod":false,"is_daily":false,"chose_seed":false,"campfire_upgraded":2,"win_rate":0,"timestamp":1554915653,"path_taken":["M","?","M","$","M","R","E","M","T","M","M","E","R","E","R","BOSS","M","M","M","$","?","R","E"],"build_version":"2019-01-23","purchased_purges":0,"victory":false,"max_hp_per_floor":[78,78,78,78,78,78,78,78,78,78,78,78,78,78,78,78,78,78,78,78,78,78,78,78],"card_choices":[{"not_picked":["Turbo","Go for the Eyes"],"picked":"Streamline","floor":1},{"not_picked":["Conserve Battery","Defragment"],"picked":"Auto Shields","floor":3},{"not_picked":["Hologram","Redo","Skim"],"picked":"SKIP","floor":5},{"not_picked":["Fusion","Stack"],"picked":"Leap","floor":7},{"not_picked":["Lockon","Darkness"],"picked":"Melter","floor":8},{"not_picked":["Rebound","Steam"],"picked":"Go for the Eyes","floor":10},{"not_picked":["Compile Driver","Chaos"],"picked":"Conserve Battery","floor":11},{"not_picked":["Redo","Heatsinks"],"picked":"Sweeping Beam","floor":12},{"not_picked":["Cold Snap","Force Field"],"picked":"Electrodynamics","floor":14},{"not_picked":["All For One","Rainbow"],"picked":"Buffer","floor":16},{"not_picked":["Sweeping Beam+1","Hello World"],"picked":"Darkness","floor":18},{"not_picked":["Turbo","Double Energy","Skim"],"picked":"SKIP","floor":19},{"not_picked":["Leap+1","Gash+1"],"picked":"Stack+1","floor":20}],"player_experience":984442,"relics_obtained":[{"floor":7,"key":"Letter Opener"},{"floor":9,"key":"Gremlin Horn"},{"floor":12,"key":"Bottled Flame"},{"floor":14,"key":"Boot"}],"event_choices":[{"damage_healed":0,"gold_gain":0,"player_choice":"Grow","damage_taken":0,"max_hp_gain":0,"max_hp_loss":0,"event_name":"Living Wall","floor":2,"gold_loss":0,"cards_upgraded":["Streamline"]},{"damage_healed":0,"gold_gain":0,"player_choice":"Ignored","damage_taken":0,"max_hp_gain":0,"max_hp_loss":0,"event_name":"Beggar","floor":22,"gold_loss":0}],"is_beta":false,"boss_relics":[{"not_picked":["Calling Bell","Lizard Tail"],"picked":"Inserter"}],"items_purged_floors":[],"is_endless":false,"potions_floor_spawned":[5,8,10,16,19,20],"killed_by":"Gremlin Leader","ascension_level":16}