{"gold_per_floor":[112,82,101,118,43,70,70,70,117,149,161,207,11,26,26,26],"floor_reached":16,"playtime":350,"items_purged":["Strike_B","Strike_B"],"score":220,"play_id":"25210a7b-b948-42b1-9c7e-ed8f8a4d3054","local_time":"20190409225926","is_ascension_mode":true,"campfire_choices":[{"floor":7,"key":"REST"},{"floor":15,"key":"REST"}],"neow_cost":"NONE","seed_source_timestamp":1053295155580037,"circlet_count":0,"master_deck":["AscendersBane","Strike_B","Defend_B","Defend_B","Defend_B+1","Defend_B","Zap+1","Dualcast","Conserve Battery","Redo","Streamline","Melter","Go for the Eyes","Hologram","Rebound","Self Repair"],"relics":["Cracked Core","War Paint","Juzu Bracelet","MawBank","Golden Idol","Gambling Chip"],"potions_floor_usage":[14,16,16],"damage_taken":[{"damage":0,"enemies":"Small Slimes","floor":1,"turns":4},{"damage":0,"enemies":"Cultist","floor":3,"turns":3},{"damage":0,"enemies":"2 Louse","floor":4,"turns":3},{"damage":41,"enemies":"Gremlin Nob","floor":6,"turns":4},{"damage":11,"enemies":"Lots of Slimes","floor":10,"turns":6},{"damage":31,"enemies":"Lagavulin","floor":12,"turns":6},{"damage":0,"enemies":"3 Louse","floor":14,"turns":3},{"damage":25,"enemies":"Slime Boss","floor":16,"turns":5}],"seed_played":"-1011135486800387078","potions_obtained":[{"floor":2,"key":"EssenceOfSteel"},{"floor":2,"key":"Block Potion"},{"floor":14,"key":"SkillPotion"}],"is_trial":false,"path_per_floor":["M","?","M","M","$","E","R","?","T","M","?","E","$","M","R","B"],"character_chosen":"DEFECT","items_purchased":["Hologram","Rebound"],"campfire_rested":2,"item_purchase_floors":[13,13],"current_hp_per_floor":[64,64,64,64,64,23,44,44,44,33,33,2,2,2,21,0],"gold":26,"neow_bonus":"RANDOM_COMMON_RELIC","is_prod":false,"is_daily":false,"chose_seed":false,"campfire_upgraded":0,"win_rate":0,"timestamp":1554875966,"path_taken":["M","?","M","?","$","E","R","?","T","M","?","E","$","M","R","BOSS"],"build_version":"2019-01-23","purchased_purges":2,"victory":false,"max_hp_per_floor":[71,71,71,71,71,71,71,71,71,71,64,64,64,64,64,64],"card_choices":[{"not_picked":["Compile Driver","Stack"],"picked":"Conserve Battery","floor":1},{"not_picked":["Auto Shields","Leap"],"picked":"Redo","floor":3},{"not_picked":["Hologram","Amplify"],"picked":"Streamline","floor":4},{"not_picked":["Fusion","Sweeping Beam"],"picked":"Melter","floor":6},{"not_picked":["Turbo","Heatsinks","Leap"],"picked":"SKIP","floor":10},{"not_picked":["Fusion","Sweeping Beam"],"picked":"Go for the Eyes","floor":12},{"not_picked":["Chaos","Hologram"],"picked":"Self Repair","floor":14}],"player_experience":1154354,"relics_obtained":[{"floor":6,"key":"Juzu Bracelet"},{"floor":9,"key":"MawBank"},{"floor":12,"key":"Gambling Chip"}],"event_choices":[{"damage_healed":0,"gold_gain":0,"player_choice":"Bought 2 Potions","damage_taken":0,"max_hp_gain":0,"max_hp_loss":0,"event_name":"The Woman in Blue","floor":2,"gold_loss":0},{"cards_removed":["Strike_B"],"damage_healed":0,"gold_gain":0,"player_choice":"Offered Basic","damage_taken":0,"max_hp_gain":0,"max_hp_loss":0,"event_name":"Bonfire Elementals","floor":8,"gold_loss":0},{"damage_healed":0,"gold_gain":0,"player_choice":"Lose Max HP","damage_taken":0,"relics_obtained":["Golden Idol"],"max_hp_gain":0,"max_hp_loss":7,"event_name":"Golden Idol","floor":11,"gold_loss":0}],"is_beta":false,"boss_relics":[],"items_purged_floors":[5,13],"is_endless":false,"potions_floor_spawned":[6,10,14],"killed_by":"Slime Boss","ascension_level":20}