{"gold_per_floor":[118,118,68,78,28,28,63,63,63,94,7,7,25,43,43,142,142,157,157,127],"floor_reached":20,"playtime":500,"items_purged":[],"score":216,"play_id":"9ecb1b77-d8bd-4655-b89e-12f711e81912","local_time":"20181015085619","is_ascension_mode":true,"campfire_choices":[{"data":"Beam Cell","floor":6,"key":"SMITH"},{"floor":8,"key":"REST"},{"data":"Fusion","floor":15,"key":"SMITH"}],"neow_cost":"","seed_source_timestamp":399584443504269,"circlet_count":0,"master_deck":["Strike_B","Strike_B","Strike_B","Strike_B","Defend_B","Defend_B","Defend_B","Zap","Dualcast","Hologram","Beam Cell+1","Steam","Echo Form","Conserve Battery","Beam Cell","Parasite","Streamline","Fusion+1","Creative AI","Streamline","Force Field","Gash"],"relics":["Cracked Core","PreservedInsect","Sundial","Pear","MawBank","Lizard Tail"],"potions_floor_usage":[7,16,16],"damage_taken":[{"damage":2,"enemies":"Jaw Worm","floor":1,"turns":3},{"damage":12,"enemies":"2 Louse","floor":4,"turns":2},{"damage":22,"enemies":"3 Sentries","floor":7,"turns":6},{"damage":8,"enemies":"Gremlin Nob","floor":10,"turns":3},{"damage":3,"enemies":"Small Slimes","floor":13,"turns":3},{"damage":10,"enemies":"Exordium Wildlife","floor":14,"turns":5},{"damage":45,"enemies":"The Guardian","floor":16,"turns":9},{"damage":64,"enemies":"3 Byrds","floor":18,"turns":7},{"damage":10,"enemies":"2 Thieves","floor":20,"turns":2}],"seed_played":"8229493850385230313","potions_obtained":[{"floor":4,"key":"Strength Potion"},{"floor":13,"key":"EssenceOfSteel"},{"floor":16,"key":"EssenceOfSteel"}],"is_trial":false,"path_per_floor":["M","?","?","M","$","R","E","R","T","E","$","?","M","M","R","B",null,"M","?"],"character_chosen":"DEFECT","items_purchased":["Steam","Beam Cell","Block Potion"],"campfire_rested":1,"item_purchase_floors":[5,11,11],"current_hp_per_floor":[73,66,66,54,54,54,32,54,64,56,56,77,74,64,64,19,85,21,21,11],"gold":127,"neow_bonus":"","is_prod":false,"is_daily":false,"chose_seed":false,"campfire_upgraded":2,"win_rate":0,"timestamp":1539618979,"path_taken":["M","?","?","M","$","R","E","R","T","E","?","?","?","M","R","BOSS","M","?","?"],"build_version":"2018-10-11","purchased_purges":0,"victory":false,"max_hp_per_floor":[75,75,75,75,75,75,75,75,85,85,85,85,85,85,85,85,85,85,85,85],"card_choices":[{"not_picked":["Stack","Cold Snap"],"picked":"Hologram","floor":1},{"not_picked":["Scrape","Loop"],"picked":"Beam Cell","floor":4},{"not_picked":["Ball Lightning","Redo"],"picked":"Echo Form","floor":7},{"not_picked":["Hologram","Meteor Strike"],"picked":"Conserve Battery","floor":10},{"not_picked":["Cold Snap","Coolheaded"],"picked":"Streamline","floor":13},{"not_picked":["Leap","Redo"],"picked":"Fusion","floor":14},{"not_picked":["Machine Learning","Biased Cognition"],"picked":"Creative AI","floor":16},{"not_picked":["Glacier","Steam"],"picked":"Streamline","floor":18}],"player_experience":511757,"relics_obtained":[{"floor":7,"key":"Sundial"},{"floor":9,"key":"Pear"},{"floor":10,"key":"MawBank"}],"event_choices":[{"event_name":"Scrap Ooze","player_choice":"success","floor":2,"damage_taken":7},{"event_name":"The Cleric","player_choice":"Card Removal","floor":3,"damage_taken":0},{"event_name":"Mushrooms","player_choice":"Healed and dodged fight","floor":12,"damage_taken":0},{"event_name":"Match and Keep!","player_choice":"2 cards matched","floor":19,"damage_taken":0}],"is_beta":false,"boss_relics":[{"not_picked":["Velvet Choker","White Beast Statue"],"picked":"Lizard Tail"}],"items_purged_floors":[],"is_endless":false,"potions_floor_spawned":[4,13,16],"killed_by":"2 Thieves","ascension_level":4}