{"gold_per_floor":[109,128,141,141,141,176,29,43,43,8,8,34,34,60,60,164,164,177,189,65,80,80,80],"floor_reached":23,"playtime":1009,"items_purged":["Clumsy"],"score":219,"play_id":"c2a1155f-a705-4831-83db-c97d64468c40","local_time":"20190414234527","is_ascension_mode":true,"campfire_choices":[{"data":"Immolate","floor":13,"key":"SMITH"},{"data":"Searing Blow","floor":15,"key":"SMITH"}],"neow_cost":"NONE","seed_source_timestamp":354187504732300,"circlet_count":0,"master_deck":["Strike_R","Strike_R","Strike_R","Strike_R","Strike_R","Defend_R","Defend_R","Defend_R","Defend_R","Bash","Cleave","Immolate+1","Flame Barrier","Anger","Searing Blow+1","Perfected Strike","Infernal Blade","Demon Form","Twin Strike+1","Shrug It Off+1","Flex+1"],"relics":["Burning Blood","Oddly Smooth Stone","Pen Nib","Paper Frog","Dream Catcher","PreservedInsect","Blue Candle","Omamori","Calling Bell","Bronze Scales","Shovel","Toxic Egg 2","MutagenicStrength"],"potions_floor_usage":[14,16,19],"damage_taken":[{"damage":5,"enemies":"Jaw Worm","floor":1,"turns":5},{"damage":0,"enemies":"Small Slimes","floor":2,"turns":4},{"damage":0,"enemies":"2 Louse","floor":3,"turns":2},{"damage":26,"enemies":"Lagavulin","floor":6,"turns":9},{"damage":1,"enemies":"Blue Slaver","floor":8,"turns":3},{"damage":15,"enemies":"3 Sentries","floor":12,"turns":4},{"damage":2,"enemies":"Gremlin Nob","floor":14,"turns":3},{"damage":76,"enemies":"The Guardian","floor":16,"turns":10},{"damage":24,"enemies":"2 Thieves","floor":18,"turns":3},{"damage":6,"enemies":"Shell Parasite","floor":19,"turns":3},{"damage":35,"enemies":"Snake Plant","floor":21,"turns":3},{"damage":40,"enemies":"Slavers","floor":23,"turns":3}],"seed_played":"-3592223575729624577","potions_obtained":[{"floor":2,"key":"Regen Potion"},{"floor":6,"key":"Dexterity Potion"},{"floor":8,"key":"Block Potion"},{"floor":16,"key":"Fire Potion"}],"is_trial":false,"path_per_floor":["M","M","M","?","?","E","$","M","T","?","?","E","R","E","R","B",null,"M","M","$","M","?","E"],"character_chosen":"IRONCLAD","items_purchased":["Dream Catcher","SteroidPotion"],"campfire_rested":0,"item_purchase_floors":[7,20],"current_hp_per_floor":[80,80,80,73,73,53,53,58,58,78,83,74,74,78,78,17,85,67,67,67,38,38,0],"gold":80,"neow_bonus":"RANDOM_COMMON_RELIC","is_prod":false,"is_daily":false,"chose_seed":false,"campfire_upgraded":2,"win_rate":0,"timestamp":1555299927,"path_taken":["M","M","M","?","?","E","$","M","T","?","?","E","R","E","R","BOSS","M","M","$","M","?","E"],"build_version":"2019-01-23","purchased_purges":1,"victory":false,"max_hp_per_floor":[80,80,80,80,80,80,80,80,80,80,85,85,85,85,85,85,85,85,85,85,85,85,85],"card_choices":[{"not_picked":["Pommel Strike","Clash"],"picked":"Cleave","floor":1},{"not_picked":["Ghostly Armor","Headbutt"],"picked":"Immolate","floor":2},{"not_picked":["Body Slam","Pommel Strike"],"picked":"Cleave","floor":3},{"not_picked":["True Grit","Heavy Blade"],"picked":"Anger","floor":6},{"not_picked":["Headbutt","Whirlwind"],"picked":"Searing Blow","floor":8},{"not_picked":["Thunderclap","Havoc"],"picked":"Perfected Strike","floor":12},{"not_picked":["Bloodletting","Evolve"],"picked":"Infernal Blade","floor":14},{"not_picked":["Reaper","Barricade"],"picked":"Demon Form","floor":16},{"not_picked":["Searing Blow","Dropkick"],"picked":"Twin Strike+1","floor":18},{"not_picked":["Clash","Wild Strike"],"picked":"Shrug It Off+1","floor":19},{"not_picked":["True Grit+1","Sword Boomerang"],"picked":"Flex+1","floor":21}],"player_experience":187571,"relics_obtained":[{"floor":6,"key":"Paper Frog"},{"floor":9,"key":"PreservedInsect"},{"floor":12,"key":"Blue Candle"},{"floor":14,"key":"Omamori"},{"floor":17,"key":"Bronze Scales"},{"floor":17,"key":"Shovel"},{"floor":17,"key":"Toxic Egg 2"}],"event_choices":[{"damage_healed":0,"gold_gain":0,"player_choice":"Success","damage_taken":7,"relics_obtained":["Pen Nib"],"max_hp_gain":0,"max_hp_loss":0,"event_name":"Scrap Ooze","floor":4,"gold_loss":0},{"damage_healed":0,"gold_gain":0,"cards_transformed":["Cleave"],"player_choice":"Change","damage_taken":0,"max_hp_gain":0,"max_hp_loss":0,"event_name":"Living Wall","floor":5,"gold_loss":0,"cards_obtained":["Flame Barrier"]},{"damage_healed":20,"gold_gain":0,"player_choice":"Healed","damage_taken":0,"max_hp_gain":0,"max_hp_loss":0,"event_name":"The Cleric","floor":10,"gold_loss":35},{"damage_healed":0,"gold_gain":0,"player_choice":"Donut","damage_taken":0,"max_hp_gain":5,"max_hp_loss":0,"event_name":"Big Fish","floor":11,"gold_loss":0},{"damage_healed":0,"gold_gain":0,"player_choice":"Inject Mutagens","damage_taken":0,"relics_obtained":["MutagenicStrength"],"max_hp_gain":0,"max_hp_loss":0,"event_name":"Drug Dealer","floor":22,"gold_loss":0}],"is_beta":false,"boss_relics":[{"not_picked":["Black Star","Empty Cage"],"picked":"Calling Bell"}],"items_purged_floors":[20],"is_endless":false,"potions_floor_spawned":[2,6,8,16],"killed_by":"Slavers","ascension_level":1}