{"gold_per_floor":[114,125,140,140,140,140,168,168,214,227,22,22,22,54,54,155,155,166,182,198,298,244,244,273,293,320,320,333,333,367,385,385,385],"floor_reached":33,"playtime":7478,"items_purged":[],"score":472,"play_id":"0efeae79-9b54-4250-b55d-14ebefd4c956","local_time":"20190315174055","is_ascension_mode":true,"campfire_choices":[{"data":"Neutralize","floor":6,"key":"SMITH"},{"data":"Dagger Spray","floor":8,"key":"SMITH"},{"floor":15,"key":"REST"},{"data":"Malaise","floor":23,"key":"SMITH"},{"data":"Backflip","floor":27,"key":"SMITH"},{"floor":32,"key":"REST"}],"neow_cost":"NONE","seed_source_timestamp":150691194441145,"circlet_count":0,"master_deck":["AscendersBane","Defend_G+1","Defend_G+1","Defend_G+1","Defend_G+1","Defend_G+1","Strike_G+1","Strike_G+1","Strike_G+1","Survivor+1","Neutralize+1","Dagger Throw","Caltrops","Dagger Spray+1","Bane","Poisoned Stab","Poisoned Stab","PiercingWail","Malaise+1","Cloak And Dagger+1","Noxious Fumes","Backflip+1","Acrobatics+1"],"relics":["Ring of the Snake","Juzu Bracelet","Boot","Ancient Tea Set","Bag of Preparation","Sling","Matryoshka","Bottled Flame","Philosopher\u0027s Stone","Turnip","Question Card","Vajra","Dead Branch","War Paint","PreservedInsect","Centennial Puzzle"],"potions_floor_usage":[7,14,19,21,21,33],"damage_taken":[{"damage":6,"enemies":"Jaw Worm","floor":1,"turns":7},{"damage":4,"enemies":"Cultist","floor":2,"turns":6},{"damage":0,"enemies":"Small Slimes","floor":3,"turns":3},{"damage":12,"enemies":"Gremlin Nob","floor":7,"turns":3},{"damage":1,"enemies":"Red Slaver","floor":10,"turns":3},{"damage":1,"enemies":"3 Sentries","floor":14,"turns":4},{"damage":14,"enemies":"The Guardian","floor":16,"turns":13},{"damage":0,"enemies":"3 Byrds","floor":18,"turns":5},{"damage":2,"enemies":"Chosen","floor":19,"turns":4},{"damage":0,"enemies":"Snake Plant","floor":20,"turns":5},{"damage":15,"enemies":"Colosseum Slavers","floor":21,"turns":5},{"damage":15,"enemies":"Colosseum Nobs","floor":21,"turns":5},{"damage":11,"enemies":"Slavers","floor":24,"turns":5},{"damage":6,"enemies":"Chosen and Byrds","floor":25,"turns":5},{"damage":0,"enemies":"Centurion and Healer","floor":28,"turns":5},{"damage":21,"enemies":"Gremlin Leader","floor":30,"turns":4},{"damage":0,"enemies":"Snake Plant","floor":31,"turns":4},{"damage":25,"enemies":"Champ","floor":33,"turns":12}],"seed_played":"5288514549433188380","potions_obtained":[{"floor":1,"key":"Poison Potion"},{"floor":7,"key":"SkillPotion"},{"floor":14,"key":"PowerPotion"},{"floor":19,"key":"Strength Potion"},{"floor":20,"key":"Regen Potion"},{"floor":31,"key":"EssenceOfSteel"}],"is_trial":false,"path_per_floor":["M","M","M","?","?","R","E","R","T","M","$","T","?","E","R","B",null,"M","M","M","?","?","R","E","M","T","R","M","?","E","M","R","B"],"character_chosen":"THE_SILENT","items_purchased":["Sling"],"campfire_rested":2,"item_purchase_floors":[11],"current_hp_per_floor":[57,53,53,53,41,41,29,29,29,28,28,28,21,20,41,27,59,59,57,57,41,41,41,30,24,24,24,24,24,3,3,24,0],"gold":385,"neow_bonus":"RANDOM_COMMON_RELIC","is_prod":false,"is_daily":false,"chose_seed":false,"campfire_upgraded":4,"win_rate":0,"timestamp":1552671655,"path_taken":["M","M","M","?","?","R","E","R","T","M","$","?","?","E","R","BOSS","M","M","M","?","?","R","E","M","T","R","M","?","E","M","R","BOSS"],"build_version":"2019-01-23","purchased_purges":0,"victory":false,"max_hp_per_floor":[70,70,70,70,70,70,70,70,70,70,70,70,70,70,70,70,70,70,70,70,70,70,70,70,70,70,70,70,70,70,70,70,70],"card_choices":[{"not_picked":["Calculated Gamble","Bane"],"picked":"Dagger Throw","floor":1},{"not_picked":["Dagger Throw","Outmaneuver"],"picked":"Caltrops","floor":2},{"not_picked":["Outmaneuver","Infinite Blades"],"picked":"Dagger Spray","floor":3},{"not_picked":["Acrobatics","Well Laid Plans"],"picked":"Poisoned Stab","floor":7},{"not_picked":["Distraction","Expertise"],"picked":"Poisoned Stab","floor":10},{"not_picked":["Outmaneuver","Blade Dance"],"picked":"PiercingWail","floor":14},{"not_picked":["Unload","Glass Knife"],"picked":"Malaise","floor":16},{"not_picked":["Underhanded Strike","Distraction","Quick Slash"],"picked":"SKIP","floor":18},{"not_picked":["Blade Dance","Dagger Throw"],"picked":"Cloak And Dagger+1","floor":19},{"not_picked":["Quick Slash","Dagger Spray","Setup"],"picked":"SKIP","floor":20},{"not_picked":["Doppelganger","Deflect","Escape Plan"],"picked":"Noxious Fumes","floor":24},{"not_picked":["Bane","Deflect","Quick Slash"],"picked":"Backflip","floor":25},{"not_picked":["Distraction","Masterful Stab","Choke+1"],"picked":"Acrobatics+1","floor":28},{"not_picked":["Night Terror","Catalyst","Distraction","Bane"],"picked":"SKIP","floor":30},{"not_picked":["PiercingWail","Predator","Acrobatics","Poisoned Stab"],"picked":"SKIP","floor":31}],"player_experience":599349,"relics_obtained":[{"floor":7,"key":"Ancient Tea Set"},{"floor":9,"key":"Bag of Preparation"},{"floor":12,"key":"Matryoshka"},{"floor":14,"key":"Bottled Flame"},{"floor":21,"key":"Turnip"},{"floor":21,"key":"Question Card"},{"floor":24,"key":"Dead Branch"},{"floor":26,"key":"War Paint"},{"floor":26,"key":"PreservedInsect"},{"floor":30,"key":"Centennial Puzzle"}],"event_choices":[{"damage_healed":0,"gold_gain":0,"cards_transformed":["Strike_G"],"player_choice":"Change","damage_taken":0,"max_hp_gain":0,"max_hp_loss":0,"event_name":"Living Wall","floor":4,"gold_loss":0,"cards_obtained":["Bane"]},{"damage_healed":0,"gold_gain":0,"player_choice":"Success","damage_taken":12,"relics_obtained":["Boot"],"max_hp_gain":0,"max_hp_loss":0,"event_name":"Scrap Ooze","floor":5,"gold_loss":0},{"cards_removed":["Strike_G"],"damage_healed":0,"gold_gain":0,"player_choice":"Card Removal","damage_taken":7,"max_hp_gain":0,"max_hp_loss":0,"event_name":"Golden Wing","floor":13,"gold_loss":0},{"damage_healed":0,"gold_gain":0,"player_choice":"Fight","damage_taken":0,"max_hp_gain":0,"max_hp_loss":0,"event_name":"Colosseum","floor":21,"gold_loss":0},{"damage_healed":0,"gold_gain":0,"player_choice":"Fought Nobs","damage_taken":0,"max_hp_gain":0,"max_hp_loss":0,"event_name":"Colosseum","floor":21,"gold_loss":0},{"damage_healed":0,"gold_gain":0,"player_choice":"Paid Gold","damage_taken":0,"relics_obtained":["Vajra"],"max_hp_gain":0,"max_hp_loss":0,"event_name":"WeMeetAgain","floor":22,"gold_loss":54},{"damage_healed":0,"gold_gain":0,"player_choice":"Simplicity","damage_taken":0,"max_hp_gain":0,"max_hp_loss":0,"event_name":"Back to Basics","floor":29,"gold_loss":0,"cards_upgraded":["Defend_G","Defend_G","Defend_G","Defend_G","Strike_G","Strike_G","Strike_G"]}],"is_beta":false,"boss_relics":[{"not_picked":["Tiny House","Astrolabe"],"picked":"Philosopher\u0027s Stone"}],"items_purged_floors":[],"is_endless":false,"potions_floor_spawned":[1,7,14,19,20,21,31],"killed_by":"Champ","ascension_level":12}