{"gold_per_floor":[112,127,127,127,141,141,66,83,109,128,40,60,60,78,78,175,175,187,199,199,229,30,30,47,58,58,40,53,53,70,70,70,70],"floor_reached":33,"playtime":1334,"items_purged":["Eviscerate"],"score":241,"play_id":"c31a256d-d235-47cc-9a95-4e208eace61e","local_time":"20181020182509","daily_mods":["Allstar","Colorless Cards","Terminal"],"is_ascension_mode":false,"campfire_choices":[{"data":"Dagger Spray","floor":6,"key":"SMITH"},{"data":"Footwork","floor":15,"key":"SMITH"},{"data":"Footwork","floor":23,"key":"SMITH"},{"floor":29,"key":"REST"},{"data":"Noxious Fumes","floor":32,"key":"SMITH"}],"neow_cost":"","seed_source_timestamp":862524552024041,"circlet_count":0,"master_deck":["Defend_G+1","Defend_G","Defend_G","Defend_G","Defend_G","Strike_G","Strike_G","Strike_G","Strike_G","Strike_G","Survivor","Neutralize","Deep Breath","Dramatic Entrance","Dark Shackles","Mayhem","Mayhem","Caltrops","Dagger Spray+1","Bouncing Flask","Deadly Poison+1","Footwork+1","Footwork+1","Dodge and Roll","Decay","Clumsy","Shame","Deadly Poison","Dodge and Roll+1","Noxious Fumes+1","Deadly Poison+1","Cloak And Dagger+1"],"relics":["Ring of the Snake","Pen Nib","Calling Bell","Dream Catcher","Blue Candle","Du-Vu Doll","Red Mask","Membership Card","Toxic Egg 2"],"potions_floor_usage":[16,21,21,21,28,33],"damage_taken":[{"damage":0,"enemies":"Cultist","floor":1,"turns":4},{"damage":0,"enemies":"Jaw Worm","floor":2,"turns":6},{"damage":0,"enemies":"Small Slimes","floor":5,"turns":3},{"damage":0,"enemies":"Gremlin Gang","floor":8,"turns":3},{"damage":0,"enemies":"Looter","floor":10,"turns":4},{"damage":0,"enemies":"Large Slime","floor":12,"turns":5},{"damage":8,"enemies":"Gremlin Gang","floor":14,"turns":4},{"damage":7,"enemies":"Slime Boss","floor":16,"turns":13},{"damage":6,"enemies":"3 Byrds","floor":18,"turns":3},{"damage":2,"enemies":"Spheric Guardian","floor":19,"turns":5},{"damage":17,"enemies":"Masked Bandits","floor":21,"turns":6},{"damage":14,"enemies":"Snake Plant","floor":24,"turns":4},{"damage":2,"enemies":"Sentry and Sphere","floor":25,"turns":8},{"damage":15,"enemies":"Cultist and Chosen","floor":28,"turns":8},{"damage":1,"enemies":"Snake Plant","floor":30,"turns":4},{"damage":26,"enemies":"Automaton","floor":33,"turns":6}],"seed_played":"-5022340824472569320","potions_obtained":[{"floor":2,"key":"Regen Potion"},{"floor":5,"key":"Block Potion"},{"floor":12,"key":"AttackPotion"},{"floor":16,"key":"SkillPotion"},{"floor":24,"key":"SkillPotion"},{"floor":25,"key":"SteroidPotion"},{"floor":30,"key":"Poison Potion"}],"is_trial":true,"path_per_floor":["M","M","?","?","M","R","$","M","T","M","$","M","?","M","R","B",null,"M","M","?","?","$","R","M","M","T","$","M","R","M","?","R"],"character_chosen":"THE_SILENT","items_purchased":["Deadly Poison","Footwork","Membership Card","Noxious Fumes"],"campfire_rested":1,"item_purchase_floors":[11,11,22,27],"current_hp_per_floor":[68,67,66,70,69,68,67,66,65,64,63,62,50,42,42,35,57,51,49,49,41,41,41,27,25,25,25,10,23,22,22,22,0],"gold":70,"neow_bonus":"","is_prod":false,"is_daily":false,"chose_seed":false,"campfire_upgraded":4,"win_rate":0,"timestamp":1540074309,"path_taken":["M","?","?","?","?","R","$","M","T","M","$","M","?","?","R","BOSS","M","M","?","?","$","R","M","?","T","$","M","R","M","?","R","BOSS"],"build_version":"2018-10-18","purchased_purges":1,"victory":false,"max_hp_per_floor":[68,67,66,70,69,68,67,66,65,64,63,62,61,60,59,58,57,56,55,54,53,52,51,50,49,48,47,46,45,44,43,42,42],"card_choices":[{"not_picked":["Acrobatics","Slice"],"picked":"Caltrops","floor":1},{"not_picked":["Acrobatics","Slice"],"picked":"Dagger Spray","floor":2},{"not_picked":["Escape Plan","PanicButton"],"picked":"Eviscerate","floor":5},{"not_picked":["Panacea","Swift Strike","Deadly Poison"],"picked":"SKIP","floor":8},{"not_picked":["Blade Dance","Burst"],"picked":"Bouncing Flask","floor":10},{"not_picked":["Slice","Flechettes"],"picked":"Footwork","floor":12},{"not_picked":["Expertise","Backflip"],"picked":"Dodge and Roll","floor":14},{"not_picked":["Trip","Distraction"],"picked":"Deadly Poison","floor":18},{"not_picked":["Deflect","Outmaneuver","Slice+1"],"picked":"SKIP","floor":19},{"not_picked":["Mind Blast","Madness"],"picked":"Dodge and Roll+1","floor":24},{"not_picked":["Cloak And Dagger","Flying Knee","Deep Breath"],"picked":"SKIP","floor":25},{"not_picked":["Cloak And Dagger+1","All Out Attack"],"picked":"Deadly Poison+1","floor":28},{"not_picked":["Underhanded Strike+1","Riddle With Holes"],"picked":"Cloak And Dagger+1","floor":29},{"not_picked":["Enlightenment+1","Prepared+1","Secret Technique+1"],"picked":"SKIP","floor":30}],"player_experience":247684,"relics_obtained":[{"floor":9,"key":"Pen Nib"},{"floor":17,"key":"Dream Catcher"},{"floor":17,"key":"Blue Candle"},{"floor":17,"key":"Du-Vu Doll"},{"floor":21,"key":"Red Mask"},{"floor":26,"key":"Toxic Egg 2"}],"event_choices":[{"damage_healed":0,"gold_gain":0,"player_choice":"Ignored","damage_taken":0,"max_hp_gain":0,"max_hp_loss":0,"event_name":"Liars Game","floor":3,"gold_loss":0},{"damage_healed":0,"gold_gain":0,"player_choice":"Donut","damage_taken":0,"max_hp_gain":5,"max_hp_loss":0,"event_name":"Big Fish","floor":4,"gold_loss":0},{"damage_healed":0,"gold_gain":0,"player_choice":"Entered Light","damage_taken":12,"max_hp_gain":0,"max_hp_loss":0,"event_name":"Shining Light","floor":13,"gold_loss":0,"cards_upgraded":["Deadly Poison","Defend_G"]},{"damage_healed":0,"gold_gain":0,"player_choice":"Ignored","damage_taken":0,"max_hp_gain":0,"max_hp_loss":0,"event_name":"Vampires","floor":20,"gold_loss":0},{"damage_healed":0,"gold_gain":0,"player_choice":"Fought Bandits","damage_taken":0,"max_hp_gain":0,"max_hp_loss":0,"event_name":"Masked Bandits","floor":21,"gold_loss":0},{"damage_healed":0,"gold_gain":0,"player_choice":"Ignored","damage_taken":0,"max_hp_gain":0,"max_hp_loss":0,"event_name":"Beggar","floor":31,"gold_loss":0}],"is_beta":false,"boss_relics":[{"not_picked":["Velvet Choker","Runic Dome"],"picked":"Calling Bell"}],"items_purged_floors":[7],"is_endless":false,"potions_floor_spawned":[2,5,12,14,16,19,24,25,30],"killed_by":"Automaton","ascension_level":0}