{"gold_per_floor":[11,11,11,27,41,77,93,93],"floor_reached":8,"playtime":569,"items_purged":[],"score":93,"play_id":"e3a9c9ae-3f69-44c8-9ab6-2069e08451e6","local_time":"20190310044521","is_ascension_mode":true,"campfire_choices":[],"neow_cost":"NO_GOLD","seed_source_timestamp":481962220509318,"circlet_count":0,"master_deck":["AscendersBane","Strike_R","Strike_R","Strike_R","Defend_R","Defend_R","Defend_R","Defend_R","Bash","Armaments+1","Rupture+1","Shockwave","Feel No Pain","Iron Wave","Iron Wave"],"relics":["Burning Blood","Golden Idol","Juzu Bracelet"],"potions_floor_usage":[6,8],"damage_taken":[{"damage":19,"enemies":"Jaw Worm","floor":1,"turns":5},{"damage":4,"enemies":"2 Louse","floor":4,"turns":4},{"damage":1,"enemies":"Small Slimes","floor":5,"turns":4},{"damage":49,"enemies":"Lagavulin","floor":6,"turns":9},{"damage":13,"enemies":"2 Fungi Beasts","floor":7,"turns":5},{"damage":18,"enemies":"Gremlin Nob","floor":8,"turns":5}],"seed_played":"3788797309310031579","potions_obtained":[{"floor":1,"key":"Regen Potion"},{"floor":5,"key":"Ancient Potion"}],"is_trial":false,"path_per_floor":["M","?","?","M","M","E","M","E"],"character_chosen":"IRONCLAD","items_purchased":[],"campfire_rested":0,"item_purchase_floors":[],"current_hp_per_floor":[59,43,43,45,50,22,15,0],"gold":93,"neow_bonus":"TRANSFORM_TWO_CARDS","is_prod":false,"is_daily":false,"chose_seed":false,"campfire_upgraded":0,"win_rate":0,"timestamp":1552207521,"path_taken":["M","?","?","M","M","E","M","E"],"build_version":"2019-01-23","purchased_purges":0,"victory":false,"max_hp_per_floor":[80,80,74,74,74,74,74,74],"card_choices":[{"not_picked":["Havoc","Body Slam"],"picked":"Shockwave","floor":1},{"not_picked":["Rage","Iron Wave"],"picked":"Feel No Pain","floor":4},{"not_picked":["Heavy Blade","Flex","Infernal Blade"],"picked":"SKIP","floor":5},{"not_picked":["Inflame","Entrench"],"picked":"Iron Wave","floor":6},{"not_picked":["Searing Blow","Thunderclap"],"picked":"Iron Wave","floor":7}],"player_experience":273812,"relics_obtained":[{"floor":6,"key":"Juzu Bracelet"}],"event_choices":[{"damage_healed":0,"gold_gain":0,"player_choice":"Entered Light","damage_taken":16,"max_hp_gain":0,"max_hp_loss":0,"event_name":"Shining Light","floor":2,"gold_loss":0,"cards_upgraded":["Armaments","Rupture"]},{"damage_healed":0,"gold_gain":0,"player_choice":"Lose Max HP","damage_taken":0,"relics_obtained":["Golden Idol"],"max_hp_gain":0,"max_hp_loss":6,"event_name":"Golden Idol","floor":3,"gold_loss":0}],"is_beta":false,"boss_relics":[],"items_purged_floors":[],"is_endless":false,"potions_floor_spawned":[1,5],"killed_by":"Gremlin Nob","ascension_level":12}