{"gold_per_floor":[217,217,292,307,63,89,89,100,100,100,25,25,45,75,75,149,149,160,18,18,18,18,18,51,63,111,11,36,36,36,56,56,56],"floor_reached":33,"playtime":1452,"items_purged":["Strike_R","Defend_R"],"score":506,"play_id":"391995ac-0978-4e77-938f-4ad4372e7aaa","local_time":"20190316145026","is_ascension_mode":true,"campfire_choices":[{"floor":7,"key":"REST"},{"floor":12,"key":"REST"},{"data":"True Grit","floor":15,"key":"SMITH"},{"data":"Rampage","floor":23,"key":"SMITH"},{"floor":29,"key":"REST"},{"floor":32,"key":"REST"}],"neow_cost":"NONE","seed_source_timestamp":1035781259935552,"circlet_count":0,"master_deck":["AscendersBane","Defend_R","Defend_R","Defend_R","Bash","Clothesline","Headbutt","True Grit+1","Sword Boomerang","Bludgeon","Shrug It Off","Bludgeon","Rage+1","Dual Wield+1","True Grit+1","Disarm","Rampage+1","Metallicize","Cleave","Fiend Fire"],"relics":["Burning Blood","ClockworkSouvenir","Shuriken","Happy Flower","Incense Burner","Vajra","Astrolabe","Bottled Flame","Oddly Smooth Stone","Ancient Tea Set","Molten Egg 2"],"potions_floor_usage":[6,16,28,28,33],"damage_taken":[{"damage":0,"enemies":"Small Slimes","floor":1,"turns":3},{"damage":2,"enemies":"2 Louse","floor":4,"turns":2},{"damage":45,"enemies":"Lagavulin","floor":6,"turns":8},{"damage":11,"enemies":"Jaw Worm","floor":8,"turns":4},{"damage":9,"enemies":"3 Louse","floor":13,"turns":3},{"damage":13,"enemies":"Gremlin Nob","floor":14,"turns":5},{"damage":15,"enemies":"Slime Boss","floor":16,"turns":7},{"damage":0,"enemies":"Spheric Guardian","floor":18,"turns":4},{"damage":39,"enemies":"Book of Stabbing","floor":24,"turns":7},{"damage":7,"enemies":"Chosen","floor":25,"turns":4},{"damage":51,"enemies":"Slavers","floor":28,"turns":9},{"damage":18,"enemies":"Snake Plant","floor":31,"turns":3},{"damage":65,"enemies":"Collector","floor":33,"turns":5}],"seed_played":"3602563136101855608","potions_obtained":[{"floor":1,"key":"Weak Potion"},{"floor":8,"key":"Ancient Potion"},{"floor":13,"key":"Strength Potion"},{"floor":25,"key":"Regen Potion"},{"floor":31,"key":"LiquidBronze"}],"is_trial":false,"path_per_floor":["M","?","?","M","$","E","R","M","T","?","$","R","M","E","R","B",null,"M","$","?","?","?","R","E","M","T","$","E","R","T","M","R","B"],"character_chosen":"IRONCLAD","items_purchased":["ClockworkSouvenir","True Grit","Rampage","Metallicize"],"campfire_rested":4,"item_purchase_floors":[5,5,19,19],"current_hp_per_floor":[74,79,68,72,72,33,57,52,52,41,41,65,62,55,55,46,72,78,78,78,78,78,78,45,44,44,44,14,38,38,26,50,0],"gold":56,"neow_bonus":"HUNDRED_GOLD","is_prod":false,"is_daily":false,"chose_seed":false,"campfire_upgraded":2,"win_rate":0,"timestamp":1552762226,"path_taken":["M","?","?","M","$","E","R","M","T","?","$","R","M","E","R","BOSS","M","$","?","?","?","R","E","M","T","?","E","R","?","M","R","BOSS"],"build_version":"2019-01-23","purchased_purges":2,"victory":false,"max_hp_per_floor":[75,80,80,80,80,80,80,80,80,80,80,80,80,80,80,80,80,80,80,80,80,80,80,80,80,80,80,80,80,80,80,80,80],"card_choices":[{"not_picked":["Ghostly Armor","Flex"],"picked":"Clothesline","floor":1},{"not_picked":["Havoc","Perfected Strike"],"picked":"Headbutt","floor":4},{"not_picked":["Clothesline","Warcry"],"picked":"Sword Boomerang","floor":6},{"not_picked":["Dual Wield","Headbutt"],"picked":"Bludgeon","floor":8},{"not_picked":["Havoc","Anger"],"picked":"Shrug It Off","floor":13},{"not_picked":["Flex","Iron Wave","Perfected Strike"],"picked":"SKIP","floor":14},{"not_picked":["Reaper","Offering"],"picked":"Bludgeon","floor":16},{"not_picked":["Twin Strike","Perfected Strike"],"picked":"Disarm","floor":18},{"not_picked":["Fire Breathing+1","True Grit+1"],"picked":"Cleave","floor":24},{"not_picked":["Anger","Shrug It Off","Wild Strike"],"picked":"SKIP","floor":25},{"not_picked":["Body Slam","Pummel"],"picked":"Fiend Fire","floor":28},{"not_picked":["Intimidate","Anger+1","Dropkick+1"],"picked":"SKIP","floor":31}],"player_experience":309720,"relics_obtained":[{"floor":6,"key":"Shuriken"},{"floor":9,"key":"Happy Flower"},{"floor":14,"key":"Vajra"},{"floor":24,"key":"Bottled Flame"},{"floor":26,"key":"Oddly Smooth Stone"},{"floor":28,"key":"Ancient Tea Set"},{"floor":30,"key":"Molten Egg 2"}],"event_choices":[{"damage_healed":0,"gold_gain":0,"player_choice":"Donut","damage_taken":0,"max_hp_gain":5,"max_hp_loss":0,"event_name":"Big Fish","floor":2,"gold_loss":0},{"damage_healed":0,"gold_gain":75,"player_choice":"Gather Gold","damage_taken":11,"max_hp_gain":0,"max_hp_loss":0,"event_name":"World of Goop","floor":3,"gold_loss":0},{"damage_healed":0,"gold_gain":0,"player_choice":"Success","damage_taken":11,"relics_obtained":["Incense Burner"],"max_hp_gain":0,"max_hp_loss":0,"event_name":"Scrap Ooze","floor":10,"gold_loss":0},{"cards_removed":["Strike_R"],"damage_healed":0,"gold_gain":0,"player_choice":"Elegance","damage_taken":0,"max_hp_gain":0,"max_hp_loss":0,"event_name":"Back to Basics","floor":20,"gold_loss":0},{"damage_healed":0,"gold_gain":0,"player_choice":"Ignored","damage_taken":0,"max_hp_gain":0,"max_hp_loss":0,"event_name":"Beggar","floor":21,"gold_loss":0},{"damage_healed":0,"gold_gain":0,"player_choice":"Ignored","damage_taken":0,"max_hp_gain":0,"max_hp_loss":0,"event_name":"Ghosts","floor":22,"gold_loss":0}],"is_beta":false,"boss_relics":[{"not_picked":["Empty Cage","Runic Cube"],"picked":"Astrolabe"}],"items_purged_floors":[11,27],"is_endless":false,"potions_floor_spawned":[1,8,13,25,31],"killed_by":"Collector","ascension_level":15}