{"path_per_floor":["M","?","M","?","M","E","R","M","T","E","M","$","?","E","R"],"character_chosen":"THE_SILENT","items_purchased":["Ninja Scroll","Whetstone","Heel Hook"],"gold_per_floor":[119,294,313,313,332,365,365,382,382,417,434,15,15,47,47],"floor_reached":16,"campfire_rested":2,"playtime":2857,"current_hp_per_floor":[62,62,57,50,50,24,42,39,53,31,23,23,23,5,28],"items_purged":[],"gold":47,"score":150,"play_id":"9e18d26e-159e-402b-ac8b-51d56f5cb12b","is_prod":false,"is_daily":false,"is_ascension_mode":true,"campfire_upgraded":0,"path_taken":["M","?","?","?","M","E","R","M","T","E","M","$","?","E","R","BOSS"],"build_version":"2018-02-15-PROD1","purchased_purges":0,"victory":false,"master_deck":["Defend_G","Defend_G","Defend_G","Defend_G","Strike_G+1","Strike_G","Strike_G","Survivor","Neutralize+1","Infinite Blades","Leg Sweep","Deflect","Acrobatics","Dagger Throw","Poisoned Stab","Dagger Spray","Caltrops","Deflect","Heel Hook","Setup"],"max_hp_per_floor":[63,63,63,63,63,63,63,63,77,77,77,77,77,77,77],"relics":["Ring of the Snake","Snake Skull","Mango","Anchor","Ninja Scroll","Whetstone","Smiling Mask"],"card_choices":[{"not_picked":["Underhanded Strike","Outmaneuver"],"picked":"Deflect"},{"not_picked":["Underhanded Strike","Masterful Stab"],"picked":"Acrobatics"},{"not_picked":["Finisher","Acrobatics"],"picked":"Dagger Throw"},{"not_picked":["Wraith Form","Heel Hook"],"picked":"Poisoned Stab"},{"not_picked":["Setup","Reflex"],"picked":"Dagger Spray"},{"not_picked":["Setup","Acrobatics"],"picked":"Caltrops"},{"not_picked":["Bane","Underhanded Strike"],"picked":"Deflect"},{"not_picked":["Blade Dance","Deadly Poison"],"picked":"Setup"}],"player_experience":192993,"potions_floor_usage":[6,10,14,16],"damage_taken":[{"damage":1,"enemies":"Jaw Worm","floor":1,"turns":6},{"damage":5,"enemies":"Cultist","floor":3,"turns":6},{"damage":0,"enemies":"Small Slimes","floor":5,"turns":3},{"damage":41,"enemies":"Gremlin Nob","floor":6,"turns":7},{"damage":3,"enemies":"3 Louse","floor":8,"turns":5},{"damage":22,"enemies":"Lagavulin","floor":10,"turns":7},{"damage":8,"enemies":"Looter","floor":11,"turns":3},{"damage":18,"enemies":"3 Sentries","floor":14,"turns":7},{"damage":33,"enemies":"Slime Boss","floor":16,"turns":6}],"event_choices":[{"event_name":"Liars Game","player_choice":"agreed","floor":2,"damage_taken":0},{"event_name":"Golden Wing","player_choice":"Card Removal","floor":4,"damage_taken":0},{"event_name":"Fountain of Cleansing","player_choice":"Removed Curse","floor":13,"damage_taken":0}],"boss_relics":[],"potions_floor_spawned":[1,6,11,14],"seed_played":"3919286763560528740","killed_by":"Slime Boss","ascension_level":5,"is_trial":false}