{"gold_per_floor":[116,7,20,20,95,130,130,142,142,169,94,94,122,134,134,134],"floor_reached":16,"playtime":410,"items_purged":["Strike_G"],"score":250,"play_id":"548199bd-ea39-432c-809f-c69b939ab9b9","local_time":"20181206135626","is_ascension_mode":true,"campfire_choices":[{"data":"Predator","floor":7,"key":"SMITH"},{"data":"Prepared","floor":15,"key":"SMITH"}],"neow_cost":"NONE","seed_source_timestamp":81069180437394,"circlet_count":0,"master_deck":["AscendersBane","Defend_G","Defend_G","Defend_G","Defend_G","Defend_G","Strike_G","Strike_G","Strike_G","Strike_G","Survivor","Neutralize","Underhanded Strike","Well Laid Plans","Predator+1","Deflect","Prepared+1","Poisoned Stab","Corpse Explosion","Well Laid Plans","Tactician"],"relics":["Ring of the Snake","NeowsBlessing","Tingsha","Turnip","Orichalcum","Strawberry"],"potions_floor_usage":[16],"damage_taken":[{"damage":0,"enemies":"Cultist","floor":1,"turns":1},{"damage":0,"enemies":"Small Slimes","floor":3,"turns":1},{"damage":0,"enemies":"Gremlin Nob","floor":6,"turns":1},{"damage":0,"enemies":"Jaw Worm","floor":8,"turns":3},{"damage":18,"enemies":"3 Sentries","floor":10,"turns":7},{"damage":17,"enemies":"Lagavulin","floor":13,"turns":6},{"damage":0,"enemies":"2 Fungi Beasts","floor":14,"turns":3},{"damage":22,"enemies":"Hexaghost","floor":16,"turns":9}],"seed_played":"459683874167857902","potions_obtained":[{"floor":1,"key":"Ancient Potion"},{"floor":13,"key":"FearPotion"}],"is_trial":false,"path_per_floor":["M","$","M","?","?","E","R","M","T","E","$","?","E","M","R","B"],"character_chosen":"THE_SILENT","items_purchased":["Well Laid Plans","Predator"],"campfire_rested":0,"item_purchase_floors":[2,2],"current_hp_per_floor":[59,59,59,59,48,48,48,48,48,30,30,30,20,20,20,0],"gold":134,"neow_bonus":"THREE_ENEMY_KILL","is_prod":false,"is_daily":false,"chose_seed":false,"campfire_upgraded":2,"win_rate":0,"timestamp":1544133386,"path_taken":["M","?","M","?","?","E","R","M","T","E","?","?","E","M","R","BOSS"],"build_version":"2018-11-15","purchased_purges":1,"victory":false,"max_hp_per_floor":[66,66,66,66,66,66,66,66,66,66,66,66,73,73,73,73],"card_choices":[{"not_picked":["Finisher","Backflip"],"picked":"Underhanded Strike","floor":1},{"not_picked":["Riddle With Holes","Deflect","Slice"],"picked":"SKIP","floor":3},{"not_picked":["Riddle With Holes","Slice"],"picked":"Deflect","floor":3},{"not_picked":["Acrobatics","Sucker Punch"],"picked":"Prepared","floor":6},{"not_picked":["Burst","Accuracy","Poisoned Stab"],"picked":"SKIP","floor":8},{"not_picked":["Burst","Accuracy"],"picked":"Poisoned Stab","floor":8},{"not_picked":["Quick Slash","Dagger Spray"],"picked":"Corpse Explosion","floor":10},{"not_picked":["Accuracy","Poisoned Stab"],"picked":"Well Laid Plans","floor":13},{"not_picked":["Prepared","Slice"],"picked":"Tactician","floor":14}],"player_experience":993518,"relics_obtained":[{"floor":6,"key":"Tingsha"},{"floor":9,"key":"Turnip"},{"floor":10,"key":"Orichalcum"},{"floor":13,"key":"Strawberry"}],"event_choices":[{"damage_healed":0,"gold_gain":0,"player_choice":"Ignored","damage_taken":0,"max_hp_gain":0,"max_hp_loss":0,"event_name":"Liars Game","floor":4,"gold_loss":0},{"damage_healed":0,"gold_gain":75,"player_choice":"Gather Gold","damage_taken":11,"max_hp_gain":0,"max_hp_loss":0,"event_name":"World of Goop","floor":5,"gold_loss":0},{"damage_healed":0,"gold_gain":0,"player_choice":"Searched \u00271\u0027 times","damage_taken":0,"max_hp_gain":0,"max_hp_loss":0,"event_name":"Dead Adventurer","floor":12,"gold_loss":0}],"is_beta":false,"boss_relics":[],"items_purged_floors":[11],"is_endless":false,"potions_floor_spawned":[1,13],"killed_by":"Hexaghost","ascension_level":15}