{"gold_per_floor":[110,110,127,202,105,136,136,150,150,150,178,78,97,63,63,166,166,183,199,199,212,225,225,225],"floor_reached":24,"playtime":1626,"items_purged":["Strike_G","Strike_G"],"score":254,"play_id":"21ab0a9e-793b-48c1-8de9-e0853cc968f1","local_time":"20190203095117","is_ascension_mode":true,"campfire_choices":[{"data":"Footwork","floor":7,"key":"SMITH"},{"data":"Footwork","floor":10,"key":"SMITH"},{"floor":15,"key":"REST"},{"data":"Catalyst","floor":23,"key":"SMITH"}],"neow_cost":"NONE","seed_source_timestamp":222515250644812,"circlet_count":0,"master_deck":["Defend_G","Defend_G","Defend_G","Defend_G","Defend_G","Strike_G","Strike_G","Strike_G","Survivor","Neutralize","Footwork+1","Footwork+1","Backflip","Deadly Poison","Backflip","Dagger Spray","Dash","Footwork","After Image","Bane","Catalyst+1","Backflip"],"relics":["Ring of the Serpent","NeowsBlessing","Bottled Tornado","Mummified Hand","Boot"],"potions_floor_usage":[11,24,24,24],"damage_taken":[{"damage":0,"enemies":"Cultist","floor":1,"turns":1},{"damage":0,"enemies":"2 Louse","floor":3,"turns":1},{"damage":0,"enemies":"3 Sentries","floor":6,"turns":1},{"damage":0,"enemies":"Jaw Worm","floor":8,"turns":5},{"damage":56,"enemies":"Gremlin Nob","floor":11,"turns":8},{"damage":0,"enemies":"Lots of Slimes","floor":13,"turns":2},{"damage":16,"enemies":"Hexaghost","floor":16,"turns":13},{"damage":1,"enemies":"Shell Parasite","floor":18,"turns":7},{"damage":13,"enemies":"Chosen","floor":19,"turns":8},{"damage":28,"enemies":"Sentry and Sphere","floor":21,"turns":10},{"damage":2,"enemies":"Snecko","floor":22,"turns":8},{"damage":61,"enemies":"Gremlin Leader","floor":24,"turns":8}],"seed_played":"505014865707219243","potions_obtained":[{"floor":1,"key":"Swift Potion"},{"floor":6,"key":"Explosive Potion"},{"floor":16,"key":"EssenceOfSteel"},{"floor":19,"key":"Regen Potion"}],"is_trial":false,"path_per_floor":["M","?","M","?","$","E","R","M","T","R","E","$","M","$","R","B",null,"M","M","?","M","M","R","E"],"character_chosen":"THE_SILENT","items_purchased":["Backflip","Footwork"],"campfire_rested":1,"item_purchase_floors":[5,14],"current_hp_per_floor":[70,75,75,64,64,64,64,64,64,64,8,8,8,8,30,14,75,74,61,75,47,45,45,0],"gold":225,"neow_bonus":"THREE_ENEMY_KILL","is_prod":false,"is_daily":false,"chose_seed":false,"campfire_upgraded":3,"win_rate":0,"timestamp":1549205477,"path_taken":["M","?","M","?","$","E","R","M","T","R","E","?","?","$","R","BOSS","M","M","?","?","M","R","E"],"build_version":"2019-01-23","purchased_purges":2,"victory":false,"max_hp_per_floor":[70,75,75,75,75,75,75,75,75,75,75,75,75,75,75,75,75,75,75,75,75,75,75,75],"card_choices":[{"not_picked":["Flechettes","Quick Slash"],"picked":"Footwork","floor":1},{"not_picked":["Finisher","Terror"],"picked":"Footwork","floor":3},{"not_picked":["Outmaneuver","PiercingWail"],"picked":"Deadly Poison","floor":6},{"not_picked":["Accuracy","Escape Plan"],"picked":"Backflip","floor":8},{"not_picked":["Tactician","Crippling Poison"],"picked":"Dagger Spray","floor":11},{"not_picked":["Finisher","Backflip"],"picked":"Dash","floor":13},{"not_picked":["Storm of Steel","Unload"],"picked":"After Image","floor":16},{"not_picked":["Acrobatics+1","Outmaneuver"],"picked":"Bane","floor":18},{"not_picked":["Deflect+1","Calculated Gamble","Accuracy"],"picked":"SKIP","floor":19},{"not_picked":["Endless Agony","Sucker Punch+1"],"picked":"Catalyst","floor":21},{"not_picked":["Blade Dance","Deadly Poison"],"picked":"Backflip","floor":22}],"player_experience":272021,"relics_obtained":[{"floor":6,"key":"Bottled Tornado"},{"floor":9,"key":"Mummified Hand"},{"floor":11,"key":"Boot"}],"event_choices":[{"damage_healed":0,"gold_gain":0,"player_choice":"Donut","damage_taken":0,"max_hp_gain":5,"max_hp_loss":0,"event_name":"Big Fish","floor":2,"gold_loss":0},{"damage_healed":0,"gold_gain":75,"player_choice":"Gather Gold","damage_taken":11,"max_hp_gain":0,"max_hp_loss":0,"event_name":"World of Goop","floor":4,"gold_loss":0},{"damage_healed":14,"gold_gain":0,"player_choice":"Full Heal","damage_taken":0,"max_hp_gain":0,"max_hp_loss":0,"event_name":"Wheel of Change","floor":20,"gold_loss":0}],"is_beta":false,"boss_relics":[{"not_picked":["White Beast Statue","Runic Dome"],"picked":"Ring of the Serpent"}],"items_purged_floors":[5,12],"is_endless":false,"potions_floor_spawned":[1,6,16,19,21,22],"killed_by":"Gremlin Leader","ascension_level":2}