{"gold_per_floor":[115,115,115,34,47,47,79,79,102,24,49,49,67,82,82,187,187,216,246,258,46,46,78,97,97],"floor_reached":25,"playtime":544,"items_purged":["Pain"],"score":357,"play_id":"2b5c65b9-9b60-4c83-8d38-691e8de4ba01","local_time":"20181014032715","is_ascension_mode":true,"campfire_choices":[{"data":"Doom and Gloom","floor":6,"key":"SMITH"},{"floor":12,"key":"REST"},{"data":"Defragment","floor":15,"key":"SMITH"}],"neow_cost":"NONE","seed_source_timestamp":293395602752354,"circlet_count":0,"master_deck":["Strike_B","Strike_B+1","Strike_B+1","Defend_B","Defend_B","Defend_B","Defend_B","Zap","Dualcast","Echo Form","Doom and Gloom+1","Defragment+1","Doom and Gloom","Sweeping Beam","Sweeping Beam","Streamline","Conserve Battery","Thunder Strike","Regret","Doubt","Decay","Auto Shields","Gash+1","Rainbow","Heatsinks","Heatsinks","Loop","Gash","Hello World+1"],"relics":["Cracked Core","The Courier","WarpedTongs","Bronze Scales","Sundial","Calling Bell","MawBank","Pear","Mango","Nilry\u0027s Codex","Strawberry"],"potions_floor_usage":[16,23,23],"damage_taken":[{"damage":4,"enemies":"Small Slimes","floor":1,"turns":4},{"damage":1,"enemies":"Cultist","floor":5,"turns":3},{"damage":6,"enemies":"Gremlin Nob","floor":7,"turns":3},{"damage":18,"enemies":"Lagavulin","floor":11,"turns":5},{"damage":6,"enemies":"2 Louse","floor":13,"turns":2},{"damage":0,"enemies":"Large Slime","floor":14,"turns":4},{"damage":0,"enemies":"Slime Boss","floor":16,"turns":4},{"damage":35,"enemies":"2 Thieves","floor":18,"turns":3},{"damage":24,"enemies":"Spheric Guardian","floor":19,"turns":4},{"damage":30,"enemies":"Slavers","floor":23,"turns":3},{"damage":20,"enemies":"Chosen and Byrds","floor":24,"turns":5},{"damage":34,"enemies":"Cultist and Chosen","floor":25,"turns":4}],"seed_played":"-6822181344412670305","potions_obtained":[{"floor":5,"key":"Fire Potion"},{"floor":7,"key":"Strength Potion"},{"floor":11,"key":"Explosive Potion"},{"floor":23,"key":"Swift Potion"}],"is_trial":false,"path_per_floor":["M","?","?","$","M","R","E","?","T","$","E","R","M","M","R","B",null,"M","M","?","$","?","E","M"],"character_chosen":"DEFECT","items_purchased":["Defragment","Sweeping Beam","Rainbow","Heatsinks","Heatsinks","Loop"],"campfire_rested":1,"item_purchase_floors":[4,10,21,21,21,21],"current_hp_per_floor":[71,71,56,56,55,55,49,49,49,49,31,53,47,47,47,47,99,64,40,109,109,93,70,50,16],"gold":97,"neow_bonus":"ONE_RANDOM_RARE_CARD","is_prod":false,"is_daily":false,"chose_seed":false,"campfire_upgraded":2,"win_rate":0,"timestamp":1539512835,"path_taken":["M","?","?","$","M","R","E","?","T","$","E","R","?","M","R","BOSS","M","M","?","$","?","E","M","?"],"build_version":"2018-10-11","purchased_purges":1,"victory":false,"max_hp_per_floor":[75,75,75,75,75,75,75,75,75,75,75,75,75,75,75,75,99,99,99,109,109,109,116,116,116],"card_choices":[{"not_picked":["Steam","Cold Snap"],"picked":"Doom and Gloom","floor":1},{"not_picked":["Go for the Eyes","Reprogram"],"picked":"Doom and Gloom","floor":5},{"not_picked":["Barrage","Beam Cell"],"picked":"Core Surge","floor":7},{"not_picked":["Turbo","Skim"],"picked":"Sweeping Beam","floor":11},{"not_picked":["BootSequence","Aggregate"],"picked":"Streamline","floor":13},{"not_picked":["Coolheaded","Cold Snap"],"picked":"Conserve Battery","floor":14},{"not_picked":["Core Surge","Reboot"],"picked":"Thunder Strike","floor":16},{"not_picked":["Go for the Eyes+1","Compile Driver"],"picked":"Auto Shields","floor":18},{"not_picked":["Go for the Eyes","BootSequence"],"picked":"Gash+1","floor":19},{"not_picked":["Go for the Eyes","Turbo"],"picked":"Gash","floor":23},{"not_picked":["Barrage+1","Redo"],"picked":"Hello World+1","floor":24}],"player_experience":490560,"relics_obtained":[{"floor":7,"key":"The Courier"},{"floor":9,"key":"Bronze Scales"},{"floor":11,"key":"Sundial"},{"floor":17,"key":"MawBank"},{"floor":17,"key":"Pear"},{"floor":17,"key":"Mango"},{"floor":22,"key":"Nilry\u0027s Codex"},{"floor":23,"key":"Strawberry"}],"event_choices":[{"event_name":"Wheel of Change","player_choice":"Card Removal","floor":2,"damage_taken":0},{"event_name":"Shining Light","player_choice":"Entered Light","floor":3,"damage_taken":0},{"event_name":"Accursed Blacksmith","player_choice":"Rummage","floor":8,"damage_taken":0},{"event_name":"Bonfire Elementals","player_choice":"RARE","floor":20,"damage_taken":0},{"event_name":"Cursed Tome","player_choice":"Obtained Book","floor":22,"damage_taken":0}],"is_beta":false,"boss_relics":[{"not_picked":["Tiny House","FrozenCore"],"picked":"Calling Bell"}],"items_purged_floors":[10],"is_endless":false,"potions_floor_spawned":[5,7,11,14,23],"killed_by":"Cultist and Chosen","ascension_level":2}