{"gold_per_floor":[119,119,44,62,62,96,111,146,198,210,289,333,345,357,369,483,495,524,536,559,75,75,75,98,98],"floor_reached":25,"playtime":2051,"items_purged":["Strike_B"],"score":324,"play_id":"820eec67-763d-4f59-9682-4eb8c8eb97c6","local_time":"20190325131653","is_ascension_mode":true,"campfire_choices":[{"floor":15,"key":"REST"},{"floor":23,"key":"REST"}],"neow_cost":"NONE","seed_source_timestamp":360176191260283,"circlet_count":0,"master_deck":["Strike_B","Strike_B","Defend_B+1","Defend_B","Defend_B+1","Zap","Dualcast","Ball Lightning","Glacier","Cold Snap","Streamline","BootSequence","Turbo","Seek","Gash","RitualDagger","Gash+1"],"relics":["Cracked Core","NeowsBlessing","Sundial","Dream Catcher","MawBank","Girya","Vajra","Philosopher\u0027s Stone","OrangePellets","Prayer Wheel","Bronze Scales"],"potions_floor_usage":[8,8,25],"damage_taken":[{"damage":0,"enemies":"Jaw Worm","floor":1,"turns":1},{"damage":0,"enemies":"Cultist","floor":4,"turns":1},{"damage":0,"enemies":"Gremlin Nob","floor":6,"turns":1},{"damage":0,"enemies":"Small Slimes","floor":7,"turns":3},{"damage":1,"enemies":"Lagavulin","floor":8,"turns":6},{"damage":23,"enemies":"3 Sentries","floor":12,"turns":8},{"damage":24,"enemies":"Slime Boss","floor":16,"turns":12},{"damage":3,"enemies":"Chosen","floor":18,"turns":5},{"damage":30,"enemies":"2 Thieves","floor":20,"turns":4},{"damage":44,"enemies":"Book of Stabbing","floor":25,"turns":4}],"seed_played":"-6674734189215677534","potions_obtained":[{"floor":4,"key":"EssenceOfSteel"},{"floor":6,"key":"AttackPotion"},{"floor":16,"key":"LiquidBronze"}],"is_trial":false,"path_per_floor":["M","?","$","M","?","E","M","E","T","?","?","E","?","$","R","B",null,"M","?","M","$","?","R","T","E"],"character_chosen":"DEFECT","items_purchased":["OrangePellets","Prayer Wheel"],"campfire_rested":2,"item_purchase_floors":[21,21],"current_hp_per_floor":[68,53,53,53,53,53,53,52,52,40,40,17,17,17,39,15,60,57,51,21,21,21,43,43,0],"gold":98,"neow_bonus":"THREE_ENEMY_KILL","is_prod":false,"is_daily":false,"chose_seed":false,"campfire_upgraded":0,"win_rate":0,"timestamp":1553519813,"path_taken":["M","?","$","M","?","E","?","E","T","?","?","E","?","?","R","BOSS","M","?","M","$","?","R","?","E"],"build_version":"2019-01-23","purchased_purges":1,"victory":false,"max_hp_per_floor":[75,75,75,75,75,75,75,75,75,75,75,75,75,75,75,75,75,75,75,75,75,75,75,75,75],"card_choices":[{"not_picked":["Turbo","Fusion","Barrage"],"picked":"SKIP","floor":1},{"not_picked":["Stack","Barrage"],"picked":"Ball Lightning","floor":4},{"not_picked":["Chill","Barrage"],"picked":"Glacier","floor":6},{"not_picked":["Steam","Compile Driver"],"picked":"Cold Snap","floor":7},{"not_picked":["Sweeping Beam","Loop"],"picked":"Streamline","floor":8},{"not_picked":["Sunder","Streamline"],"picked":"BootSequence","floor":12},{"not_picked":["Rebound","Doom and Gloom"],"picked":"Turbo","floor":15},{"not_picked":["Amplify","Fission"],"picked":"Seek","floor":16},{"not_picked":["Redo","Ball Lightning"],"picked":"Gash","floor":18},{"not_picked":["Leap","Rebound"],"picked":"Gash+1","floor":20}],"player_experience":756413,"relics_obtained":[{"floor":6,"key":"Sundial"},{"floor":8,"key":"Dream Catcher"},{"floor":9,"key":"MawBank"},{"floor":12,"key":"Vajra"},{"floor":24,"key":"Bronze Scales"}],"event_choices":[{"damage_healed":0,"gold_gain":0,"player_choice":"Entered Light","damage_taken":15,"max_hp_gain":0,"max_hp_loss":0,"event_name":"Shining Light","floor":2,"gold_loss":0,"cards_upgraded":["Defend_B","Defend_B"]},{"cards_removed":["Defend_B"],"damage_healed":0,"gold_gain":0,"player_choice":"Offered Basic","damage_taken":0,"max_hp_gain":0,"max_hp_loss":0,"event_name":"Bonfire Elementals","floor":5,"gold_loss":0},{"damage_healed":0,"gold_gain":0,"player_choice":"Success","damage_taken":12,"relics_obtained":["Girya"],"max_hp_gain":0,"max_hp_loss":0,"event_name":"Scrap Ooze","floor":10,"gold_loss":0},{"damage_healed":0,"gold_gain":67,"player_choice":"Gained Gold","damage_taken":0,"max_hp_gain":0,"max_hp_loss":0,"event_name":"Golden Wing","floor":11,"gold_loss":0},{"damage_healed":0,"gold_gain":0,"player_choice":"Ignored","damage_taken":0,"max_hp_gain":0,"max_hp_loss":0,"event_name":"Golden Idol","floor":13,"gold_loss":0},{"damage_healed":0,"gold_gain":0,"player_choice":"Joined the Cult","damage_taken":6,"max_hp_gain":0,"max_hp_loss":0,"event_name":"Nest","floor":19,"gold_loss":0,"cards_obtained":["RitualDagger"]},{"cards_removed":["Strike_B"],"damage_healed":0,"gold_gain":0,"player_choice":"Elegance","damage_taken":0,"max_hp_gain":0,"max_hp_loss":0,"event_name":"Back to Basics","floor":22,"gold_loss":0}],"is_beta":false,"boss_relics":[{"not_picked":["Busted Crown","Calling Bell"],"picked":"Philosopher\u0027s Stone"}],"items_purged_floors":[3],"is_endless":false,"potions_floor_spawned":[4,6,16],"killed_by":"Book of Stabbing","ascension_level":7}