{"path_per_floor":["M","$","M","?","?","R","E","M","T","E","R","M","?","M","R"],"character_chosen":"THE_SILENT","items_purchased":["Slice","Prepared"],"gold_per_floor":[111,37,55,5,5,5,60,80,80,108,108,120,120,130,130],"floor_reached":16,"campfire_rested":1,"playtime":541,"current_hp_per_floor":[62,62,62,62,44,44,38,38,38,38,38,36,36,31,49],"items_purged":[],"gold":130,"score":169,"play_id":"c7806990-2a9d-4543-86bd-70ec6fc48b6b","is_prod":false,"is_daily":false,"is_ascension_mode":true,"campfire_upgraded":2,"path_taken":["M","$","?","?","?","R","E","M","T","E","R","M","?","M","R","BOSS"],"build_version":"2018-02-22-PROD1","purchased_purges":0,"victory":false,"master_deck":["Defend_G","Defend_G+1","Defend_G+1","Defend_G","Defend_G","Strike_G","Strike_G","Strike_G","Strike_G","Survivor","Neutralize","Finisher","Slice","Prepared","Sucker Punch+1","Prepared","Caltrops+1","Terror","Backflip","Cloak And Dagger","Slice"],"max_hp_per_floor":[63,63,63,63,63,63,63,63,63,63,63,63,63,63,63],"relics":["Ring of the Snake","Dead Branch","War Paint","Tiny Chest","Oddly Smooth Stone","Happy Flower"],"card_choices":[{"not_picked":["Malaise","Outmaneuver"],"picked":"Finisher"},{"not_picked":["Terror","Dagger Throw"],"picked":"Sucker Punch"},{"not_picked":["Dagger Throw","Infinite Blades"],"picked":"Prepared"},{"not_picked":["Sucker Punch","PiercingWail"],"picked":"Caltrops"},{"not_picked":["Dash","Prepared"],"picked":"Terror"},{"not_picked":["Prepared","Dodge and Roll"],"picked":"Backflip"},{"not_picked":["Sucker Punch","PiercingWail"],"picked":"Slice"}],"player_experience":195850,"potions_floor_usage":[10,16,16],"damage_taken":[{"damage":1,"enemies":"Cultist","floor":1,"turns":5},{"damage":0,"enemies":"Small Slimes","floor":3,"turns":3},{"damage":6,"enemies":"3 Sentries","floor":7,"turns":9},{"damage":0,"enemies":"2 Louse","floor":8,"turns":4},{"damage":0,"enemies":"Lagavulin","floor":10,"turns":10},{"damage":2,"enemies":"Looter","floor":12,"turns":3},{"damage":5,"enemies":"3 Louse","floor":14,"turns":3},{"damage":53,"enemies":"Hexaghost","floor":16,"turns":9}],"event_choices":[{"event_name":"The Cleric","player_choice":"Card Removal","floor":4,"damage_taken":0},{"event_name":"Scrap Ooze","player_choice":"success","floor":5,"damage_taken":18},{"event_name":"Match and Keep!","player_choice":"1 cards matched","floor":13,"damage_taken":0}],"boss_relics":[],"potions_floor_spawned":[1,7,8,12],"seed_played":"-299206066479784529","killed_by":"Hexaghost","ascension_level":5,"is_trial":false}