{"gold_per_floor":[219,238,1,35,89,89,137,137,137,196,216,216,245,245,245,245],"floor_reached":16,"playtime":319,"items_purged":[],"score":187,"play_id":"e8839043-00cc-47ec-953d-1d164f68531d","local_time":"20181021082335","is_ascension_mode":true,"campfire_choices":[{"floor":6,"key":"REST"},{"data":"HandOfGreed","floor":8,"key":"SMITH"},{"floor":12,"key":"REST"},{"data":"Demon Form","floor":15,"key":"SMITH"}],"neow_cost":"NONE","seed_source_timestamp":916201754525034,"circlet_count":0,"master_deck":["Strike_R","Strike_R","Strike_R","Strike_R","Strike_R","Defend_R","Defend_R","Defend_R","Defend_R","Bash","AscendersBane","Pommel Strike","Thunderclap","Hemokinesis","HandOfGreed+1","Wild Strike","Headbutt","Feed","Headbutt","Demon Form+1"],"relics":["Burning Blood","Lantern","Centennial Puzzle","Mummified Hand"],"potions_floor_usage":[16],"damage_taken":[{"damage":1,"enemies":"Cultist","floor":1,"turns":3},{"damage":1,"enemies":"Small Slimes","floor":2,"turns":4},{"damage":4,"enemies":"Jaw Worm","floor":4,"turns":3},{"damage":34,"enemies":"Gremlin Gang","floor":5,"turns":4},{"damage":43,"enemies":"Lagavulin","floor":7,"turns":5},{"damage":3,"enemies":"2 Fungi Beasts","floor":11,"turns":2},{"damage":8,"enemies":"Gremlin Nob","floor":13,"turns":3},{"damage":62,"enemies":"Hexaghost","floor":16,"turns":7}],"seed_played":"724703940233149179","potions_obtained":[{"floor":7,"key":"SkillPotion"},{"floor":13,"key":"Fire Potion"},{"floor":14,"key":"AttackPotion"}],"is_trial":false,"path_per_floor":["M","M","$","M","M","R","E","R","T","?","M","R","E","?","R"],"character_chosen":"IRONCLAD","items_purchased":["Hemokinesis","HandOfGreed"],"campfire_rested":2,"item_purchase_floors":[3,3],"current_hp_per_floor":[73,75,75,75,47,69,32,32,32,32,38,61,59,59,59,0],"gold":245,"neow_bonus":"HUNDRED_GOLD","is_prod":false,"is_daily":false,"chose_seed":false,"campfire_upgraded":2,"win_rate":0,"timestamp":1540135415,"path_taken":["M","M","$","M","M","R","E","R","T","?","?","R","E","?","R","BOSS"],"build_version":"2018-10-18","purchased_purges":0,"victory":false,"max_hp_per_floor":[75,75,75,75,75,75,75,75,75,75,78,78,78,78,78,78],"card_choices":[{"not_picked":["Thunderclap","Anger"],"picked":"Pommel Strike","floor":1},{"not_picked":["Power Through","Rage"],"picked":"Thunderclap","floor":2},{"not_picked":["Shrug It Off","Iron Wave"],"picked":"Wild Strike","floor":4},{"not_picked":["Clothesline","Body Slam"],"picked":"Headbutt","floor":5},{"not_picked":["Bloodletting","Anger"],"picked":"Feed","floor":7},{"not_picked":["Blood for Blood","Heavy Blade"],"picked":"Headbutt","floor":11},{"not_picked":["Headbutt","Infernal Blade"],"picked":"Demon Form","floor":13}],"player_experience":596700,"relics_obtained":[{"floor":7,"key":"Lantern"},{"floor":9,"key":"Centennial Puzzle"},{"floor":13,"key":"Mummified Hand"}],"event_choices":[{"damage_healed":0,"gold_gain":59,"player_choice":"Gained Gold","damage_taken":0,"max_hp_gain":0,"max_hp_loss":0,"event_name":"Golden Wing","floor":10,"gold_loss":0},{"damage_healed":0,"gold_gain":0,"player_choice":"Got Potions","damage_taken":0,"max_hp_gain":0,"max_hp_loss":0,"event_name":"The Lab","floor":14,"gold_loss":0}],"is_beta":false,"boss_relics":[],"items_purged_floors":[],"is_endless":false,"potions_floor_spawned":[7,13],"killed_by":"Hexaghost","ascension_level":14}