{"gold_per_floor":[114,129,144,319,319,319,319,319,319,334,349,379,299,314,314,414,414,429,31,31,31,46,46,61,76,76,91,106,121,151,166,166,166],"floor_reached":33,"playtime":1640,"items_purged":[],"score":347,"play_id":"61313252-242b-47b4-9eb0-c7909f9d780d","local_time":"20190225025132","daily_mods":["Shiny","Uncertain Future","Night Terrors"],"is_ascension_mode":false,"campfire_choices":[{"data":"Fission","floor":6,"key":"SMITH"},{"data":"Rainbow","floor":8,"key":"SMITH"},{"data":"Reboot","floor":15,"key":"SMITH"},{"data":"Storm","floor":23,"key":"SMITH"},{"data":"Self Repair","floor":32,"key":"SMITH"}],"neow_cost":"","seed_source_timestamp":0,"circlet_count":0,"master_deck":["Multi-Cast","Hyperbeam","Thunder Strike","Biased Cognition","Machine Learning","Electrodynamics","Buffer","Rainbow+1","Seek","Meteor Strike","Echo Form","All For One","Reboot+1","Amplify+1","Creative AI","Fission+1","Core Surge","Tempest+1","Turbo","White Noise","Compile Driver","Coolheaded","Loop","Force Field","Electrodynamics","Steam","Storm+1","Coolheaded","Turbo","Double Energy","Machine Learning","Decay","Self Repair+1","Steam+1","Steam Power","Heatsinks+1","Thunder Strike+1","Sweeping Beam+1"],"special_seed":17952,"relics":["Cracked Core","Sundial","Spirit Poop","Symbiotic Virus","Art of War","Orrery","Dodecahedron","Molten Egg 2","War Paint"],"potions_floor_usage":[12,12,29,30,33],"damage_taken":[{"damage":0,"enemies":"2 Louse","floor":1,"turns":1},{"damage":11,"enemies":"Jaw Worm","floor":2,"turns":2},{"damage":0,"enemies":"Cultist","floor":3,"turns":4},{"damage":8,"enemies":"2 Fungi Beasts","floor":10,"turns":3},{"damage":11,"enemies":"Lots of Slimes","floor":11,"turns":2},{"damage":16,"enemies":"Gremlin Nob","floor":12,"turns":3},{"damage":0,"enemies":"Blue Slaver","floor":14,"turns":1},{"damage":0,"enemies":"Hexaghost","floor":16,"turns":6},{"damage":0,"enemies":"Chosen","floor":18,"turns":2},{"damage":0,"enemies":"3 Byrds","floor":22,"turns":3},{"damage":0,"enemies":"3 Cultists","floor":24,"turns":1},{"damage":5,"enemies":"Cultist and Chosen","floor":25,"turns":3},{"damage":0,"enemies":"Snecko","floor":27,"turns":3},{"damage":13,"enemies":"Centurion and Healer","floor":28,"turns":2},{"damage":13,"enemies":"Chosen and Byrds","floor":29,"turns":3},{"damage":14,"enemies":"Gremlin Leader","floor":30,"turns":3},{"damage":40,"enemies":"Snake Plant","floor":31,"turns":3},{"damage":18,"enemies":"Champ","floor":33,"turns":3}],"seed_played":"-6516255005524469742","potions_obtained":[{"floor":3,"key":"Swift Potion"},{"floor":11,"key":"FearPotion"},{"floor":12,"key":"SteroidPotion"},{"floor":25,"key":"Regen Potion"},{"floor":27,"key":"Dexterity Potion"},{"floor":28,"key":"Swift Potion"},{"floor":31,"key":"LiquidBronze"}],"is_trial":false,"path_per_floor":["M","M","M","?","?","R","?","R","T","M","M","E","$","M","R","B",null,"M","$","$","?","M","R","M","M","T","M","M","M","E","M","R","B"],"character_chosen":"DEFECT","items_purchased":["Loop","Dodecahedron","Machine Learning"],"campfire_rested":0,"item_purchase_floors":[13,19,19],"current_hp_per_floor":[75,64,64,64,46,46,46,46,46,38,27,11,11,11,11,11,75,75,75,75,75,75,75,75,75,75,75,69,56,58,18,18,0],"gold":166,"neow_bonus":"","is_prod":false,"is_daily":true,"chose_seed":false,"campfire_upgraded":5,"win_rate":0,"timestamp":1551091892,"path_taken":["M","M","M","?","?","R","?","R","T","M","M","E","$","M","R","BOSS","M","?","$","?","M","R","?","M","T","M","M","M","E","M","R","BOSS"],"build_version":"2019-01-23","purchased_purges":0,"victory":false,"max_hp_per_floor":[75,75,75,75,75,75,75,75,75,75,75,75,75,75,75,75,75,75,75,75,75,75,75,75,75,75,75,75,75,75,75,75,75],"card_choices":[{"not_picked":["Leap","Stack"],"picked":"Tempest","floor":1},{"not_picked":["Streamline","Force Field"],"picked":"Turbo","floor":2},{"not_picked":["Redo","Go for the Eyes","Rebound"],"picked":"SKIP","floor":3},{"not_picked":["Conserve Battery","Rebound"],"picked":"White Noise","floor":10},{"not_picked":["Sweeping Beam","Capacitor"],"picked":"Compile Driver","floor":11},{"not_picked":["Barrage","Core Surge"],"picked":"Coolheaded","floor":12},{"not_picked":["Melter","Capacitor"],"picked":"Force Field","floor":14},{"not_picked":["Biased Cognition","Multi-Cast"],"picked":"Electrodynamics","floor":16},{"not_picked":["Rebound","Melter"],"picked":"Steam","floor":17},{"not_picked":["Blizzard","Conserve Battery"],"picked":"Storm","floor":17},{"not_picked":["Hyperbeam","Redo"],"picked":"Coolheaded","floor":17},{"not_picked":["Ball Lightning","Steam"],"picked":"Turbo","floor":17},{"not_picked":["Barrage","Turbo"],"picked":"Double Energy","floor":17},{"not_picked":["Beam Cell","Gash","Leap"],"picked":"SKIP","floor":18},{"not_picked":["Cold Snap","Leap","Gash+1"],"picked":"SKIP","floor":22},{"not_picked":["Leap","Undo"],"picked":"Self Repair","floor":24},{"not_picked":["Sweeping Beam+1","Hologram"],"picked":"Steam+1","floor":25},{"not_picked":["Beam Cell+1","Coolheaded"],"picked":"Steam Power","floor":27},{"not_picked":["Turbo+1","Coolheaded+1"],"picked":"Heatsinks+1","floor":28},{"not_picked":["Force Field","Lockon+1"],"picked":"Thunder Strike+1","floor":29},{"not_picked":["White Noise","Ball Lightning+1","Go for the Eyes+1"],"picked":"SKIP","floor":30},{"not_picked":["Gash+1","Steam"],"picked":"Sweeping Beam+1","floor":31}],"player_experience":70540,"relics_obtained":[{"floor":9,"key":"Symbiotic Virus"},{"floor":12,"key":"Art of War"},{"floor":26,"key":"Molten Egg 2"},{"floor":30,"key":"War Paint"}],"event_choices":[{"damage_healed":0,"gold_gain":175,"player_choice":"AGREE","damage_taken":0,"max_hp_gain":0,"max_hp_loss":0,"event_name":"Liars Game","floor":4,"gold_loss":0,"cards_obtained":["Doubt"]},{"damage_healed":0,"gold_gain":0,"player_choice":"Success","damage_taken":18,"relics_obtained":["Sundial"],"max_hp_gain":0,"max_hp_loss":0,"event_name":"Scrap Ooze","floor":5,"gold_loss":0},{"cards_removed":["Doubt"],"damage_healed":0,"gold_gain":0,"player_choice":"Offered Curse","damage_taken":0,"relics_obtained":["Spirit Poop"],"max_hp_gain":0,"max_hp_loss":0,"event_name":"Bonfire Elementals","floor":7,"gold_loss":0},{"damage_healed":0,"gold_gain":0,"player_choice":"Cursed","damage_taken":0,"max_hp_gain":0,"max_hp_loss":0,"event_name":"Wheel of Change","floor":21,"gold_loss":0,"cards_obtained":["Decay"]}],"is_beta":false,"boss_relics":[{"not_picked":["Velvet Choker","Runic Pyramid"],"picked":"Orrery"}],"items_purged_floors":[],"is_endless":false,"potions_floor_spawned":[3,11,12,25,27,28,31],"killed_by":"Champ","ascension_level":0}