{"gold_per_floor":[118,193,193,208,173,198,198,198],"floor_reached":8,"playtime":151,"items_purged":[],"score":95,"play_id":"0cf507a4-20fe-4303-aca7-eb18f6449980","local_time":"20181023210559","is_ascension_mode":true,"campfire_choices":[{"data":"Cleave","floor":7,"key":"SMITH"}],"neow_cost":"CURSE","seed_source_timestamp":1134912913228038,"circlet_count":0,"master_deck":["Strike_R","Strike_R","Strike_R","Strike_R","Strike_R","Defend_R","Defend_R","Defend_R","Defend_R","Bash","AscendersBane","Regret","Carnage","Cleave+1","Thunderclap"],"relics":["Burning Blood","Mango","Orichalcum","Happy Flower"],"potions_floor_usage":[],"damage_taken":[{"damage":18,"enemies":"Small Slimes","floor":1,"turns":5},{"damage":7,"enemies":"Jaw Worm","floor":4,"turns":3},{"damage":68,"enemies":"Lagavulin","floor":6,"turns":9},{"damage":14,"enemies":"3 Sentries","floor":8,"turns":2}],"seed_played":"4804265444126312840","potions_obtained":[{"floor":6,"key":"FearPotion"}],"is_trial":false,"path_per_floor":["M","?","?","M","?","E","R"],"character_chosen":"IRONCLAD","items_purchased":[],"campfire_rested":0,"item_purchase_floors":[],"current_hp_per_floor":[70,59,54,53,75,13,13,0],"gold":198,"neow_bonus":"ONE_RARE_RELIC","is_prod":false,"is_daily":false,"chose_seed":false,"campfire_upgraded":1,"win_rate":0,"timestamp":1540353959,"path_taken":["M","?","?","?","?","E","R","?"],"build_version":"2018-10-18","purchased_purges":0,"victory":false,"max_hp_per_floor":[89,89,89,89,89,89,89,89],"card_choices":[{"not_picked":["Pummel","Burning Pact"],"picked":"Carnage","floor":1},{"not_picked":["Heavy Blade","Metallicize"],"picked":"Cleave","floor":4},{"not_picked":["Heavy Blade","Entrench"],"picked":"Thunderclap","floor":6}],"player_experience":634229,"relics_obtained":[{"floor":6,"key":"Happy Flower"}],"event_choices":[{"damage_healed":0,"gold_gain":75,"player_choice":"Gather Gold","damage_taken":11,"max_hp_gain":0,"max_hp_loss":0,"event_name":"World of Goop","floor":2,"gold_loss":0},{"damage_healed":0,"gold_gain":0,"player_choice":"Success","damage_taken":5,"relics_obtained":["Orichalcum"],"max_hp_gain":0,"max_hp_loss":0,"event_name":"Scrap Ooze","floor":3,"gold_loss":0},{"damage_healed":22,"gold_gain":0,"player_choice":"Healed","damage_taken":0,"max_hp_gain":0,"max_hp_loss":0,"event_name":"The Cleric","floor":5,"gold_loss":35},{"damage_healed":0,"gold_gain":30,"player_choice":"Searched \u00272\u0027 times","damage_taken":0,"max_hp_gain":0,"max_hp_loss":0,"event_name":"Dead Adventurer","floor":8,"gold_loss":0}],"is_beta":false,"boss_relics":[],"items_purged_floors":[],"is_endless":false,"potions_floor_spawned":[6],"killed_by":"3 Sentries","ascension_level":15}