{"gold_per_floor":[149,161,187,200,44,44,73,83,137,160,189,201,213,257,269,382,394,418,443,467,479,401,446,478,504,539,571,206,206,206,223,223,322,322,334,136,136,151,161,161,192,26,26,40,40,67,83,183,183,183,183,183,41,69,69],"floor_reached":56,"playtime":6195,"items_purged":["Feel No Pain","Strike_R","Defend_R"],"score":1288,"play_id":"ac774884-cbc7-4a21-813a-bc3de06f266b","local_time":"20190113234531","is_ascension_mode":true,"campfire_choices":[{"data":"Demon Form","floor":6,"key":"SMITH"},{"floor":15,"key":"REST"},{"floor":32,"key":"REST"},{"floor":40,"key":"RECALL"},{"data":"Metallicize","floor":49,"key":"SMITH"},{"data":"Limit Break","floor":52,"key":"SMITH"}],"neow_cost":"NONE","seed_source_timestamp":622541095868235,"circlet_count":0,"master_deck":["Strike_R","Strike_R","Strike_R","Strike_R","Defend_R","Defend_R","Bash","Pommel Strike","Demon Form+1","Clothesline+1","Heavy Blade","Shrug It Off","Heavy Blade+1","Immolate+1","Blood for Blood+1","Shrug It Off","Whirlwind+1","Whirlwind+1","Immolate+1","Limit Break+1","Clothesline+1","Heavy Blade+1","Reaper+1","Metallicize+1","Evolve+1"],"relics":["Burning Blood","Tiny Chest","Orichalcum","Bag of Preparation","MawBank","Kunai","Molten Egg 2","Snecko Eye","Nilry\u0027s Codex","Art of War","Omamori","Gambling Chip","Pear","The Courier","Cursed Key","Pen Nib","WarpedTongs","Vajra","Brimstone","Toxic Egg 2","Mango","Ornamental Fan"],"potions_floor_usage":[24,54,55,55,55],"damage_taken":[{"damage":6,"enemies":"Cultist","floor":1,"turns":3},{"damage":1,"enemies":"Jaw Worm","floor":2,"turns":3},{"damage":5,"enemies":"2 Louse","floor":4,"turns":3},{"damage":24,"enemies":"3 Sentries","floor":7,"turns":7},{"damage":0,"enemies":"2 Fungi Beasts","floor":8,"turns":3},{"damage":0,"enemies":"Large Slime","floor":10,"turns":4},{"damage":29,"enemies":"Exordium Thugs","floor":11,"turns":5},{"damage":17,"enemies":"Lagavulin","floor":14,"turns":5},{"damage":48,"enemies":"The Guardian","floor":16,"turns":6},{"damage":0,"enemies":"Spheric Guardian","floor":18,"turns":3},{"damage":4,"enemies":"Chosen","floor":19,"turns":3},{"damage":28,"enemies":"Snake Plant","floor":20,"turns":3},{"damage":18,"enemies":"Gremlin Leader","floor":23,"turns":4},{"damage":12,"enemies":"Shelled Parasite and Fungi","floor":24,"turns":2},{"damage":0,"enemies":"Centurion and Healer","floor":25,"turns":3},{"damage":9,"enemies":"Snake Plant","floor":27,"turns":3},{"damage":0,"enemies":"3 Cultists","floor":31,"turns":2},{"damage":12,"enemies":"Collector","floor":33,"turns":5},{"damage":27,"enemies":"3 Shapes","floor":35,"turns":2},{"damage":5,"enemies":"Orb Walker","floor":38,"turns":2},{"damage":0,"enemies":"Sphere and 2 Shapes","floor":39,"turns":1},{"damage":6,"enemies":"Nemesis","floor":41,"turns":3},{"damage":7,"enemies":"4 Shapes","floor":44,"turns":1},{"damage":23,"enemies":"Reptomancer","floor":46,"turns":3},{"damage":4,"enemies":"Spire Growth","floor":47,"turns":2},{"damage":3,"enemies":"Mind Bloom Boss Battle","floor":48,"turns":2},{"damage":51,"enemies":"Donu and Deca","floor":50,"turns":4},{"damage":14,"enemies":"Shield and Spear","floor":54,"turns":3},{"damage":95,"enemies":"The Heart","floor":55,"turns":5}],"seed_played":"7809491773187189067","potions_obtained":[{"floor":4,"key":"Fire Potion"},{"floor":7,"key":"Dexterity Potion"},{"floor":8,"key":"Ancient Potion"},{"floor":24,"key":"Swift Potion"},{"floor":25,"key":"BloodPotion"},{"floor":54,"key":"SkillPotion"}],"is_trial":false,"path_per_floor":["M","M","T","M","$","R","E","M","T","M","M","T","?","E","R","B",null,"M","M","M","?","?","E","M","M","T","M","$","?","T","M","R","B",null,"M","$","?","M","M","R","E","$","T","M","?","E","M","?","R","B",null,"R","$","E","B",null],"character_chosen":"IRONCLAD","items_purchased":["Orichalcum","Gambling Chip","Pen Nib","Brimstone","Strength Potion"],"campfire_rested":2,"item_purchase_floors":[5,28,36,42,53],"current_hp_per_floor":[80,80,80,80,80,80,62,68,68,74,51,51,56,45,70,28,85,85,85,63,47,47,35,29,35,35,32,32,42,42,48,76,70,95,74,74,74,75,81,81,81,81,81,80,80,87,89,104,104,73,104,104,104,96,35],"gold":69,"neow_bonus":"RANDOM_COMMON_RELIC","is_prod":false,"is_daily":false,"chose_seed":false,"campfire_upgraded":3,"win_rate":0,"timestamp":1547441131,"path_taken":["M","M","?","M","$","R","E","M","T","M","M","?","?","E","R","BOSS","M","M","M","?","?","E","M","M","T","?","$","?","?","M","R","BOSS","M","$","?","M","?","R","E","$","T","M","?","E","M","?","R","BOSS","R","$","E","BOSS"],"build_version":"2019-01-10","purchased_purges":3,"victory":true,"max_hp_per_floor":[80,80,80,80,80,80,80,80,80,80,80,80,85,85,85,85,85,85,85,85,85,85,85,85,85,85,85,85,95,95,95,95,95,95,95,95,95,95,95,95,95,95,95,95,90,90,90,104,104,104,104,104,104,104,104],"card_choices":[{"not_picked":["Armaments","Reckless Charge"],"picked":"Pommel Strike","floor":1},{"not_picked":["Pommel Strike","Armaments"],"picked":"Feel No Pain","floor":2},{"not_picked":["Twin Strike","Battle Trance"],"picked":"Demon Form","floor":4},{"not_picked":["Anger","Heavy Blade"],"picked":"Clothesline","floor":7},{"not_picked":["Intimidate","Sword Boomerang"],"picked":"Heavy Blade","floor":8},{"not_picked":["Clash","Body Slam","Twin Strike"],"picked":"SKIP","floor":10},{"not_picked":["Perfected Strike","Uppercut"],"picked":"Shrug It Off","floor":11},{"not_picked":["Twin Strike","True Grit"],"picked":"Heavy Blade","floor":14},{"not_picked":["Double Tap","Reaper+1"],"picked":"Immolate+1","floor":16},{"not_picked":["Shrug It Off","Clash+1"],"picked":"Blood for Blood+1","floor":18},{"not_picked":["Perfected Strike+1","Sword Boomerang+1","Rage"],"picked":"SKIP","floor":19},{"not_picked":["Pommel Strike+1","Wild Strike+1","Headbutt+1"],"picked":"SKIP","floor":20},{"not_picked":["Entrench","Warcry"],"picked":"Shrug It Off","floor":23},{"not_picked":["Warcry+1","Shockwave"],"picked":"Whirlwind+1","floor":24},{"not_picked":["Headbutt+1","Reckless Charge+1"],"picked":"Whirlwind+1","floor":25},{"not_picked":["Battle Trance","Rampage+1"],"picked":"Immolate+1","floor":27},{"not_picked":["Twin Strike+1","Shrug It Off","Power Through"],"picked":"SKIP","floor":31},{"not_picked":["Reaper+1","Offering"],"picked":"Limit Break","floor":33},{"not_picked":["Twin Strike+1","Combust+1","Uppercut+1"],"picked":"SKIP","floor":35},{"not_picked":["Ghostly Armor+1","Corruption+1"],"picked":"Clothesline+1","floor":38},{"not_picked":["Armaments+1","Rampage+1"],"picked":"Heavy Blade+1","floor":39},{"not_picked":["Anger+1","Warcry+1"],"picked":"Reaper+1","floor":41},{"not_picked":["True Grit","Cleave+1","Sword Boomerang+1"],"picked":"SKIP","floor":44},{"not_picked":["Berserk","Clothesline+1"],"picked":"Metallicize","floor":46},{"not_picked":["Body Slam+1","Armaments+1","Cleave+1"],"picked":"SKIP","floor":47},{"not_picked":["Headbutt+1","Bloodletting+1"],"picked":"Evolve+1","floor":48},{"not_picked":["Thunderclap+1","Pommel Strike+1","True Grit+1"],"picked":"SKIP","floor":54}],"player_experience":88604,"relics_obtained":[{"floor":7,"key":"Bag of Preparation"},{"floor":9,"key":"MawBank"},{"floor":12,"key":"Kunai"},{"floor":14,"key":"Molten Egg 2"},{"floor":21,"key":"Nilry\u0027s Codex"},{"floor":23,"key":"Art of War"},{"floor":26,"key":"Omamori"},{"floor":30,"key":"The Courier"},{"floor":41,"key":"Vajra"},{"floor":46,"key":"Toxic Egg 2"},{"floor":48,"key":"Mango"},{"floor":54,"key":"Ornamental Fan"}],"event_choices":[{"damage_healed":0,"gold_gain":0,"player_choice":"Donut","damage_taken":0,"max_hp_gain":5,"max_hp_loss":0,"event_name":"Big Fish","floor":13,"gold_loss":0},{"damage_healed":0,"gold_gain":0,"player_choice":"Obtained Book","damage_taken":16,"max_hp_gain":0,"max_hp_loss":0,"event_name":"Cursed Tome","floor":21,"gold_loss":0},{"cards_removed":["Defend_R"],"damage_healed":0,"gold_gain":0,"player_choice":"Upgrade and Remove","damage_taken":0,"max_hp_gain":0,"max_hp_loss":0,"event_name":"Designer","floor":22,"gold_loss":90,"cards_upgraded":["Clothesline"]},{"damage_healed":0,"gold_gain":0,"player_choice":"Opened","damage_taken":0,"relics_obtained":["Pear"],"max_hp_gain":0,"max_hp_loss":0,"event_name":"The Mausoleum","floor":29,"gold_loss":0,"cards_obtained":["Writhe"]},{"damage_healed":0,"gold_gain":0,"player_choice":"Rummage","damage_taken":0,"relics_obtained":["WarpedTongs"],"max_hp_gain":0,"max_hp_loss":0,"event_name":"Accursed Blacksmith","floor":37,"gold_loss":0,"cards_obtained":["Pain"]},{"damage_healed":0,"gold_gain":0,"player_choice":"Max HP","damage_taken":0,"max_hp_gain":0,"max_hp_loss":5,"event_name":"Winding Halls","floor":45,"gold_loss":0},{"damage_healed":0,"gold_gain":0,"player_choice":"Fight","damage_taken":0,"max_hp_gain":0,"max_hp_loss":0,"event_name":"MindBloom","floor":48,"gold_loss":0}],"is_beta":false,"boss_relics":[{"not_picked":["Busted Crown","Orrery"],"picked":"Snecko Eye"},{"not_picked":["Sozu","Tiny House"],"picked":"Cursed Key"}],"items_purged_floors":[28,36,53],"is_endless":false,"potions_floor_spawned":[4,7,8,10,11,20,24,25,31,35,44,46,48,54],"ascension_level":1}