{"gold_per_floor":[119,84,101,113,113,113,145,165,165,200,43,43,43,60,60,60],"floor_reached":16,"playtime":711,"items_purged":["Strike_R"],"score":171,"play_id":"89831abc-10ea-4629-809e-a473e1c47d42","local_time":"20190309015244","is_ascension_mode":true,"campfire_choices":[{"data":"Thunderclap","floor":6,"key":"SMITH"},{"floor":15,"key":"REST"}],"neow_cost":"PERCENT_DAMAGE","seed_source_timestamp":388664162738905,"circlet_count":0,"master_deck":["AscendersBane","Strike_R","Strike_R","Strike_R","Strike_R","Defend_R","Defend_R","Defend_R","Defend_R","Bash","Limit Break","Headbutt","Feel No Pain","Thunderclap+1","Rage","Metallicize+1","Fire Breathing+1","Inflame+1","Intimidate"],"relics":["Burning Blood","Frozen Egg 2","Paper Frog","Letter Opener","Happy Flower"],"potions_floor_usage":[10,14],"damage_taken":[{"damage":0,"enemies":"2 Louse","floor":1,"turns":2},{"damage":13,"enemies":"Jaw Worm","floor":3,"turns":4},{"damage":10,"enemies":"Small Slimes","floor":4,"turns":5},{"damage":28,"enemies":"3 Sentries","floor":7,"turns":10},{"damage":8,"enemies":"Red Slaver","floor":8,"turns":3},{"damage":21,"enemies":"Lagavulin","floor":10,"turns":7},{"damage":18,"enemies":"3 Louse","floor":14,"turns":3},{"damage":39,"enemies":"The Guardian","floor":16,"turns":9}],"seed_played":"3618016013126700846","potions_obtained":[{"floor":3,"key":"FearPotion"},{"floor":4,"key":"Strength Potion"}],"is_trial":false,"path_per_floor":["M","?","M","M","?","R","E","M","T","E","$","?","$","M","R","B"],"character_chosen":"IRONCLAD","items_purchased":["Inflame+1"],"campfire_rested":1,"item_purchase_floors":[11],"current_hp_per_floor":[57,77,70,66,71,71,49,47,47,32,32,25,25,13,38,0],"gold":60,"neow_bonus":"THREE_RARE_CARDS","is_prod":false,"is_daily":false,"chose_seed":false,"campfire_upgraded":1,"win_rate":0,"timestamp":1552114364,"path_taken":["M","?","M","M","?","R","E","M","T","E","$","?","?","M","R","BOSS"],"build_version":"2019-01-23","purchased_purges":1,"victory":false,"max_hp_per_floor":[80,80,80,80,85,85,85,85,85,85,85,85,85,85,85,85],"card_choices":[{"not_picked":["Fiend Fire","Impervious"],"picked":"Limit Break","floor":0},{"not_picked":["Blood for Blood","Searing Blow"],"picked":"Headbutt","floor":1},{"not_picked":["Warcry","Wild Strike"],"picked":"Feel No Pain","floor":3},{"not_picked":["Warcry","Clash"],"picked":"Thunderclap","floor":4},{"not_picked":["Intimidate","Headbutt"],"picked":"Rage","floor":7},{"not_picked":["Anger","Iron Wave"],"picked":"Metallicize+1","floor":8},{"not_picked":["Flex","Clothesline"],"picked":"Fire Breathing+1","floor":10},{"not_picked":["True Grit","Seeing Red"],"picked":"Intimidate","floor":14}],"player_experience":254312,"relics_obtained":[{"floor":7,"key":"Frozen Egg 2"},{"floor":9,"key":"Paper Frog"},{"floor":10,"key":"Letter Opener"}],"event_choices":[{"damage_healed":20,"gold_gain":0,"player_choice":"Healed","damage_taken":0,"max_hp_gain":0,"max_hp_loss":0,"event_name":"The Cleric","floor":2,"gold_loss":35},{"damage_healed":0,"gold_gain":0,"player_choice":"Donut","damage_taken":0,"max_hp_gain":5,"max_hp_loss":0,"event_name":"Big Fish","floor":5,"gold_loss":0},{"damage_healed":0,"gold_gain":0,"player_choice":"Success","damage_taken":7,"relics_obtained":["Happy Flower"],"max_hp_gain":0,"max_hp_loss":0,"event_name":"Scrap Ooze","floor":12,"gold_loss":0}],"is_beta":false,"boss_relics":[],"items_purged_floors":[11],"is_endless":false,"potions_floor_spawned":[3,4,7],"killed_by":"The Guardian","ascension_level":11}