{"gold_per_floor":[118,129,79,51,51,51,80,80,80,97,22,22,35,49,49,49],"floor_reached":16,"playtime":2299,"items_purged":[],"score":216,"play_id":"09b090e1-dea4-4769-86be-38791d174efc","local_time":"20181021004734","is_ascension_mode":true,"campfire_choices":[{"data":"Perfected Strike","floor":6.0,"key":"SMITH"},{"data":"Pommel Strike","floor":8.0,"key":"SMITH"},{"data":"Clash","floor":12,"key":"SMITH"},{"data":"Infernal Blade","floor":15,"key":"SMITH"}],"neow_cost":"NONE","seed_source_timestamp":0,"circlet_count":0,"master_deck":["Strike_R","Strike_R","Strike_R","Strike_R","Strike_R+1","Defend_R","Defend_R","Defend_R","Defend_R","Bash","AscendersBane","Perfected Strike+1","Perfected Strike+1","Pommel Strike+1","Twin Strike","Clash+1","Swift Strike","Infernal Blade+1","Inflame"],"special_seed":0,"relics":["Burning Blood","NeowsBlessing","Kunai","The Courier"],"potions_floor_usage":[16],"damage_taken":[{"damage":0.0,"enemies":"Small Slimes","floor":1.0,"turns":1.0},{"damage":0.0,"enemies":"2 Louse","floor":2.0,"turns":1.0},{"damage":0.0,"enemies":"Gremlin Nob","floor":7.0,"turns":1.0},{"damage":0.0,"enemies":"Jaw Worm","floor":10.0,"turns":1.0},{"damage":13.0,"enemies":"Large Slime","floor":11.0,"turns":2.0},{"damage":30,"enemies":"3 Sentries","floor":13,"turns":6},{"damage":0,"enemies":"Large Slime","floor":14,"turns":3},{"damage":47,"enemies":"The Guardian","floor":16,"turns":5}],"seed_played":"177723838192245731","potions_obtained":[{"floor":2.0,"key":"Poison Potion"},{"floor":10.0,"key":"Swift Potion"},{"floor":14,"key":"FearPotion"}],"is_trial":false,"path_per_floor":["M","M","$","?","?","R","E","R","T","M","$","R","E","M","R"],"character_chosen":"IRONCLAD","items_purchased":["Pommel Strike","Swift Strike"],"campfire_rested":0,"item_purchase_floors":[3,11],"current_hp_per_floor":[74,75,75,75,60,60,66,66,66,72,65,65,41,47,47,0],"gold":49,"neow_bonus":"THREE_ENEMY_KILL","is_prod":false,"is_daily":false,"chose_seed":false,"campfire_upgraded":4,"win_rate":0,"timestamp":1540108054,"path_taken":["M","M","$","?","?","R","E","R","T","M","?","R","E","M","R","BOSS"],"build_version":"2018-10-18","purchased_purges":0,"victory":false,"max_hp_per_floor":[75,75,75,75,75,75,75,75,75,75,75,75,75,75,75,75],"card_choices":[{"not_picked":["Armaments","Headbutt"],"picked":"Perfected Strike","floor":1.0},{"not_picked":["Body Slam","Disarm"],"picked":"Perfected Strike","floor":2.0},{"not_picked":["Havoc","Berserk"],"picked":"Twin Strike","floor":7.0},{"not_picked":["Ghostly Armor","Armaments"],"picked":"Clash","floor":10.0},{"not_picked":["Ghostly Armor","Twin Strike"],"picked":"Infernal Blade","floor":13},{"not_picked":["Fire Breathing","Warcry"],"picked":"Inflame","floor":14}],"player_experience":585608,"relics_obtained":[{"floor":7.0,"key":"Kunai"},{"floor":9.0,"key":"The Courier"}],"event_choices":[{"damage_healed":0.0,"max_hp_gain":0.0,"max_hp_loss":0.0,"gold_gain":0.0,"event_name":"World of Goop","player_choice":"Left Gold","floor":4.0,"gold_loss":28.0,"damage_taken":0.0},{"damage_healed":0.0,"max_hp_gain":0.0,"max_hp_loss":0.0,"gold_gain":0.0,"event_name":"Shining Light","player_choice":"Entered Light","floor":5.0,"gold_loss":0.0,"damage_taken":15.0,"cards_upgraded":["Perfected Strike","Strike_R"]}],"is_beta":false,"boss_relics":[],"items_purged_floors":[],"is_endless":false,"potions_floor_spawned":[2,10,14],"killed_by":"The Guardian","ascension_level":14}