{"gold_per_floor":[115,115,127,146,160,160,193,210,210,223,6,34,34,44,44,121,121,137,52,52,52,52,52,47,47],"floor_reached":25,"playtime":698,"items_purged":[],"score":483,"play_id":"82da8a32-435f-4282-9bb6-6452e1c7ec56","local_time":"20190113160630","is_ascension_mode":true,"campfire_choices":[{"data":"Noxious Fumes","floor":6.0,"key":"SMITH"},{"floor":15.0,"key":"REST"},{"floor":23.0,"key":"DIG"}],"neow_cost":"NONE","seed_source_timestamp":390798572444558,"circlet_count":0,"master_deck":["AscendersBane","Defend_G","Defend_G","Defend_G","Defend_G","Defend_G","Strike_G","Strike_G","Strike_G","Strike_G","Survivor","Neutralize","Noxious Fumes+1","Crippling Poison","Deflect","Noxious Fumes","Unload","Backflip","Dagger Throw","Poisoned Stab","Deadly Poison","Parasite","Reflex","Unload","Decay","Doubt","Regret","Terror","Decay","Escape Plan"],"special_seed":0,"relics":["Ring of the Snake","NeowsBlessing","Blue Candle","Paper Crane","Bag of Marbles","Snake Skull","Calling Bell","Regal Pillow","Pear","Pocketwatch","Shovel","Pen Nib"],"potions_floor_usage":[24,25],"damage_taken":[{"damage":0.0,"enemies":"Jaw Worm","floor":1.0,"turns":1.0},{"damage":0.0,"enemies":"Cultist","floor":3.0,"turns":1.0},{"damage":0.0,"enemies":"Small Slimes","floor":4.0,"turns":1.0},{"damage":2.0,"enemies":"Blue Slaver","floor":5.0,"turns":6.0},{"damage":16.0,"enemies":"3 Sentries","floor":7.0,"turns":6.0},{"damage":7.0,"enemies":"Looter","floor":8.0,"turns":4.0},{"damage":0.0,"enemies":"Exordium Wildlife","floor":10.0,"turns":4.0},{"damage":20.0,"enemies":"Gremlin Nob","floor":12.0,"turns":4.0},{"damage":8.0,"enemies":"Blue Slaver","floor":14.0,"turns":3.0},{"damage":34.0,"enemies":"Slime Boss","floor":16.0,"turns":10.0},{"damage":40.0,"enemies":"Shell Parasite","floor":18.0,"turns":5.0},{"damage":20,"enemies":"2 Thieves","floor":24,"turns":5},{"damage":0,"enemies":"Gremlin Leader","floor":25,"turns":6}],"seed_played":"5792452027957220065","potions_obtained":[{"floor":1.0,"key":"Fire Potion"},{"floor":3.0,"key":"PowerPotion"},{"floor":7.0,"key":"Energy Potion"},{"floor":10.0,"key":"EntropicBrew"},{"floor":16.0,"key":"SneckoOil"},{"floor":18.0,"key":"GhostInAJar"}],"is_trial":false,"path_per_floor":["M","?","M","M","M","R","E","M","T","M","$","E","?","M","R","B",null,"M","?","?","$","?","R","M","E"],"character_chosen":"THE_SILENT","items_purchased":["Bag of Marbles","Poisoned Stab"],"campfire_rested":1,"item_purchase_floors":[11,11],"current_hp_per_floor":[59,59,59,59,57,57,41,34,34,34,34,14,30,22,41,7,61,21,21,21,21,21,21,1,1],"gold":47,"neow_bonus":"THREE_ENEMY_KILL","is_prod":false,"is_daily":false,"chose_seed":false,"campfire_upgraded":1,"win_rate":0,"timestamp":1547424390,"path_taken":["M","?","?","M","M","R","E","M","T","M","$","E","?","M","R","BOSS","M","?","?","$","?","R","M","E"],"build_version":"2019-01-10","purchased_purges":0,"victory":false,"max_hp_per_floor":[66,66,66,66,66,66,66,66,66,66,66,66,66,66,66,66,76,76,76,76,76,76,76,76,76],"card_choices":[{"not_picked":["Bane","Slice"],"picked":"Noxious Fumes","floor":1.0},{"not_picked":["Dagger Throw","Acrobatics"],"picked":"Crippling Poison","floor":3.0},{"not_picked":["Sucker Punch","Slice"],"picked":"Deflect","floor":4.0},{"not_picked":["Dagger Spray","Cloak And Dagger"],"picked":"Noxious Fumes","floor":5.0},{"not_picked":["Backflip","Deflect"],"picked":"Unload","floor":7.0},{"not_picked":["Riddle With Holes","Dodge and Roll"],"picked":"Backflip","floor":8.0},{"not_picked":["Finisher","Sucker Punch"],"picked":"Dagger Throw","floor":10.0},{"not_picked":["Choke","Dodge and Roll"],"picked":"Deadly Poison","floor":12.0},{"not_picked":["Blade Dance","Escape Plan"],"picked":"Reflex","floor":14.0},{"not_picked":["Bullet Time","Tools of the Trade"],"picked":"Unload","floor":16.0},{"not_picked":["Dodge and Roll","Underhanded Strike"],"picked":"Terror","floor":18.0},{"not_picked":["Deflect","Prepared"],"picked":"Escape Plan","floor":24}],"player_experience":1067288,"relics_obtained":[{"floor":7.0,"key":"Blue Candle"},{"floor":9.0,"key":"Paper Crane"},{"floor":12.0,"key":"Snake Skull"},{"floor":17.0,"key":"Regal Pillow"},{"floor":17.0,"key":"Pear"},{"floor":17.0,"key":"Pocketwatch"},{"floor":23.0,"key":"Pen Nib"}],"event_choices":[{"cards_removed":["Strike_G"],"damage_healed":0.0,"max_hp_gain":0.0,"max_hp_loss":0.0,"gold_gain":0.0,"event_name":"Purifier","player_choice":"Purged","floor":2.0,"gold_loss":0.0,"damage_taken":0.0},{"damage_healed":16.0,"max_hp_gain":0.0,"max_hp_loss":0.0,"gold_gain":0.0,"event_name":"Mushrooms","player_choice":"Healed and dodged fight","floor":13.0,"gold_loss":0.0,"damage_taken":0.0,"cards_obtained":["Parasite"]},{"damage_healed":0.0,"max_hp_gain":0.0,"max_hp_loss":0.0,"gold_gain":0.0,"event_name":"Addict","player_choice":"Obtained Relic","floor":19.0,"gold_loss":85.0,"damage_taken":0.0,"relics_obtained":["Shovel"]},{"damage_healed":0.0,"max_hp_gain":0.0,"max_hp_loss":0.0,"gold_gain":0.0,"event_name":"Forgotten Altar","player_choice":"Smashed Altar","floor":20.0,"gold_loss":0.0,"damage_taken":0.0,"cards_obtained":["Decay"]},{"damage_healed":0.0,"max_hp_gain":0.0,"max_hp_loss":0.0,"gold_gain":0.0,"event_name":"The Mausoleum","player_choice":"Ignored","floor":22.0,"gold_loss":0.0,"damage_taken":0.0}],"is_beta":false,"boss_relics":[{"not_picked":["White Beast Statue","Lizard Tail"],"picked":"Calling Bell"}],"items_purged_floors":[],"is_endless":false,"potions_floor_spawned":[1,3,7,10,16,18],"killed_by":"Gremlin Leader","ascension_level":16}