{"gold_per_floor":[114,129,144,319,319,319,319,319,319,334,349,379,304,319,319,419,419,434,9,9,9,24,24,39,54,54,69,84,99,129,144,144,244,244,259,274,289,304,304,334,220,235,235,260,272,284,311,338,350,362],"floor_reached":51,"playtime":2227,"items_purged":["Hyperbeam","Doubt"],"score":807,"play_id":"2ea171bf-8942-46bc-8f50-d3edd2764903","local_time":"20190225032900","daily_mods":["Shiny","Uncertain Future","Night Terrors"],"is_ascension_mode":false,"campfire_choices":[{"data":"Fission","floor":6,"key":"SMITH"},{"data":"Rainbow","floor":8,"key":"SMITH"},{"data":"Capacitor","floor":15,"key":"SMITH"},{"data":"Storm","floor":23,"key":"SMITH"},{"data":"Seek","floor":32,"key":"SMITH"},{"data":"Buffer","floor":46,"key":"SMITH"},{"data":"Buffer","floor":49,"key":"SMITH"}],"neow_cost":"","seed_source_timestamp":0,"circlet_count":0,"master_deck":["Multi-Cast","Thunder Strike","Biased Cognition","Machine Learning","Electrodynamics","Buffer+1","Rainbow+1","Seek+1","Meteor Strike","Echo Form","Reboot+1","Amplify+1","Creative AI","Fission+1","Core Surge","Turbo","White Noise","Compile Driver","Coolheaded","Capacitor+1","Electrodynamics","Steam","Storm+1","Coolheaded","Turbo","Double Energy","Decay","Self Repair","Steam+1","Steam Power","Heatsinks+1","Force Field","White Noise","Buffer+1","Capacitor","Hello World+1","Conserve Battery+1","Capacitor","Compile Driver+1","Turbo","Barrage+1"],"special_seed":17952,"relics":["Cracked Core","Sundial","Symbiotic Virus","Art of War","Orrery","Dodecahedron","Molten Egg 2","War Paint","Nuclear Battery","Ancient Tea Set","Potion Belt","MawBank"],"potions_floor_usage":[12,22,30,30,33,47,47],"damage_taken":[{"damage":0,"enemies":"2 Louse","floor":1,"turns":1},{"damage":0,"enemies":"Jaw Worm","floor":2,"turns":3},{"damage":25,"enemies":"Cultist","floor":3,"turns":5},{"damage":0,"enemies":"2 Fungi Beasts","floor":10,"turns":2},{"damage":0,"enemies":"Lots of Slimes","floor":11,"turns":1},{"damage":0,"enemies":"Gremlin Nob","floor":12,"turns":3},{"damage":0,"enemies":"Blue Slaver","floor":14,"turns":2},{"damage":43,"enemies":"Hexaghost","floor":16,"turns":4},{"damage":10,"enemies":"Chosen","floor":18,"turns":3},{"damage":0,"enemies":"3 Byrds","floor":22,"turns":2},{"damage":0,"enemies":"3 Cultists","floor":24,"turns":2},{"damage":10,"enemies":"Cultist and Chosen","floor":25,"turns":3},{"damage":0,"enemies":"Snecko","floor":27,"turns":3},{"damage":14,"enemies":"Centurion and Healer","floor":28,"turns":2},{"damage":12,"enemies":"Chosen and Byrds","floor":29,"turns":2},{"damage":16,"enemies":"Gremlin Leader","floor":30,"turns":2},{"damage":28,"enemies":"Snake Plant","floor":31,"turns":3},{"damage":6,"enemies":"Champ","floor":33,"turns":4},{"damage":0,"enemies":"3 Shapes","floor":35,"turns":2},{"damage":0,"enemies":"3 Darklings","floor":36,"turns":3},{"damage":0,"enemies":"4 Shapes","floor":37,"turns":2},{"damage":16,"enemies":"Sphere and 2 Shapes","floor":38,"turns":2},{"damage":0,"enemies":"Giant Head","floor":40,"turns":4},{"damage":0,"enemies":"Maw","floor":42,"turns":2},{"damage":0,"enemies":"Transient","floor":47,"turns":5},{"damage":0,"enemies":"3 Darklings","floor":48,"turns":3},{"damage":13,"enemies":"Time Eater","floor":50,"turns":4}],"seed_played":"-6516255005524469742","potions_obtained":[{"floor":3,"key":"Swift Potion"},{"floor":11,"key":"FearPotion"},{"floor":12,"key":"SteroidPotion"},{"floor":25,"key":"Regen Potion"},{"floor":28,"key":"Swift Potion"},{"floor":31,"key":"LiquidBronze"},{"floor":33,"key":"Poison Potion"},{"floor":35,"key":"Ancient Potion"},{"floor":37,"key":"GamblersBrew"},{"floor":48,"key":"Regen Potion"}],"is_trial":false,"path_per_floor":["M","M","M","?","?","R","?","R","T","M","M","E","$","M","R","B",null,"M","$","$","?","M","R","M","M","T","M","M","M","E","M","R","B",null,"M","M","M","M","?","E","$","M","T","T","?","R","M","M","R","B",null],"character_chosen":"DEFECT","items_purchased":["Dodecahedron","Regen Potion","Capacitor","Compile Driver+1"],"campfire_rested":0,"item_purchase_floors":[19,19,41,41],"current_hp_per_floor":[75,75,50,50,32,32,85,85,85,85,85,85,85,85,85,42,85,75,75,75,75,80,80,80,77,77,84,77,65,61,33,33,34,85,85,85,85,83,83,85,85,85,85,85,81,81,81,81,81,75],"gold":374,"neow_bonus":"","is_prod":false,"is_daily":true,"chose_seed":false,"campfire_upgraded":7,"win_rate":0,"timestamp":1551094140,"path_taken":["M","M","M","?","?","R","?","R","T","M","M","E","$","M","R","BOSS","M","?","$","?","M","R","?","M","T","M","M","M","E","M","R","BOSS","M","M","M","M","?","E","$","M","T","?","?","R","M","M","R","BOSS"],"build_version":"2019-01-23","purchased_purges":2,"victory":true,"max_hp_per_floor":[75,75,75,75,75,75,85,85,85,85,85,85,85,85,85,85,85,85,85,85,85,85,85,85,85,85,85,85,85,85,85,85,85,85,85,85,85,85,85,85,85,85,85,85,81,81,81,81,81,81],"card_choices":[{"not_picked":["Leap","Stack","Tempest"],"picked":"SKIP","floor":1},{"not_picked":["Streamline","Force Field"],"picked":"Turbo","floor":2},{"not_picked":["Redo","Go for the Eyes","Rebound"],"picked":"SKIP","floor":3},{"not_picked":["Conserve Battery","Rebound"],"picked":"White Noise","floor":10},{"not_picked":["Sweeping Beam","Capacitor"],"picked":"Compile Driver","floor":11},{"not_picked":["Barrage","Core Surge"],"picked":"Coolheaded","floor":12},{"not_picked":["Force Field","Melter"],"picked":"Capacitor","floor":14},{"not_picked":["Biased Cognition","Multi-Cast"],"picked":"Electrodynamics","floor":16},{"not_picked":["Rebound","Melter"],"picked":"Steam","floor":17},{"not_picked":["Blizzard","Conserve Battery"],"picked":"Storm","floor":17},{"not_picked":["Hyperbeam","Redo"],"picked":"Coolheaded","floor":17},{"not_picked":["Ball Lightning","Steam"],"picked":"Turbo","floor":17},{"not_picked":["Barrage","Turbo"],"picked":"Double Energy","floor":17},{"not_picked":["Beam Cell","Gash","Leap"],"picked":"SKIP","floor":18},{"not_picked":["Cold Snap","Leap","Gash+1"],"picked":"SKIP","floor":22},{"not_picked":["Leap","Undo"],"picked":"Self Repair","floor":24},{"not_picked":["Sweeping Beam+1","Hologram"],"picked":"Steam+1","floor":25},{"not_picked":["Beam Cell+1","Coolheaded"],"picked":"Steam Power","floor":27},{"not_picked":["Turbo+1","Coolheaded+1"],"picked":"Heatsinks+1","floor":28},{"not_picked":["Thunder Strike+1","Lockon+1"],"picked":"Force Field","floor":29},{"not_picked":["Ball Lightning+1","Go for the Eyes+1"],"picked":"White Noise","floor":30},{"not_picked":["Sweeping Beam+1","Gash+1","Steam"],"picked":"SKIP","floor":31},{"not_picked":["Thunder Strike+1","Echo Form"],"picked":"Buffer","floor":33},{"not_picked":["Coolheaded","Stack+1","Aggregate+1"],"picked":"SKIP","floor":35},{"not_picked":["Conserve Battery+1","Chill"],"picked":"Capacitor","floor":36},{"not_picked":["Rebound+1","Streamline+1"],"picked":"Hello World+1","floor":37},{"not_picked":["Redo","Beam Cell+1","Sweeping Beam+1"],"picked":"SKIP","floor":38},{"not_picked":["Leap","Streamline+1"],"picked":"Conserve Battery+1","floor":40},{"not_picked":["Gash+1","Ball Lightning+1"],"picked":"Turbo","floor":42},{"not_picked":["Cold Snap+1","Doom and Gloom+1"],"picked":"Barrage+1","floor":47},{"not_picked":["Streamline+1","Undo+1","Go for the Eyes+1"],"picked":"SKIP","floor":48}],"player_experience":72180,"relics_obtained":[{"floor":9,"key":"Symbiotic Virus"},{"floor":12,"key":"Art of War"},{"floor":26,"key":"Molten Egg 2"},{"floor":30,"key":"War Paint"},{"floor":40,"key":"Ancient Tea Set"},{"floor":43,"key":"Potion Belt"},{"floor":44,"key":"MawBank"}],"event_choices":[{"damage_healed":0,"gold_gain":175,"player_choice":"AGREE","damage_taken":0,"max_hp_gain":0,"max_hp_loss":0,"event_name":"Liars Game","floor":4,"gold_loss":0,"cards_obtained":["Doubt"]},{"damage_healed":0,"gold_gain":0,"player_choice":"Success","damage_taken":18,"relics_obtained":["Sundial"],"max_hp_gain":0,"max_hp_loss":0,"event_name":"Scrap Ooze","floor":5,"gold_loss":0},{"cards_removed":["All For One"],"damage_healed":43,"gold_gain":0,"player_choice":"Offered Rare","damage_taken":0,"max_hp_gain":10,"max_hp_loss":0,"event_name":"Bonfire Elementals","floor":7,"gold_loss":0},{"damage_healed":0,"gold_gain":0,"player_choice":"Cursed","damage_taken":0,"max_hp_gain":0,"max_hp_loss":0,"event_name":"Wheel of Change","floor":21,"gold_loss":0,"cards_obtained":["Decay"]},{"damage_healed":0,"gold_gain":0,"player_choice":"Memory 1","damage_taken":0,"max_hp_gain":0,"max_hp_loss":0,"event_name":"SensoryStone","floor":39,"gold_loss":0},{"damage_healed":0,"gold_gain":0,"player_choice":"Max HP","damage_taken":0,"max_hp_gain":0,"max_hp_loss":4,"event_name":"Winding Halls","floor":45,"gold_loss":0}],"is_beta":false,"boss_relics":[{"not_picked":["Velvet Choker","Runic Pyramid"],"picked":"Orrery"},{"not_picked":["FrozenCore","Lizard Tail"],"picked":"Nuclear Battery"}],"items_purged_floors":[13,19],"is_endless":false,"potions_floor_spawned":[3,11,12,25,27,28,31,33,35,37,40,48],"ascension_level":0}