{"gold_per_floor":[117,130,148,38,56,89,89,121,121,452,25,25,25,54,54,130,130,148,148,148,108,108,136,146,146,227,243,243,270,270,270,270,270],"floor_reached":33,"playtime":1609,"items_purged":["Defend_G","Strike_G"],"score":566,"play_id":"19c36157-6709-4a33-85cf-24630152b902","local_time":"20181130153358","is_ascension_mode":true,"campfire_choices":[{"floor":7,"key":"REST"},{"floor":12,"key":"REST"},{"data":"Noxious Fumes","floor":15,"key":"SMITH"},{"floor":25,"key":"REST"},{"data":"Doppelganger","floor":30,"key":"SMITH"},{"floor":32,"key":"REST"}],"neow_cost":"NONE","seed_source_timestamp":85783261046717,"circlet_count":0,"master_deck":["AscendersBane","Defend_G","Defend_G","Defend_G","Defend_G","Survivor","Neutralize+1","Deadly Poison","Skewer","Noxious Fumes+1","Poisoned Stab","Crippling Poison","Bullet Time","PiercingWail","Crippling Poison","The Bomb","Caltrops","Parasite","Well Laid Plans","Doppelganger+1","Caltrops","Bite","Bite","Bite","Bite","Bite","Well Laid Plans","Dash+1","Backflip","Underhanded Strike+1","Decay"],"relics":["Snecko Eye","Whetstone","Happy Flower","Sundial","Old Coin","White Beast Statue","Dodecahedron","Pear","Darkstone Periapt","PreservedInsect"],"potions_floor_usage":[5,8,16,23,23,24,29,29,33],"damage_taken":[{"damage":6,"enemies":"Jaw Worm","floor":1,"turns":5},{"damage":0,"enemies":"Small Slimes","floor":2,"turns":3},{"damage":10,"enemies":"Cultist","floor":3,"turns":5},{"damage":24,"enemies":"Exordium Wildlife","floor":5,"turns":6},{"damage":11,"enemies":"3 Sentries","floor":6,"turns":7},{"damage":12,"enemies":"Lagavulin","floor":8,"turns":5},{"damage":14,"enemies":"3 Sentries","floor":10,"turns":7},{"damage":10,"enemies":"Lagavulin","floor":14,"turns":5},{"damage":21,"enemies":"The Guardian","floor":16,"turns":7},{"damage":13,"enemies":"2 Thieves","floor":18,"turns":4},{"damage":26,"enemies":"Slavers","floor":23,"turns":5},{"damage":15,"enemies":"Shell Parasite","floor":24,"turns":7},{"damage":14,"enemies":"Cultist and Chosen","floor":27,"turns":5},{"damage":12,"enemies":"Gremlin Leader","floor":29,"turns":6},{"damage":83,"enemies":"Champ","floor":33,"turns":10}],"seed_played":"-2266590699020469493","potions_obtained":[{"floor":1,"key":"SkillPotion"},{"floor":3,"key":"FearPotion"},{"floor":8,"key":"GhostInAJar"},{"floor":14,"key":"Weak Potion"},{"floor":18,"key":"Block Potion"},{"floor":23,"key":"Fire Potion"},{"floor":24,"key":"GhostInAJar"},{"floor":27,"key":"PowerPotion"},{"floor":29,"key":"FearPotion"}],"is_trial":false,"path_per_floor":["M","M","M","$","M","E","R","E","T","E","$","R","?","E","R","B",null,"M","?","?","$","?","E","M","R","T","M","T","E","R","?","R","B"],"character_chosen":"THE_SILENT","items_purchased":["Noxious Fumes","Crippling Poison","The Bomb","Caltrops","Well Laid Plans"],"campfire_rested":4,"item_purchase_floors":[4,11,11,11,21],"current_hp_per_floor":[53,53,43,43,19,8,27,15,15,1,1,20,36,26,26,7,51,40,40,40,40,34,20,13,32,42,38,38,36,36,42,66,0],"gold":270,"neow_bonus":"BOSS_RELIC","is_prod":false,"is_daily":false,"chose_seed":false,"campfire_upgraded":2,"win_rate":0,"timestamp":1543620838,"path_taken":["M","M","M","$","M","E","R","E","T","E","$","R","?","E","R","BOSS","M","?","?","$","?","E","M","R","T","?","?","E","R","?","R","BOSS"],"build_version":"2018-11-15","purchased_purges":2,"victory":false,"max_hp_per_floor":[66,66,66,66,66,66,66,66,66,66,66,66,66,66,66,66,66,66,66,66,66,66,66,66,66,76,76,76,76,76,82,82,82],"card_choices":[{"not_picked":["Tactician","Slice"],"picked":"Deadly Poison","floor":1},{"not_picked":["Backflip","Blade Dance"],"picked":"Skewer","floor":2},{"not_picked":["Slice","Accuracy","Deflect"],"picked":"SKIP","floor":3},{"not_picked":["Infinite Blades","Endless Agony"],"picked":"Poisoned Stab","floor":5},{"not_picked":["Cloak And Dagger","Dodge and Roll"],"picked":"Crippling Poison","floor":6},{"not_picked":["Infinite Blades","Riddle With Holes"],"picked":"Bullet Time","floor":8},{"not_picked":["Deadly Poison","Dagger Throw"],"picked":"PiercingWail","floor":10},{"not_picked":["Prepared","Night Terror"],"picked":"Well Laid Plans","floor":14},{"not_picked":["Burst","Tools of the Trade"],"picked":"Doppelganger","floor":16},{"not_picked":["Masterful Stab","Heel Hook"],"picked":"Caltrops","floor":18},{"not_picked":["Poisoned Stab","Cloak And Dagger"],"picked":"Dash+1","floor":23},{"not_picked":["Dagger Throw+1","Masterful Stab"],"picked":"Backflip","floor":24},{"not_picked":["Accuracy","Backflip"],"picked":"Underhanded Strike+1","floor":27},{"not_picked":["Expertise","Deadly Poison","Flying Knee"],"picked":"SKIP","floor":29}],"player_experience":5145,"relics_obtained":[{"floor":6,"key":"Whetstone"},{"floor":8,"key":"Happy Flower"},{"floor":9,"key":"Sundial"},{"floor":10,"key":"Old Coin"},{"floor":14,"key":"Blood Vial"},{"floor":23,"key":"Dodecahedron"},{"floor":26,"key":"Pear"},{"floor":28,"key":"Darkstone Periapt"},{"floor":29,"key":"PreservedInsect"}],"event_choices":[{"damage_healed":16,"gold_gain":0,"player_choice":"Healed and dodged fight","damage_taken":0,"max_hp_gain":0,"max_hp_loss":0,"event_name":"Mushrooms","floor":13,"gold_loss":0,"cards_obtained":["Parasite"]},{"damage_healed":0,"gold_gain":0,"player_choice":"Ignored","damage_taken":0,"max_hp_gain":0,"max_hp_loss":0,"event_name":"The Mausoleum","floor":19,"gold_loss":0},{"damage_healed":0,"gold_gain":0,"player_choice":"Became a vampire (Vial)","damage_taken":0,"max_hp_gain":0,"max_hp_loss":0,"event_name":"Vampires","floor":20,"relics_lost":["Blood Vial"],"gold_loss":0,"cards_obtained":["Bite","Bite","Bite","Bite","Bite"]},{"damage_healed":0,"gold_gain":0,"player_choice":"","damage_taken":6,"max_hp_gain":0,"max_hp_loss":0,"event_name":"Knowing Skull","floor":22,"potions_obtained":[],"gold_loss":0,"cards_obtained":[]},{"damage_healed":0,"gold_gain":0,"player_choice":"Smashed Altar","damage_taken":0,"max_hp_gain":0,"max_hp_loss":0,"event_name":"Forgotten Altar","floor":31,"gold_loss":0,"cards_obtained":["Decay"]}],"is_beta":false,"boss_relics":[{"not_picked":["WristBlade","Runic Dome"],"picked":"White Beast Statue"}],"items_purged_floors":[4,11],"is_endless":false,"potions_floor_spawned":[1,3,8,14,18,23,24,27,29],"killed_by":"Champ","ascension_level":15}