{"path_per_floor":["M","?","?","?","M","E","R","$","T","?","R","?","?","M","R"],"character_chosen":"THE_SILENT","items_purchased":["Happy Flower"],"gold_per_floor":[110,110,110,110,120,153,153,8,34,90,90,165,165,181,181],"floor_reached":16,"campfire_rested":1,"playtime":341,"current_hp_per_floor":[59,59,59,59,59,36,36,36,36,35,35,24,19,17,40],"items_purged":[],"gold":181,"score":125,"play_id":"6a93ce9a-ecda-4f1a-b8e8-3099ab3125e4","is_prod":false,"is_daily":false,"is_ascension_mode":true,"campfire_upgraded":2,"path_taken":["M","?","?","?","M","E","R","$","T","?","R","?","?","M","R","BOSS"],"build_version":"2018-02-22-PROD2","purchased_purges":0,"victory":false,"master_deck":["Defend_G","Defend_G","Defend_G","Defend_G","Strike_G","Strike_G","Strike_G","Strike_G","Survivor","Neutralize+1","Dagger Spray","Dagger Spray","Doppelganger+1","Quick Slash","Slice"],"max_hp_per_floor":[70,70,70,70,70,70,70,70,70,70,70,70,77,77,77],"relics":["Ring of the Snake","Juzu Bracelet","Happy Flower","Prayer Wheel","Lantern","Strawberry"],"card_choices":[{"not_picked":["Backflip","Flying Knee"],"picked":"Dagger Spray"},{"not_picked":["All Out Attack","Masterful Stab"],"picked":"Dagger Spray"},{"not_picked":["Blade Dance","Acrobatics"],"picked":"Doppelganger"},{"not_picked":["Bouncing Flask","Dodge and Roll"],"picked":"Quick Slash"},{"not_picked":["Outmaneuver","Cloak And Dagger"],"picked":"Slice"}],"player_experience":207816,"potions_floor_usage":[6,6,10,16],"damage_taken":[{"damage":4,"enemies":"Small Slimes","floor":1,"turns":4},{"damage":0,"enemies":"Cultist","floor":5,"turns":5},{"damage":23,"enemies":"Lagavulin","floor":6,"turns":7},{"damage":10,"enemies":"3 Sentries","floor":10,"turns":4},{"damage":2,"enemies":"Jaw Worm","floor":14,"turns":3},{"damage":57,"enemies":"Slime Boss","floor":16,"turns":7}],"event_choices":[{"event_name":"The Lab","player_choice":"Got Potions","floor":2,"damage_taken":0},{"event_name":"Purifier","player_choice":"One Purge","floor":3,"damage_taken":0},{"event_name":"Wheel of Change","player_choice":"Card Removal","floor":4,"damage_taken":0},{"event_name":"Dead Adventurer","player_choice":"Searched \u00271\u0027 times","floor":10,"damage_taken":0},{"event_name":"World of Goop","player_choice":"Gather Gold","floor":12,"damage_taken":0},{"event_name":"Scrap Ooze","player_choice":"success","floor":13,"damage_taken":12}],"boss_relics":[],"potions_floor_spawned":[1,5,14],"seed_played":"1171835379767589706","killed_by":"Slime Boss","ascension_level":6,"is_trial":false}