{"gold_per_floor":[118,135,155,230,1,32,32,66,66,95,109,109,143,158,158,261,261,277,288,304,304,13,45,45,77,77,97,97,115,150,162,162,264,264,284,284,304,204,221,221,246,246,246,12,12,22,39,71,71,71],"floor_reached":51,"playtime":7901,"items_purged":["Strike_R","Strike_R"],"score":982,"play_id":"a4d8d5ff-cc6b-453d-b325-766f845d31e6","local_time":"20190402143337","is_ascension_mode":true,"campfire_choices":[{"data":"Armaments","floor":7,"key":"SMITH"},{"data":"True Grit","floor":15,"key":"SMITH"},{"data":"Demon Form","floor":24,"key":"SMITH"},{"data":"Whirlwind","floor":28,"key":"SMITH"},{"data":"Warcry","floor":32,"key":"SMITH"},{"floor":40,"key":"REST"},{"floor":45,"key":"REST"},{"floor":49,"key":"REST"}],"neow_cost":"NONE","seed_source_timestamp":358965586055515,"circlet_count":0,"master_deck":["Strike_R","Defend_R","Defend_R+1","Defend_R","Defend_R+1","Bash","Whirlwind+1","Metallicize","Armaments+1","Clothesline","Seeing Red","Shockwave+1","Rampage","Shrug It Off","Spot Weakness","True Grit+1","Demon Form+1","Disarm","Intimidate+1","Power Through+1","Warcry+1","Headbutt","Heavy Blade+1","Ghostly Armor","Limit Break","Shrug It Off+1","Feel No Pain","Metallicize","Corruption","Warcry+1","Pummel+1"],"relics":["Burning Blood","Happy Flower","Letter Opener","Prayer Wheel","Shuriken","War Paint","Singing Bowl","Velvet Choker","FossilizedHelix","Dream Catcher","Bag of Preparation","Question Card","Bag of Marbles","Fusion Hammer","StoneCalendar","Bottled Flame","Bronze Scales","Pen Nib"],"potions_floor_usage":[6,18,19,20,25,30,33,41],"damage_taken":[{"damage":7,"enemies":"Small Slimes","floor":1,"turns":3},{"damage":13,"enemies":"Jaw Worm","floor":2,"turns":5},{"damage":8,"enemies":"Cultist","floor":3,"turns":5},{"damage":25,"enemies":"Lagavulin","floor":6,"turns":6},{"damage":17,"enemies":"3 Sentries","floor":8,"turns":11},{"damage":12,"enemies":"Gremlin Nob","floor":10,"turns":5},{"damage":9,"enemies":"Large Slime","floor":11,"turns":10},{"damage":5,"enemies":"Lagavulin","floor":13,"turns":6},{"damage":0,"enemies":"Red Slaver","floor":14,"turns":5},{"damage":7,"enemies":"Hexaghost","floor":16,"turns":8},{"damage":1,"enemies":"3 Byrds","floor":18,"turns":4},{"damage":15,"enemies":"Spheric Guardian","floor":19,"turns":5},{"damage":6,"enemies":"Centurion and Healer","floor":20,"turns":6},{"damage":10,"enemies":"Slavers","floor":23,"turns":7},{"damage":0,"enemies":"Book of Stabbing","floor":25,"turns":5},{"damage":0,"enemies":"Shelled Parasite and Fungi","floor":27,"turns":4},{"damage":8,"enemies":"Snake Plant","floor":29,"turns":5},{"damage":4,"enemies":"Slavers","floor":30,"turns":4},{"damage":0,"enemies":"Cultist and Chosen","floor":31,"turns":6},{"damage":19,"enemies":"Automaton","floor":33,"turns":12},{"damage":0,"enemies":"3 Darklings","floor":35,"turns":3},{"damage":0,"enemies":"Orb Walker","floor":37,"turns":4},{"damage":12,"enemies":"Jaw Worm Horde","floor":39,"turns":5},{"damage":0,"enemies":"Reptomancer","floor":41,"turns":5},{"damage":8,"enemies":"Writhing Mass","floor":46,"turns":7},{"damage":0,"enemies":"3 Darklings","floor":47,"turns":1},{"damage":0,"enemies":"Giant Head","floor":48,"turns":8},{"damage":9,"enemies":"Time Eater","floor":50,"turns":10}],"seed_played":"-1584676725588718409","potions_obtained":[{"floor":3,"key":"Strength Potion"},{"floor":8,"key":"SpeedPotion"},{"floor":14,"key":"GamblersBrew"},{"floor":19,"key":"EssenceOfSteel"},{"floor":23,"key":"EssenceOfSteel"},{"floor":25,"key":"Regen Potion"},{"floor":29,"key":"AttackPotion"},{"floor":30,"key":"PowerPotion"},{"floor":37,"key":"Explosive Potion"},{"floor":41,"key":"Explosive Potion"},{"floor":46,"key":"SpeedPotion"}],"is_trial":false,"path_per_floor":["M","M","M","?","$","E","R","E","T","E","M","?","E","M","R","B",null,"M","M","M","?","$","E","R","E","T","M","R","M","E","M","R","B",null,"M","?","M","$","M","R","E","?","T","$","R","M","M","E","R","B",null],"character_chosen":"IRONCLAD","items_purchased":["Happy Flower","FossilizedHelix","Bronze Scales","Corruption"],"campfire_rested":3,"item_purchase_floors":[5,22,44,44],"current_hp_per_floor":[87,80,78,67,67,48,48,37,37,31,28,28,29,35,35,34,88,90,83,85,85,85,83,83,91,91,101,101,99,101,106,106,93,106,108,108,112,112,110,116,118,118,118,118,120,122,124,126,128,125],"gold":71,"neow_bonus":"TEN_PERCENT_HP_BONUS","is_prod":false,"is_daily":false,"chose_seed":false,"campfire_upgraded":5,"win_rate":0,"timestamp":1554212017,"path_taken":["M","M","M","?","$","E","R","E","T","E","M","?","E","M","R","BOSS","M","M","M","?","$","E","R","E","T","M","R","M","E","?","R","BOSS","M","?","M","$","?","R","E","?","T","$","R","M","M","E","R","BOSS"],"build_version":"2019-01-23","purchased_purges":2,"victory":true,"max_hp_per_floor":[88,88,88,88,88,88,88,88,88,88,88,88,88,88,88,88,88,90,92,94,94,94,96,96,98,98,102,102,102,102,106,106,106,106,108,108,112,112,116,116,118,118,118,118,120,124,124,126,128,128],"card_choices":[{"not_picked":["Clothesline","True Grit"],"picked":"Whirlwind","floor":1},{"not_picked":["Power Through","Spot Weakness"],"picked":"Metallicize","floor":2},{"not_picked":["Whirlwind","Sword Boomerang"],"picked":"Armaments","floor":3},{"not_picked":["Feel No Pain","Perfected Strike","Heavy Blade"],"picked":"SKIP","floor":6},{"not_picked":["Wild Strike","Iron Wave"],"picked":"Clothesline","floor":8},{"not_picked":["Perfected Strike","Combust"],"picked":"Seeing Red","floor":10},{"not_picked":["Armaments","Clash"],"picked":"Shockwave","floor":11},{"not_picked":["Twin Strike","Clash"],"picked":"Rampage","floor":11},{"not_picked":["Havoc","Feel No Pain"],"picked":"Shrug It Off","floor":13},{"not_picked":["Seeing Red","Anger"],"picked":"Spot Weakness","floor":14},{"not_picked":["Perfected Strike","Bloodletting"],"picked":"True Grit","floor":14},{"not_picked":["Barricade","Immolate"],"picked":"Demon Form","floor":16},{"not_picked":["Pommel Strike+1","Whirlwind"],"picked":"Disarm","floor":18},{"not_picked":["Iron Wave","Clothesline","Twin Strike"],"picked":"Singing Bowl","floor":18},{"not_picked":["Clothesline+1","Thunderclap","Corruption"],"picked":"Singing Bowl","floor":19},{"not_picked":["Twin Strike","Reckless Charge"],"picked":"Intimidate+1","floor":19},{"not_picked":["Iron Wave","Combust"],"picked":"Power Through+1","floor":20},{"not_picked":["Clash","Wild Strike","Rampage"],"picked":"Singing Bowl","floor":20},{"not_picked":["Double Tap","Corruption","Pommel Strike"],"picked":"Singing Bowl","floor":23},{"not_picked":["Twin Strike+1","Second Wind+1","Cleave"],"picked":"Singing Bowl","floor":25},{"not_picked":["Pommel Strike+1","Body Slam","Fire Breathing","Sword Boomerang+1"],"picked":"Singing Bowl","floor":27},{"not_picked":["Burning Pact","Havoc+1","Shockwave","Fire Breathing"],"picked":"Singing Bowl","floor":27},{"not_picked":["Twin Strike","Evolve","Combust"],"picked":"Headbutt","floor":29},{"not_picked":["Rampage","Anger","Warcry+1"],"picked":"Heavy Blade+1","floor":29},{"not_picked":["Shockwave","Heavy Blade","Double Tap"],"picked":"Ghostly Armor","floor":30},{"not_picked":["Spot Weakness","Iron Wave","Twin Strike+1","Clothesline"],"picked":"Singing Bowl","floor":31},{"not_picked":["Sword Boomerang","Cleave","Combust","Heavy Blade"],"picked":"Singing Bowl","floor":31},{"not_picked":["Fiend Fire","Immolate","Demon Form"],"picked":"Limit Break","floor":33},{"not_picked":["Havoc+1","Evolve","Headbutt","Thunderclap+1"],"picked":"Singing Bowl","floor":35},{"not_picked":["Wild Strike","Cleave+1","Burning Pact+1"],"picked":"Shrug It Off+1","floor":35},{"not_picked":["Flex+1","Headbutt","Perfected Strike+1","Wild Strike+1"],"picked":"Singing Bowl","floor":37},{"not_picked":["Sever Soul","Clothesline","Second Wind+1","Shockwave+1"],"picked":"Singing Bowl","floor":37},{"not_picked":["Warcry","Spot Weakness+1","Clothesline+1","Thunderclap"],"picked":"Singing Bowl","floor":39},{"not_picked":["Iron Wave","Heavy Blade","Clothesline+1","Hemokinesis+1"],"picked":"Singing Bowl","floor":39},{"not_picked":["Dual Wield+1","Twin Strike","Searing Blow+1"],"picked":"Metallicize","floor":40},{"not_picked":["Perfected Strike","Warcry+1","Fiend Fire","Rupture+1"],"picked":"Singing Bowl","floor":41},{"not_picked":["Burning Pact+1","Cleave+1","Disarm+1","Pommel Strike+1"],"picked":"Singing Bowl","floor":45},{"not_picked":["Rupture+1","Body Slam","Twin Strike+1","Disarm"],"picked":"Singing Bowl","floor":46},{"not_picked":["Perfected Strike+1","Thunderclap","True Grit","Havoc+1"],"picked":"Singing Bowl","floor":46},{"not_picked":["Clothesline","Wild Strike","Thunderclap"],"picked":"Warcry+1","floor":47},{"not_picked":["Thunderclap+1","Seeing Red","Reckless Charge+1"],"picked":"Pummel+1","floor":47},{"not_picked":["Dropkick+1","Rage+1","Feed","Havoc"],"picked":"Singing Bowl","floor":48},{"not_picked":["Blood for Blood+1","Feel No Pain+1","Power Through","Whirlwind+1"],"picked":"Singing Bowl","floor":49}],"player_experience":877880,"relics_obtained":[{"floor":6,"key":"Letter Opener"},{"floor":8,"key":"Prayer Wheel"},{"floor":9,"key":"Shuriken"},{"floor":10,"key":"War Paint"},{"floor":13,"key":"Singing Bowl"},{"floor":23,"key":"Dream Catcher"},{"floor":25,"key":"Bag of Preparation"},{"floor":26,"key":"Question Card"},{"floor":30,"key":"Bag of Marbles"},{"floor":41,"key":"StoneCalendar"},{"floor":43,"key":"Bottled Flame"},{"floor":48,"key":"Pen Nib"}],"event_choices":[{"damage_healed":0,"gold_gain":75,"player_choice":"Gather Gold","damage_taken":11,"max_hp_gain":0,"max_hp_loss":0,"event_name":"World of Goop","floor":4,"gold_loss":0},{"damage_healed":0,"gold_gain":0,"player_choice":"Grow","damage_taken":0,"max_hp_gain":0,"max_hp_loss":0,"event_name":"Living Wall","floor":12,"gold_loss":0,"cards_upgraded":["Shockwave"]},{"damage_healed":0,"gold_gain":0,"cards_transformed":["Strike_R"],"player_choice":"Transformed","damage_taken":0,"max_hp_gain":0,"max_hp_loss":0,"event_name":"Transmorgrifier","floor":21,"gold_loss":0,"cards_obtained":["Warcry"]},{"damage_healed":0,"gold_gain":0,"cards_transformed":["Strike_R"],"player_choice":"Transformed","damage_taken":0,"max_hp_gain":0,"max_hp_loss":0,"event_name":"Transmorgrifier","floor":36,"gold_loss":0,"cards_obtained":["Feel No Pain"]},{"damage_healed":0,"gold_gain":0,"player_choice":"Ignored","damage_taken":0,"max_hp_gain":0,"max_hp_loss":0,"event_name":"Tomb of Lord Red Mask","floor":42,"gold_loss":0}],"is_beta":false,"boss_relics":[{"not_picked":["Busted Crown","Tiny House"],"picked":"Velvet Choker"},{"not_picked":["Runic Pyramid","Calling Bell"],"picked":"Fusion Hammer"}],"items_purged_floors":[5,38],"is_endless":false,"potions_floor_spawned":[3,8,14,19,23,25,29,30,37,41,46],"ascension_level":2}