{"gold_per_floor":[109,109,109,122,141,141,171,171,171,171,15,41,1],"floor_reached":13,"playtime":1246,"items_purged":["Strike_B"],"score":182,"play_id":"037540c4-1e1e-4079-b18c-f67b8a0a7e3e","local_time":"20190407211206","is_ascension_mode":true,"campfire_choices":[{"data":"Consume","floor":6,"key":"SMITH"},{"data":"Fission","floor":8,"key":"SMITH"},{"floor":10,"key":"REST"}],"neow_cost":"TEN_PERCENT_HP_LOSS","seed_source_timestamp":177324378351503,"circlet_count":0,"master_deck":["AscendersBane","Strike_B","Defend_B","Defend_B+1","Defend_B","Defend_B+1","Zap","Dualcast","Compile Driver","Go for the Eyes","Consume+1","Fission+1","Self Repair"],"relics":["Cracked Core","Girya","Ginger","Singing Bowl"],"potions_floor_usage":[],"damage_taken":[{"damage":4,"enemies":"Jaw Worm","floor":1,"turns":4},{"damage":0,"enemies":"2 Louse","floor":4,"turns":2},{"damage":6,"enemies":"Small Slimes","floor":5,"turns":3},{"damage":35,"enemies":"Gremlin Nob","floor":7,"turns":4},{"damage":17,"enemies":"Lagavulin","floor":12,"turns":7},{"damage":18,"enemies":"Exordium Thugs","floor":13,"turns":2}],"seed_played":"-715720386665763631","potions_obtained":[{"floor":5,"key":"Explosive Potion"}],"is_trial":false,"path_per_floor":["M","?","?","M","M","R","E","R","T","R","$","E","M"],"character_chosen":"DEFECT","items_purchased":["Self Repair"],"campfire_rested":1,"item_purchase_floors":[11],"current_hp_per_floor":[60,41,46,46,40,40,5,5,5,25,25,17,0],"gold":1,"neow_bonus":"REMOVE_TWO","is_prod":false,"is_daily":false,"chose_seed":false,"campfire_upgraded":2,"win_rate":0,"timestamp":1554693126,"path_taken":["M","?","?","M","?","R","E","R","T","R","$","E","M"],"build_version":"2019-04-04","purchased_purges":1,"victory":false,"max_hp_per_floor":[64,64,69,69,69,69,69,69,69,69,69,71,71],"card_choices":[{"not_picked":["Turbo","Stack"],"picked":"Compile Driver","floor":1},{"not_picked":["Aggregate","Stack"],"picked":"Go for the Eyes","floor":4},{"not_picked":["Stack","Steam Power"],"picked":"Consume","floor":5},{"not_picked":["Beam Cell","Compile Driver"],"picked":"Fission","floor":7},{"not_picked":["Compile Driver","Gash","Doom and Gloom"],"picked":"Singing Bowl","floor":12}],"player_experience":2787200,"relics_obtained":[{"floor":7,"key":"Girya"},{"floor":9,"key":"Ginger"},{"floor":12,"key":"Singing Bowl"}],"event_choices":[{"damage_healed":0,"gold_gain":0,"player_choice":"Entered Light","damage_taken":19,"max_hp_gain":0,"max_hp_loss":0,"event_name":"Shining Light","floor":2,"gold_loss":0,"cards_upgraded":["Defend_B","Defend_B"]},{"damage_healed":0,"gold_gain":0,"player_choice":"Donut","damage_taken":0,"max_hp_gain":5,"max_hp_loss":0,"event_name":"Big Fish","floor":3,"gold_loss":0}],"is_beta":true,"boss_relics":[],"items_purged_floors":[11],"is_endless":false,"potions_floor_spawned":[5],"killed_by":"Exordium Thugs","ascension_level":20}