{"gold_per_floor":[110,110,127,146,157,157,157,157,157,157,55,55,72,107,107,203,253,272,24,24,35,35,61,61],"floor_reached":24,"playtime":479,"items_purged":[],"score":278,"play_id":"63f4aa97-8790-4695-bc0c-81c07b2f0f10","local_time":"20181017000858","is_ascension_mode":true,"campfire_choices":[{"data":"Doom and Gloom","floor":6,"key":"SMITH"},{"floor":8,"key":"REST"},{"data":"Darkness","floor":10,"key":"SMITH"},{"data":"Doom and Gloom","floor":12,"key":"SMITH"},{"data":"Hologram","floor":15,"key":"SMITH"}],"neow_cost":"NONE","seed_source_timestamp":540761856863583,"circlet_count":0,"master_deck":["Strike_B","Strike_B","Strike_B","Strike_B","Defend_B","Defend_B","Defend_B+1","Defend_B+1","Zap","Dualcast","Conserve Battery","Doom and Gloom+1","Hologram+1","Defragment","Darkness+1","Self Repair","Doom and Gloom+1","Creative AI","Leap","Electrodynamics+1","Redo","Ball Lightning","Biased Cognition"],"relics":["Cracked Core","Dream Catcher","Singing Bowl","Mercury Hourglass","Potion Belt","Shuriken","Nloth\u0027s Gift","Pen Nib"],"potions_floor_usage":[14,18,23,23,23,24],"damage_taken":[{"damage":0,"enemies":"2 Louse","floor":1,"turns":2},{"damage":1,"enemies":"Cultist","floor":3,"turns":4},{"damage":5,"enemies":"Jaw Worm","floor":4,"turns":3},{"damage":0,"enemies":"Lots of Slimes","floor":5,"turns":1},{"damage":0,"enemies":"Gremlin Gang","floor":13,"turns":1},{"damage":13,"enemies":"3 Sentries","floor":14,"turns":3},{"damage":52,"enemies":"Hexaghost","floor":16,"turns":7},{"damage":11,"enemies":"3 Byrds","floor":18,"turns":1},{"damage":4,"enemies":"Chosen","floor":21,"turns":4},{"damage":50,"enemies":"Book of Stabbing","floor":23,"turns":5},{"damage":18,"enemies":"Centurion and Healer","floor":24,"turns":4}],"seed_played":"-6575807264721038718","potions_obtained":[{"floor":1,"key":"FocusPotion"},{"floor":4,"key":"LiquidBronze"},{"floor":13,"key":"Fire Potion"},{"floor":16,"key":"Strength Potion"},{"floor":17,"key":"SpeedPotion"},{"floor":18,"key":"AttackPotion"},{"floor":20,"key":"SkillPotion"},{"floor":20,"key":"Explosive Potion"},{"floor":21,"key":"EssenceOfSteel"}],"is_trial":false,"path_per_floor":["M","?","M","M","M","R","?","R","T","R","$","R","M","E","R","B",null,"M","$","?","M","?","E"],"character_chosen":"DEFECT","items_purchased":["Self Repair","Doom and Gloom","Shuriken"],"campfire_rested":1,"item_purchase_floors":[11,11,19],"current_hp_per_floor":[68,68,67,62,62,62,47,69,69,69,69,69,69,63,63,11,66,55,55,55,58,58,15,0],"gold":61,"neow_bonus":"RANDOM_COMMON_RELIC","is_prod":false,"is_daily":false,"chose_seed":false,"campfire_upgraded":4,"win_rate":0,"timestamp":1539760138,"path_taken":["M","?","?","M","?","R","?","R","T","R","?","R","M","E","R","BOSS","M","$","?","M","?","E","M"],"build_version":"2018-10-11","purchased_purges":0,"victory":false,"max_hp_per_floor":[75,75,75,75,75,75,75,75,75,75,75,75,75,75,75,75,82,82,82,82,82,82,82,82],"card_choices":[{"not_picked":["Hologram","FTL"],"picked":"Conserve Battery","floor":1},{"not_picked":["Lockon","Conserve Battery"],"picked":"Doom and Gloom","floor":3},{"not_picked":["Steam Power","Stack"],"picked":"Hologram","floor":4},{"not_picked":["Force Field","Capacitor"],"picked":"Defragment","floor":5},{"not_picked":["Turbo","Reinforced Body"],"picked":"Darkness","floor":8},{"not_picked":["Self Repair","Undo"],"picked":"Creative AI","floor":13},{"not_picked":["Compile Driver","Stack"],"picked":"Leap","floor":14},{"not_picked":["Rainbow","Seek"],"picked":"Electrodynamics","floor":16},{"not_picked":["Genetic Algorithm","Steam","Steam Power"],"picked":"Singing Bowl","floor":17},{"not_picked":["Stack+1","Consume"],"picked":"Redo","floor":18},{"not_picked":["FTL","Turbo"],"picked":"Ball Lightning","floor":21},{"not_picked":["Barrage+1","Gash+1"],"picked":"Biased Cognition","floor":23}],"player_experience":534343,"relics_obtained":[{"floor":9,"key":"Mercury Hourglass"},{"floor":14,"key":"Potion Belt"},{"floor":23,"key":"Pen Nib"}],"event_choices":[{"event_name":"WeMeetAgain","player_choice":"Potion","floor":2,"damage_taken":0},{"event_name":"Shining Light","player_choice":"Entered Light","floor":7,"damage_taken":0},{"event_name":"The Lab","player_choice":"Got Potions","floor":20,"damage_taken":0},{"event_name":"N\u0027loth","player_choice":"Traded a Tiny House","floor":22,"damage_taken":0}],"is_beta":false,"boss_relics":[{"not_picked":["Velvet Choker","FrozenCore"],"picked":"Tiny House"}],"items_purged_floors":[],"is_endless":false,"potions_floor_spawned":[1,4,13,16,18,21],"killed_by":"Centurion and Healer","ascension_level":6}