{"gold_per_floor":[112,30,0,11,11,11,45,45,45,59,59,69,101,111,111,213,213,224,237,237,255,41,41,41,58,126,142,158,169,180,212,212,309,309,325,340,41,41,41,69,69,69,69,69,69,69,99,116,116,116],"floor_reached":51,"playtime":4527,"items_purged":["Rupture"],"score":1253,"play_id":"c21cfcba-5779-400b-8cb1-3142684f568a","local_time":"20190309210339","is_ascension_mode":true,"campfire_choices":[{"data":"Bash","floor":6,"key":"SMITH"},{"data":"Hemokinesis","floor":8,"key":"SMITH"},{"data":"Cleave","floor":11,"key":"SMITH"},{"floor":15,"key":"REST"},{"data":"Demon Form","floor":24,"key":"SMITH"},{"floor":32,"key":"REST"},{"floor":41,"key":"REST"},{"floor":45,"key":"REST"},{"floor":49,"key":"REST"}],"neow_cost":"NONE","seed_source_timestamp":453891658505408,"circlet_count":0,"master_deck":["AscendersBane","Defend_R","Defend_R","Defend_R","Defend_R","Bash+1","Twin Strike","Hemokinesis+1","Cleave+1","Headbutt+1","Feel No Pain","Battle Trance","Twin Strike+1","Demon Form+1","Impervious+1","Havoc+1","True Grit+1","Shockwave+1","Headbutt+1","Impervious","Anger+1","Reaper+1","Heavy Blade+1","Sword Boomerang+1","Clothesline+1","Spot Weakness","Reckless Charge+1","Immolate+1","Disarm+1","Metallicize+1","Rampage+1","Seeing Red+1","Havoc+1","Double Tap","Iron Wave+1"],"relics":["Burning Blood","Pen Nib","FossilizedHelix","Pear","Molten Egg 2","Lantern","Astrolabe","Darkstone Periapt","Blood Vial","Fusion Hammer","Red Skull","Omamori","Dream Catcher","Mummified Hand","Thread and Needle"],"potions_floor_usage":[7,16,27,31,33,36,40,42],"damage_taken":[{"damage":14,"enemies":"Small Slimes","floor":1,"turns":4},{"damage":3,"enemies":"2 Louse","floor":4,"turns":2},{"damage":0,"enemies":"Gremlin Nob","floor":7,"turns":3},{"damage":12,"enemies":"Jaw Worm","floor":10,"turns":3},{"damage":0,"enemies":"3 Louse","floor":12,"turns":2},{"damage":41,"enemies":"Lagavulin","floor":13,"turns":5},{"damage":2,"enemies":"Exordium Thugs","floor":14,"turns":3},{"damage":24,"enemies":"Slime Boss","floor":16,"turns":6},{"damage":6,"enemies":"Chosen","floor":18,"turns":3},{"damage":12,"enemies":"Spheric Guardian","floor":19,"turns":5},{"damage":18,"enemies":"Snake Plant","floor":21,"turns":4},{"damage":35,"enemies":"3 Cultists","floor":25,"turns":6},{"damage":6,"enemies":"Cultist and Chosen","floor":27,"turns":6},{"damage":0,"enemies":"Snecko","floor":28,"turns":5},{"damage":0,"enemies":"Centurion and Healer","floor":29,"turns":5},{"damage":12,"enemies":"Cultist and Chosen","floor":30,"turns":6},{"damage":28,"enemies":"Book of Stabbing","floor":31,"turns":4},{"damage":81,"enemies":"Automaton","floor":33,"turns":11},{"damage":0,"enemies":"3 Shapes","floor":35,"turns":3},{"damage":0,"enemies":"3 Darklings","floor":36,"turns":2},{"damage":29,"enemies":"Nemesis","floor":40,"turns":7},{"damage":63,"enemies":"Giant Head","floor":42,"turns":9},{"damage":0,"enemies":"Nemesis","floor":47,"turns":5},{"damage":21,"enemies":"Writhing Mass","floor":48,"turns":4},{"damage":68,"enemies":"Time Eater","floor":50,"turns":8}],"seed_played":"6892469616664447543","potions_obtained":[{"floor":1,"key":"AttackPotion"},{"floor":12,"key":"PowerPotion"},{"floor":13,"key":"Regen Potion"},{"floor":19,"key":"Fire Potion"},{"floor":30,"key":"SkillPotion"},{"floor":33,"key":"AttackPotion"},{"floor":35,"key":"SmokeBomb"},{"floor":36,"key":"Swift Potion"}],"is_trial":false,"path_per_floor":["M","$","?","M","?","R","E","R","T","M","R","M","E","M","R","B",null,"M","M","?","M","$","?","R","M","T","M","M","M","M","E","R","B",null,"M","M","$","?","$","E","R","E","T","?","R","?","E","M","R","B",null],"character_chosen":"IRONCLAD","items_purchased":["Hemokinesis","Reaper+1","Red Skull","Omamori"],"campfire_rested":5,"item_purchase_floors":[2,22,37,37],"current_hp_per_floor":[64,64,64,67,55,55,71,71,71,65,65,71,36,40,67,49,80,80,74,74,62,62,62,62,53,53,53,67,73,67,45,72,39,77,90,90,90,90,90,67,90,33,33,56,83,83,90,75,90,43],"gold":116,"neow_bonus":"RANDOM_COMMON_RELIC","is_prod":false,"is_daily":false,"chose_seed":false,"campfire_upgraded":4,"win_rate":0,"timestamp":1552183419,"path_taken":["M","$","?","M","?","R","E","R","T","M","R","M","E","M","R","BOSS","M","M","?","M","$","?","R","M","T","M","M","M","M","E","R","BOSS","M","M","$","?","?","E","R","E","T","?","R","?","E","M","R","BOSS"],"build_version":"2019-01-23","purchased_purges":1,"victory":true,"max_hp_per_floor":[80,80,80,80,80,80,90,90,90,90,90,90,90,90,90,90,90,90,90,90,90,90,90,90,90,90,90,90,90,90,90,90,90,90,90,90,90,90,90,90,90,90,90,90,90,90,90,90,90,90],"card_choices":[{"not_picked":["Bloodletting","Havoc"],"picked":"Twin Strike","floor":1},{"not_picked":["Twin Strike","Wild Strike"],"picked":"Cleave","floor":4},{"not_picked":["Warcry","Perfected Strike","Reckless Charge"],"picked":"SKIP","floor":7},{"not_picked":["True Grit","Burning Pact"],"picked":"Headbutt+1","floor":10},{"not_picked":["Cleave+1","True Grit"],"picked":"Feel No Pain","floor":12},{"not_picked":["Twin Strike+1","Searing Blow+1"],"picked":"Battle Trance","floor":13},{"not_picked":["Sword Boomerang+1","Thunderclap+1"],"picked":"Twin Strike+1","floor":14},{"not_picked":["Limit Break","Reaper+1"],"picked":"Demon Form","floor":16},{"not_picked":["Clothesline+1","Metallicize+1"],"picked":"Shockwave+1","floor":18},{"not_picked":["Inflame+1","Body Slam+1"],"picked":"Headbutt+1","floor":19},{"not_picked":["Clothesline+1","Thunderclap+1"],"picked":"Anger+1","floor":21},{"not_picked":["Clothesline+1","Cleave+1"],"picked":"Heavy Blade+1","floor":25},{"not_picked":["Evolve","Twin Strike+1","Anger+1"],"picked":"SKIP","floor":27},{"not_picked":["Bloodletting+1","Searing Blow+1"],"picked":"Sword Boomerang+1","floor":28},{"not_picked":["Brutality","Heavy Blade+1"],"picked":"Clothesline+1","floor":29},{"not_picked":["Power Through","Wild Strike+1"],"picked":"Spot Weakness","floor":30},{"not_picked":["Infernal Blade","Clothesline+1"],"picked":"Reckless Charge+1","floor":31},{"not_picked":["Juggernaut","Barricade"],"picked":"Immolate+1","floor":33},{"not_picked":["Pommel Strike+1","Blood for Blood+1"],"picked":"Disarm+1","floor":35},{"not_picked":["Sentinel","Hemokinesis+1","Body Slam+1"],"picked":"SKIP","floor":36},{"not_picked":["Power Through+1","Feel No Pain"],"picked":"Metallicize+1","floor":40},{"not_picked":["Perfected Strike+1","Cleave+1"],"picked":"Rampage+1","floor":41},{"not_picked":["Clash+1","Perfected Strike+1"],"picked":"Seeing Red+1","floor":45},{"not_picked":["Blood for Blood+1","Pommel Strike+1"],"picked":"Havoc+1","floor":47},{"not_picked":["Perfected Strike+1","Entrench"],"picked":"Double Tap","floor":48},{"not_picked":["Perfected Strike+1","Anger+1"],"picked":"Iron Wave+1","floor":49}],"player_experience":260817,"relics_obtained":[{"floor":7,"key":"Pear"},{"floor":9,"key":"Molten Egg 2"},{"floor":13,"key":"Lantern"},{"floor":26,"key":"Darkstone Periapt"},{"floor":31,"key":"Blood Vial"},{"floor":40,"key":"Dream Catcher"},{"floor":43,"key":"Mummified Hand"},{"floor":47,"key":"Thread and Needle"}],"event_choices":[{"damage_healed":0,"gold_gain":0,"player_choice":"Left Gold","damage_taken":0,"max_hp_gain":0,"max_hp_loss":0,"event_name":"World of Goop","floor":3,"gold_loss":30},{"damage_healed":0,"gold_gain":0,"player_choice":"Success","damage_taken":12,"relics_obtained":["FossilizedHelix"],"max_hp_gain":0,"max_hp_loss":0,"event_name":"Scrap Ooze","floor":5,"gold_loss":0},{"damage_healed":0,"gold_gain":0,"cards_transformed":["Strike_R","Strike_R"],"player_choice":"Became Test Subject","damage_taken":0,"max_hp_gain":0,"max_hp_loss":0,"event_name":"Drug Dealer","floor":20,"gold_loss":0,"cards_obtained":["Rupture","Impervious"]},{"damage_healed":0,"gold_gain":0,"player_choice":"Ignored","damage_taken":0,"max_hp_gain":0,"max_hp_loss":0,"event_name":"Vampires","floor":23,"gold_loss":0},{"damage_healed":0,"gold_gain":0,"player_choice":"Leave","damage_taken":0,"max_hp_gain":0,"max_hp_loss":0,"event_name":"FaceTrader","floor":38,"gold_loss":0},{"damage_healed":23,"gold_gain":0,"player_choice":"Writhe","damage_taken":0,"max_hp_gain":0,"max_hp_loss":0,"event_name":"Winding Halls","floor":44,"gold_loss":0,"cards_obtained":["Writhe"]},{"damage_healed":0,"gold_gain":0,"player_choice":"Ignored","damage_taken":0,"max_hp_gain":0,"max_hp_loss":0,"event_name":"Mysterious Sphere","floor":46,"gold_loss":0}],"is_beta":false,"boss_relics":[{"not_picked":["White Beast Statue","Coffee Dripper"],"picked":"Astrolabe"},{"not_picked":["Tiny House","Busted Crown"],"picked":"Fusion Hammer"}],"items_purged_floors":[22],"is_endless":false,"potions_floor_spawned":[1,12,13,19,25,30,33,35,36,42],"ascension_level":11}