{"gold_per_floor":[116,136,136,136,152,185,185,529,529,529,570,591,615,665,665,756,756,771,787,318,343,356,356],"floor_reached":23,"playtime":1505,"items_purged":["Strike_B"],"score":473,"play_id":"b1de4e2d-c227-4bb4-b841-b1544a6e0914","local_time":"20190411085341","is_ascension_mode":true,"campfire_choices":[{"floor":7.0,"key":"REST"},{"floor":10,"key":"REST"},{"floor":15,"key":"REST"}],"neow_cost":"NONE","seed_source_timestamp":0,"circlet_count":0,"master_deck":["AscendersBane","Strike_B","Strike_B","Defend_B","Defend_B","Defend_B","Defend_B","Zap","Dualcast","Streamline","White Noise","Go for the Eyes","Cold Snap","Beam Cell","Cold Snap","Chill","Core Surge","Loop+1","Doom and Gloom","Defragment","Go for the Eyes+1","Conserve Battery"],"special_seed":0,"relics":["Cracked Core","Golden Idol","Girya","Old Coin","FossilizedHelix","StoneCalendar","Philosopher\u0027s Stone","Membership Card","Turnip"],"potions_floor_usage":[13,22,23],"damage_taken":[{"damage":5.0,"enemies":"Small Slimes","floor":1.0,"turns":4.0},{"damage":3.0,"enemies":"2 Louse","floor":2.0,"turns":2.0},{"damage":0.0,"enemies":"Cultist","floor":5.0,"turns":3.0},{"damage":42.0,"enemies":"Lagavulin","floor":6.0,"turns":6.0},{"damage":31.0,"enemies":"3 Sentries","floor":8.0,"turns":7.0},{"damage":13,"enemies":"Lagavulin","floor":11,"turns":5},{"damage":0,"enemies":"Exordium Wildlife","floor":12,"turns":5},{"damage":0,"enemies":"Red Slaver","floor":13,"turns":2},{"damage":0,"enemies":"Slime Boss","floor":16,"turns":7},{"damage":0,"enemies":"Chosen","floor":18,"turns":4},{"damage":12,"enemies":"Spheric Guardian","floor":19,"turns":4},{"damage":17,"enemies":"Snecko","floor":21,"turns":5},{"damage":13,"enemies":"Centurion and Healer","floor":22,"turns":7},{"damage":24,"enemies":"Book of Stabbing","floor":23,"turns":3}],"seed_played":"-5946707320244485707","potions_obtained":[{"floor":1.0,"key":"Explosive Potion"},{"floor":11,"key":"GamblersBrew"},{"floor":13,"key":"Explosive Potion"},{"floor":19,"key":"Dexterity Potion"},{"floor":22,"key":"AttackPotion"}],"is_trial":false,"path_per_floor":["M","M","?","?","M","E","R","E","T","R","E","M","M","?","R","B",null,"M","M","$","M","M","E"],"character_chosen":"DEFECT","items_purchased":["Membership Card","Turnip","Defragment"],"campfire_rested":3,"item_purchase_floors":[20,20,20],"current_hp_per_floor":[66,63,56,56,56,14,35,4,4,25,12,12,12,12,33,33,62,62,50,50,33,20,0],"gold":356,"neow_bonus":"TEN_PERCENT_HP_BONUS","is_prod":false,"is_daily":false,"chose_seed":false,"campfire_upgraded":0,"win_rate":0,"timestamp":1554969221,"path_taken":["M","M","?","?","M","E","R","E","T","R","E","M","M","?","R","BOSS","M","M","$","M","?","E"],"build_version":"2019-01-23","purchased_purges":1,"victory":false,"max_hp_per_floor":[78,78,78,71,71,71,71,71,71,71,71,71,71,71,71,71,71,71,71,71,71,71,71],"card_choices":[{"not_picked":["Aggregate","Chaos"],"picked":"Streamline","floor":1.0},{"not_picked":["Sweeping Beam","Scrape"],"picked":"White Noise","floor":2.0},{"not_picked":["Sweeping Beam","Stack"],"picked":"Go for the Eyes","floor":5.0},{"not_picked":["Sweeping Beam","Stack"],"picked":"Cold Snap","floor":6.0},{"not_picked":["Rainbow","Scrape"],"picked":"Beam Cell","floor":8.0},{"not_picked":["Aggregate","Barrage"],"picked":"Cold Snap","floor":11},{"not_picked":["Steam","Barrage"],"picked":"Chill","floor":12},{"not_picked":["Steam","Aggregate","Rebound"],"picked":"SKIP","floor":13},{"not_picked":["Reboot","Meteor Strike"],"picked":"Core Surge","floor":16},{"not_picked":["Gash","Turbo+1"],"picked":"Loop+1","floor":18},{"not_picked":["Consume","Lockon"],"picked":"Doom and Gloom","floor":19},{"not_picked":["Genetic Algorithm","Chaos"],"picked":"Go for the Eyes+1","floor":21},{"not_picked":["Leap","Defragment"],"picked":"Conserve Battery","floor":22}],"player_experience":991363,"relics_obtained":[{"floor":6.0,"key":"Girya"},{"floor":8.0,"key":"Old Coin"},{"floor":9.0,"key":"FossilizedHelix"},{"floor":11,"key":"StoneCalendar"}],"event_choices":[{"cards_removed":["Strike_B"],"damage_healed":0.0,"max_hp_gain":0.0,"max_hp_loss":0.0,"gold_gain":0.0,"event_name":"Golden Wing","player_choice":"Card Removal","floor":3.0,"gold_loss":0.0,"damage_taken":7.0},{"damage_healed":0.0,"max_hp_gain":0.0,"max_hp_loss":7.0,"gold_gain":0.0,"event_name":"Golden Idol","player_choice":"Lose Max HP","floor":4.0,"gold_loss":0.0,"damage_taken":0.0,"relics_obtained":["Golden Idol"]},{"damage_healed":0,"gold_gain":50,"player_choice":"Pray","damage_taken":0,"max_hp_gain":0,"max_hp_loss":0,"event_name":"Golden Shrine","floor":14,"gold_loss":0}],"is_beta":false,"boss_relics":[{"not_picked":["Velvet Choker","Busted Crown"],"picked":"Philosopher\u0027s Stone"}],"items_purged_floors":[20],"is_endless":false,"potions_floor_spawned":[1,11,13,19,22],"killed_by":"Book of Stabbing","ascension_level":16}