{"gold_per_floor":[14,33,33,45,65,65,65,84,84,94,114,125,125,2,2,103,103,123,135,147,165,265,296,296,325,374,390,425,425,83,83,83,83],"floor_reached":33,"playtime":2358,"items_purged":["Strike_R"],"score":376,"play_id":"09df03eb-5fab-4451-b3ef-503b69df268c","local_time":"20190226014848","is_ascension_mode":true,"campfire_choices":[{"data":"Seeing Red","floor":6,"key":"SMITH"},{"data":"Berserk","floor":13,"key":"SMITH"},{"data":"Armaments","floor":15,"key":"SMITH"},{"floor":24,"key":"REST"},{"data":"Rage","floor":29,"key":"SMITH"},{"floor":32,"key":"REST"}],"neow_cost":"NO_GOLD","seed_source_timestamp":3433762474009379,"circlet_count":0,"master_deck":["Strike_R","Strike_R","Strike_R+1","Strike_R","Defend_R+1","Defend_R","Defend_R","Defend_R","Bash","Rage+1","Seeing Red+1","Cleave","Whirlwind","Clothesline","Berserk+1","Twin Strike","Disarm","Armaments+1","Juggernaut","Rage","Searing Blow+1","Headbutt","Inflame","Shrug It Off","Power Through","Shrug It Off+1","Intimidate","Spot Weakness","Flame Barrier","Shrug It Off"],"relics":["Burning Blood","Thread and Needle","Meat on the Bone","Sozu","Bird Faced Urn","Kunai","Bag of Preparation","Pantograph","Blood Vial","Happy Flower","Self Forming Clay","MutagenicStrength"],"potions_floor_usage":[8,12,23,33],"damage_taken":[{"damage":2,"enemies":"Cultist","floor":1,"turns":3},{"damage":0,"enemies":"2 Louse","floor":2,"turns":3},{"damage":2,"enemies":"Jaw Worm","floor":4,"turns":4},{"damage":21,"enemies":"Exordium Wildlife","floor":5,"turns":6},{"damage":14,"enemies":"Large Slime","floor":8,"turns":5},{"damage":0,"enemies":"2 Fungi Beasts","floor":10,"turns":2},{"damage":0,"enemies":"Exordium Wildlife","floor":11,"turns":3},{"damage":14,"enemies":"Large Slime","floor":12,"turns":3},{"damage":22,"enemies":"The Guardian","floor":16,"turns":9},{"damage":5,"enemies":"Chosen","floor":18,"turns":5},{"damage":18,"enemies":"3 Byrds","floor":19,"turns":4},{"damage":21,"enemies":"Centurion and Healer","floor":20,"turns":8},{"damage":2,"enemies":"Snake Plant","floor":21,"turns":5},{"damage":29,"enemies":"Colosseum Slavers","floor":22,"turns":5},{"damage":38,"enemies":"Colosseum Nobs","floor":22,"turns":5},{"damage":20,"enemies":"Book of Stabbing","floor":23,"turns":7},{"damage":39,"enemies":"Slavers","floor":25,"turns":6},{"damage":6,"enemies":"Snecko","floor":27,"turns":5},{"damage":24,"enemies":"Book of Stabbing","floor":28,"turns":6},{"damage":102,"enemies":"Automaton","floor":33,"turns":6}],"seed_played":"-8879876155763672313","potions_obtained":[{"floor":1,"key":"Fire Potion"},{"floor":4,"key":"Poison Potion"},{"floor":5,"key":"Swift Potion"},{"floor":12,"key":"SpeedPotion"}],"is_trial":false,"path_per_floor":["M","M","?","M","M","R","?","M","T","M","M","M","R","$","R","B",null,"M","M","M","M","?","E","R","E","T","M","E","R","$","?","R","B"],"character_chosen":"IRONCLAD","items_purchased":["Armaments","Self Forming Clay","Flame Barrier","Shrug It Off"],"campfire_rested":2,"item_purchase_floors":[14,30,30,30],"current_hp_per_floor":[80,80,80,80,65,65,49,41,41,47,53,57,57,57,57,53,73,74,62,47,51,20,22,46,29,29,49,49,49,49,49,73,0],"gold":83,"neow_bonus":"ONE_RARE_RELIC","is_prod":false,"is_daily":false,"chose_seed":false,"campfire_upgraded":4,"win_rate":0,"timestamp":1551163728,"path_taken":["M","M","?","M","M","R","?","M","T","M","M","M","R","?","R","BOSS","M","M","M","M","?","E","R","E","T","M","E","R","$","?","R","BOSS"],"build_version":"2019-01-23","purchased_purges":1,"victory":false,"max_hp_per_floor":[80,80,80,80,80,80,80,80,80,80,80,80,80,80,80,80,80,80,80,80,80,80,80,80,80,80,80,80,80,80,80,80,80],"card_choices":[{"not_picked":["Thunderclap","Feel No Pain"],"picked":"Rage","floor":1},{"not_picked":["Thunderclap","True Grit"],"picked":"Seeing Red","floor":2},{"not_picked":["Sword Boomerang","Infernal Blade"],"picked":"Cleave","floor":4},{"not_picked":["Wild Strike","Flex"],"picked":"Whirlwind","floor":5},{"not_picked":["Headbutt","Clash"],"picked":"Clothesline","floor":8},{"not_picked":["Clothesline","Thunderclap"],"picked":"Berserk","floor":10},{"not_picked":["Warcry","Corruption"],"picked":"Twin Strike","floor":11},{"not_picked":["Blood for Blood","Perfected Strike"],"picked":"Disarm","floor":12},{"not_picked":["Fiend Fire","Reaper"],"picked":"Juggernaut","floor":16},{"not_picked":["Flame Barrier","Perfected Strike"],"picked":"Rage","floor":18},{"not_picked":["Reckless Charge","Second Wind+1"],"picked":"Searing Blow+1","floor":19},{"not_picked":["Burning Pact","Flex"],"picked":"Headbutt","floor":20},{"not_picked":["Warcry","Dropkick"],"picked":"Inflame","floor":21},{"not_picked":["Cleave","Uppercut"],"picked":"Shrug It Off","floor":22},{"not_picked":["Combust","True Grit"],"picked":"Power Through","floor":23},{"not_picked":["Combust","Heavy Blade"],"picked":"Shrug It Off+1","floor":25},{"not_picked":["Bludgeon","Flex"],"picked":"Intimidate","floor":27},{"not_picked":["Heavy Blade","Evolve+1"],"picked":"Spot Weakness","floor":28}],"player_experience":201734,"relics_obtained":[{"floor":9,"key":"Meat on the Bone"},{"floor":22,"key":"Bird Faced Urn"},{"floor":22,"key":"Kunai"},{"floor":23,"key":"Bag of Preparation"},{"floor":25,"key":"Pantograph"},{"floor":26,"key":"Blood Vial"},{"floor":28,"key":"Happy Flower"}],"event_choices":[{"damage_healed":0,"gold_gain":0,"player_choice":"Leave","damage_taken":0,"max_hp_gain":0,"max_hp_loss":0,"event_name":"The Cleric","floor":3,"gold_loss":0},{"damage_healed":0,"gold_gain":0,"player_choice":"Entered Light","damage_taken":16,"max_hp_gain":0,"max_hp_loss":0,"event_name":"Shining Light","floor":7,"gold_loss":0,"cards_upgraded":["Strike_R","Defend_R"]},{"damage_healed":0,"gold_gain":0,"player_choice":"Fight","damage_taken":0,"max_hp_gain":0,"max_hp_loss":0,"event_name":"Colosseum","floor":22,"gold_loss":0},{"damage_healed":0,"gold_gain":0,"player_choice":"Fought Nobs","damage_taken":0,"max_hp_gain":0,"max_hp_loss":0,"event_name":"Colosseum","floor":22,"gold_loss":0},{"damage_healed":0,"gold_gain":0,"player_choice":"Inject Mutagens","damage_taken":0,"relics_obtained":["MutagenicStrength"],"max_hp_gain":0,"max_hp_loss":0,"event_name":"Drug Dealer","floor":31,"gold_loss":0}],"is_beta":false,"boss_relics":[{"not_picked":["Eternal Feather","Busted Crown"],"picked":"Sozu"}],"items_purged_floors":[14],"is_endless":false,"potions_floor_spawned":[1,4,5,12,18,20,22,28],"killed_by":"Automaton","ascension_level":5}