{"gold_per_floor":[114,128,145,156,170,170,201,201,249,38,71,36,36,51,51,155,155,170,181,196,42,42,69,69,102,102,102],"floor_reached":27,"playtime":1504,"items_purged":["Strike_R"],"score":342,"play_id":"0768a3f2-d2f9-415b-bc57-95feb47323ba","local_time":"20190305040640","is_ascension_mode":true,"campfire_choices":[{"data":"Armaments","floor":6,"key":"SMITH"},{"floor":8,"key":"REST"},{"data":"Limit Break","floor":13,"key":"SMITH"},{"data":"Metallicize","floor":15,"key":"SMITH"},{"floor":24,"key":"REST"}],"neow_cost":"NONE","seed_source_timestamp":50311605964403,"circlet_count":0,"master_deck":["Strike_R","Strike_R","Strike_R","Strike_R","Defend_R","Defend_R","Defend_R","Defend_R","Bash","Armaments+1","Spot Weakness","Clothesline","Inflame","Spot Weakness","Rampage","Headbutt","Limit Break+1","Carnage","Whirlwind","Metallicize+1","Limit Break","Headbutt+1","Pommel Strike","Seeing Red+1","Offering","Heavy Blade","Heavy Blade","Parasite"],"relics":["Burning Blood","Vajra","Kunai","Cursed Key","Nloth\u0027s Gift","Bronze Scales","Darkstone Periapt","Mercury Hourglass"],"potions_floor_usage":[7,16,18,23,25],"damage_taken":[{"damage":1,"enemies":"Cultist","floor":1,"turns":3},{"damage":1,"enemies":"2 Louse","floor":2,"turns":3},{"damage":0,"enemies":"Small Slimes","floor":3,"turns":3},{"damage":21,"enemies":"Exordium Wildlife","floor":4,"turns":5},{"damage":17,"enemies":"Blue Slaver","floor":5,"turns":5},{"damage":22,"enemies":"Lagavulin","floor":7,"turns":7},{"damage":18,"enemies":"Gremlin Nob","floor":11,"turns":4},{"damage":0,"enemies":"Lots of Slimes","floor":14,"turns":1},{"damage":9,"enemies":"Slime Boss","floor":16,"turns":5},{"damage":15,"enemies":"3 Byrds","floor":18,"turns":3},{"damage":16,"enemies":"Shell Parasite","floor":19,"turns":5},{"damage":41,"enemies":"Shelled Parasite and Fungi","floor":20,"turns":6},{"damage":14,"enemies":"Gremlin Leader","floor":23,"turns":5},{"damage":41,"enemies":"Slavers","floor":25,"turns":4},{"damage":14,"enemies":"Snake Plant","floor":27,"turns":2}],"seed_played":"567542772693997796","potions_obtained":[{"floor":1,"key":"Block Potion"},{"floor":3,"key":"Weak Potion"},{"floor":14,"key":"SteroidPotion"},{"floor":20,"key":"SteroidPotion"}],"is_trial":false,"path_per_floor":["M","M","M","M","M","R","E","R","T","$","E","$","R","M","R","B",null,"M","M","M","$","?","E","R","E","T","M"],"character_chosen":"IRONCLAD","items_purchased":["Limit Break","Whirlwind","BloodPotion","Offering"],"campfire_rested":2,"item_purchase_floors":[10,12,21,21],"current_hp_per_floor":[77,80,80,65,54,54,38,62,62,62,50,50,50,56,56,53,73,64,54,19,19,19,19,43,8,14,0],"gold":102,"neow_bonus":"THREE_CARDS","is_prod":false,"is_daily":false,"chose_seed":false,"campfire_upgraded":3,"win_rate":0,"timestamp":1551776800,"path_taken":["M","M","M","M","M","R","E","R","T","$","E","$","R","M","R","BOSS","M","M","?","$","?","E","R","E","T","M"],"build_version":"2019-01-23","purchased_purges":1,"victory":false,"max_hp_per_floor":[80,80,80,80,80,80,80,80,80,80,80,80,80,80,80,80,80,80,80,80,80,80,80,80,80,86,86],"card_choices":[{"not_picked":["Clash","Thunderclap"],"picked":"Armaments","floor":0},{"not_picked":["Wild Strike","Infernal Blade"],"picked":"Spot Weakness","floor":1},{"not_picked":["Thunderclap","Anger"],"picked":"Clothesline","floor":2},{"not_picked":["Burning Pact","Pommel Strike"],"picked":"Inflame","floor":3},{"not_picked":["Anger","Hemokinesis"],"picked":"Spot Weakness","floor":4},{"not_picked":["Warcry","Pommel Strike"],"picked":"Rampage","floor":5},{"not_picked":["Bloodletting","Second Wind"],"picked":"Headbutt","floor":7},{"not_picked":["Body Slam","Clothesline"],"picked":"Carnage","floor":11},{"not_picked":["Hemokinesis","Disarm"],"picked":"Metallicize","floor":14},{"not_picked":["Offering","Immolate"],"picked":"Limit Break","floor":16},{"not_picked":["Carnage","Anger"],"picked":"Headbutt+1","floor":18},{"not_picked":["Iron Wave","Uppercut"],"picked":"Pommel Strike","floor":19},{"not_picked":["Rampage","Pommel Strike"],"picked":"Seeing Red+1","floor":20},{"not_picked":["Anger","Offering"],"picked":"Heavy Blade","floor":23},{"not_picked":["Body Slam+1","Warcry"],"picked":"Heavy Blade","floor":25}],"player_experience":208649,"relics_obtained":[{"floor":7,"key":"Vajra"},{"floor":9,"key":"Bag of Preparation"},{"floor":11,"key":"Kunai"},{"floor":23,"key":"Bronze Scales"},{"floor":25,"key":"Darkstone Periapt"},{"floor":26,"key":"Mercury Hourglass"}],"event_choices":[{"damage_healed":0,"gold_gain":0,"player_choice":"Traded Relic","damage_taken":0,"relics_obtained":["Nloth\u0027s Gift"],"max_hp_gain":0,"max_hp_loss":0,"event_name":"N\u0027loth","floor":22,"relics_lost":["Bag of Preparation"],"gold_loss":0}],"is_beta":false,"boss_relics":[{"not_picked":["Astrolabe","Calling Bell"],"picked":"Cursed Key"}],"items_purged_floors":[10],"is_endless":false,"potions_floor_spawned":[1,3,14,20],"killed_by":"Snake Plant","ascension_level":6}