{"gold_per_floor":[119,35,49,49,68,81,91,117,117,117,137,137,137,170,170,170],"floor_reached":16,"playtime":1069,"items_purged":[],"score":254,"play_id":"49061fdd-ca34-4781-a752-4e7a91fcd3f5","local_time":"20190415113358","is_ascension_mode":true,"campfire_choices":[{"floor":10.0,"key":"REST"},{"data":"Sucker Punch","floor":13.0,"key":"SMITH"},{"data":"Neutralize","floor":15.0,"key":"SMITH"}],"neow_cost":"PERCENT_DAMAGE","seed_source_timestamp":0,"circlet_count":0,"master_deck":["AscendersBane","Defend_G","Defend_G","Defend_G","Defend_G","Defend_G","Strike_G","Strike_G","Strike_G","Strike_G","Survivor","Neutralize+1","Backstab","Footwork","Sucker Punch+1","Heel Hook","Bouncing Flask","Well Laid Plans","Crippling Poison","Footwork"],"special_seed":0,"relics":["Ring of the Snake","FossilizedHelix","Paper Crane","Odd Mushroom","Pear","Ninja Scroll"],"potions_floor_usage":[16],"damage_taken":[{"damage":0.0,"enemies":"2 Louse","floor":1.0,"turns":4.0},{"damage":0.0,"enemies":"Small Slimes","floor":3.0,"turns":4.0},{"damage":0.0,"enemies":"Cultist","floor":5.0,"turns":4.0},{"damage":13.0,"enemies":"Large Slime","floor":6.0,"turns":8.0},{"damage":0.0,"enemies":"Blue Slaver","floor":7.0,"turns":4.0},{"damage":0.0,"enemies":"The Mushroom Lair","floor":8.0,"turns":6.0},{"damage":0.0,"enemies":"Looter","floor":11.0,"turns":3.0},{"damage":0.0,"enemies":"Gremlin Nob","floor":14.0,"turns":4.0},{"damage":67,"enemies":"Slime Boss","floor":16,"turns":14}],"seed_played":"-4782746763569924270","potions_obtained":[{"floor":1.0,"key":"GhostInAJar"},{"floor":3.0,"key":"FearPotion"},{"floor":11.0,"key":"Regen Potion"}],"is_trial":false,"path_per_floor":["M","$","M","?","M","M","M","?","T","R","M","?","R","E","R","B"],"character_chosen":"THE_SILENT","items_purchased":["Footwork"],"campfire_rested":1,"item_purchase_floors":[2],"current_hp_per_floor":[44,44,44,39,39,26,26,26,36,58,58,51,51,51,51,0],"gold":170,"neow_bonus":"ONE_RARE_RELIC","is_prod":false,"is_daily":false,"chose_seed":false,"campfire_upgraded":2,"win_rate":0,"timestamp":1555324438,"path_taken":["M","$","M","?","M","M","M","?","T","R","M","?","R","E","R","BOSS"],"build_version":"2019-01-23","purchased_purges":0,"victory":false,"max_hp_per_floor":[66,66,66,66,66,66,66,66,76,76,76,76,76,76,76,76],"card_choices":[{"not_picked":["Expertise","Concentrate"],"picked":"Backstab","floor":1.0},{"not_picked":["Prepared","Quick Slash"],"picked":"Sucker Punch","floor":3.0},{"not_picked":["Bane","Calculated Gamble"],"picked":"Heel Hook","floor":5.0},{"not_picked":["Prepared","Outmaneuver"],"picked":"Bouncing Flask","floor":6.0},{"not_picked":["Deflect","Flying Knee"],"picked":"Well Laid Plans","floor":7.0},{"not_picked":["Dagger Throw","Infinite Blades"],"picked":"Crippling Poison","floor":8.0},{"not_picked":["Tactician","Concentrate","Eviscerate"],"picked":"SKIP","floor":11.0},{"not_picked":["PiercingWail","Heel Hook"],"picked":"Footwork","floor":14.0}],"player_experience":1074688,"relics_obtained":[{"floor":8.0,"key":"Odd Mushroom"},{"floor":9.0,"key":"Pear"},{"floor":14.0,"key":"Ninja Scroll"}],"event_choices":[{"damage_healed":0.0,"max_hp_gain":0.0,"max_hp_loss":0.0,"gold_gain":0.0,"event_name":"Scrap Ooze","player_choice":"Success","floor":4.0,"gold_loss":0.0,"damage_taken":5.0,"relics_obtained":["Paper Crane"]},{"damage_healed":0.0,"max_hp_gain":0.0,"max_hp_loss":0.0,"gold_gain":0.0,"event_name":"Mushrooms","player_choice":"Fought Mushrooms","floor":8.0,"gold_loss":0.0,"damage_taken":0.0},{"cards_removed":["Strike_G"],"damage_healed":0.0,"max_hp_gain":0.0,"max_hp_loss":0.0,"gold_gain":0.0,"event_name":"Golden Wing","player_choice":"Card Removal","floor":12.0,"gold_loss":0.0,"damage_taken":7.0}],"is_beta":false,"boss_relics":[],"items_purged_floors":[],"is_endless":false,"potions_floor_spawned":[1,3,5,11],"killed_by":"Slime Boss","ascension_level":20}