{"gold_per_floor":[113,113,113,128,31,42,42,42,42,69,0,18,193,210,210,286,286,303,303,313,313,313],"floor_reached":22,"playtime":500,"items_purged":[],"score":313,"play_id":"a44fe427-9949-47c8-8b85-de13d0406b09","local_time":"20181021080629","is_ascension_mode":true,"campfire_choices":[{"data":"Perfected Strike","floor":8.0,"key":"SMITH"},{"floor":15,"key":"REST"}],"neow_cost":"NONE","seed_source_timestamp":0,"circlet_count":0,"master_deck":["Strike_R+1","Strike_R+1","Strike_R+1","Strike_R+1","Defend_R+1","Defend_R+1","Defend_R+1","Bash","AscendersBane","Flex","Blood for Blood","Thunderclap","Flex","Heavy Blade","Perfected Strike+1","Flex","Shrug It Off","Heavy Blade","Perfected Strike","Thunderclap","Limit Break","Twin Strike","Deep Breath","Sword Boomerang","Armaments"],"special_seed":0,"relics":["Burning Blood","NeowsBlessing","GremlinMask","Omamori","Bag of Marbles","Cursed Key"],"potions_floor_usage":[16],"damage_taken":[{"damage":0.0,"enemies":"Small Slimes","floor":1.0,"turns":1.0},{"damage":0.0,"enemies":"Cultist","floor":4.0,"turns":1.0},{"damage":0.0,"enemies":"2 Louse","floor":6.0,"turns":1.0},{"damage":40.0,"enemies":"Lagavulin","floor":10.0,"turns":4.0},{"damage":10.0,"enemies":"Exordium Wildlife","floor":12.0,"turns":3.0},{"damage":10,"enemies":"Exordium Thugs","floor":14,"turns":4},{"damage":48,"enemies":"Slime Boss","floor":16,"turns":11},{"damage":14,"enemies":"Chosen","floor":18,"turns":4},{"damage":28,"enemies":"2 Thieves","floor":20,"turns":3},{"damage":33,"enemies":"Masked Bandits","floor":22,"turns":3}],"seed_played":"-8735611774753275706","potions_obtained":[{"floor":1.0,"key":"AttackPotion"},{"floor":14,"key":"FearPotion"}],"is_trial":false,"path_per_floor":["M","?","?","M","$","M","?","R","T","E","$","M","?","M","R","B",null,"M","?","M","?"],"character_chosen":"IRONCLAD","items_purchased":["Flex","Heavy Blade","Shrug It Off","Heavy Blade"],"campfire_rested":1,"item_purchase_floors":[5,5,11,11],"current_hp_per_floor":[74,74,74,75,75,75,75,75,75,41,41,37,37,33,55,13,60,52,52,30,30,0],"gold":313,"neow_bonus":"THREE_ENEMY_KILL","is_prod":false,"is_daily":false,"chose_seed":false,"campfire_upgraded":1,"win_rate":0,"timestamp":1540134389,"path_taken":["M","?","?","?","$","M","?","R","T","E","?","?","?","M","R","BOSS","M","?","M","?","?"],"build_version":"2018-10-18","purchased_purges":0,"victory":false,"max_hp_per_floor":[75,75,75,75,75,75,75,75,75,75,75,75,75,75,75,75,75,75,75,75,75,75],"card_choices":[{"not_picked":["Corruption","Searing Blow"],"picked":"Flex","floor":1.0},{"not_picked":["Bloodletting","Seeing Red"],"picked":"Thunderclap","floor":4.0},{"not_picked":["Blood for Blood","Headbutt"],"picked":"Perfected Strike","floor":6.0},{"not_picked":["Seeing Red","Heavy Blade"],"picked":"Flex","floor":10.0},{"not_picked":["Body Slam","Rage"],"picked":"Perfected Strike","floor":12.0},{"not_picked":["Sentinel","Double Tap"],"picked":"Thunderclap","floor":14},{"not_picked":["Bludgeon","Double Tap"],"picked":"Limit Break","floor":16},{"not_picked":["Body Slam","True Grit"],"picked":"Twin Strike","floor":18},{"not_picked":["Ghostly Armor","Corruption"],"picked":"Armaments","floor":20}],"player_experience":595510,"relics_obtained":[{"floor":9.0,"key":"Omamori"},{"floor":10.0,"key":"Bag of Marbles"}],"event_choices":[{"damage_healed":0.0,"max_hp_gain":0.0,"max_hp_loss":0.0,"gold_gain":0.0,"cards_transformed":["Strike_R"],"event_name":"Transmorgrifier","player_choice":"Transformed","floor":2.0,"gold_loss":0.0,"damage_taken":0.0,"cards_obtained":["Blood for Blood"]},{"cards_removed":["Defend_R"],"damage_healed":0.0,"max_hp_gain":0.0,"max_hp_loss":0.0,"gold_gain":0.0,"event_name":"Purifier","player_choice":"Purged","floor":3.0,"gold_loss":0.0,"damage_taken":0.0},{"damage_healed":0.0,"max_hp_gain":0.0,"max_hp_loss":0.0,"gold_gain":0.0,"event_name":"FaceTrader","player_choice":"Trade","floor":7.0,"gold_loss":0.0,"damage_taken":0.0,"relics_obtained":["GremlinMask"]},{"damage_healed":0.0,"max_hp_gain":0.0,"max_hp_loss":0.0,"gold_gain":175.0,"event_name":"Liars Game","player_choice":"AGREE","floor":13.0,"gold_loss":0.0,"damage_taken":0.0,"cards_obtained":["Doubt"]},{"damage_healed":0,"gold_gain":0,"player_choice":"2 cards matched","damage_taken":0,"max_hp_gain":0,"max_hp_loss":0,"event_name":"Match and Keep!","floor":19,"gold_loss":0,"cards_obtained":["Deep Breath","Sword Boomerang"]},{"damage_healed":0,"gold_gain":0,"player_choice":"Simplicity","damage_taken":0,"max_hp_gain":0,"max_hp_loss":0,"event_name":"Back to Basics","floor":21,"gold_loss":0,"cards_upgraded":["Strike_R","Strike_R","Strike_R","Strike_R","Defend_R","Defend_R","Defend_R"]},{"damage_healed":0,"gold_gain":0,"player_choice":"Fought Bandits","damage_taken":0,"max_hp_gain":0,"max_hp_loss":0,"event_name":"Masked Bandits","floor":22,"gold_loss":0}],"is_beta":false,"boss_relics":[{"not_picked":["Orrery","Runic Cube"],"picked":"Cursed Key"}],"items_purged_floors":[],"is_endless":false,"potions_floor_spawned":[1,14],"killed_by":"Masked Bandits","ascension_level":14}