{"gold_per_floor":[118,128,0,0,0,16,56,70,70,70,94,94,18,37,37,133,133,93,93,112,130,6,6,6],"floor_reached":24,"playtime":1498,"items_purged":["Strike_G","Defend_G"],"score":396,"play_id":"1c1abc6a-21ee-4763-a401-5696f39271d2","local_time":"20190415171007","is_ascension_mode":true,"campfire_choices":[{"floor":12,"key":"REST"},{"data":"Strike_G","floor":15,"key":"PURGE"},{"data":"Wraith Form v2","floor":23,"key":"SMITH"}],"neow_cost":"NONE","seed_source_timestamp":287493966623386,"circlet_count":0,"master_deck":["AscendersBane","Defend_G","Defend_G","Defend_G","Defend_G","Survivor","Neutralize","Poisoned Stab","Predator","Dagger Throw","Caltrops","Finisher","Backstab","Noxious Fumes","Dodge and Roll+1","Wraith Form v2+1","Outmaneuver+1","Storm of Steel+1","Backflip+1","Deflect+1","Outmaneuver+1","Backflip+1"],"relics":["Runic Pyramid","Golden Idol","Toxic Egg 2","Peace Pipe","Philosopher\u0027s Stone"],"potions_floor_usage":[7,16,16,18,20],"damage_taken":[{"damage":1,"enemies":"Jaw Worm","floor":1,"turns":5},{"damage":1,"enemies":"Cultist","floor":2,"turns":4},{"damage":6,"enemies":"2 Louse","floor":6,"turns":3},{"damage":44,"enemies":"Lagavulin","floor":7,"turns":7},{"damage":3,"enemies":"Exordium Wildlife","floor":8,"turns":4},{"damage":11,"enemies":"Large Slime","floor":11,"turns":5},{"damage":1,"enemies":"2 Fungi Beasts","floor":14,"turns":4},{"damage":17,"enemies":"Slime Boss","floor":16,"turns":10},{"damage":17,"enemies":"2 Thieves","floor":18,"turns":5},{"damage":0,"enemies":"Spheric Guardian","floor":20,"turns":4},{"damage":0,"enemies":"Snake Plant","floor":21,"turns":4},{"damage":32,"enemies":"Gremlin Leader","floor":24,"turns":2}],"seed_played":"-2396172620363286823","potions_obtained":[{"floor":2,"key":"Regen Potion"},{"floor":6,"key":"SpeedPotion"},{"floor":8,"key":"SpeedPotion"},{"floor":16,"key":"Block Potion"},{"floor":18,"key":"AttackPotion"},{"floor":20,"key":"SteroidPotion"}],"is_trial":false,"path_per_floor":["M","M","$","?","?","M","E","M","T","?","M","R","$","M","R","B",null,"M","?","M","M","$","R","E"],"character_chosen":"THE_SILENT","items_purchased":["Dagger Throw","Noxious Fumes","Backflip+1"],"campfire_rested":1,"item_purchase_floors":[3,13,22],"current_hp_per_floor":[58,57,57,57,57,51,21,18,18,18,7,25,25,24,24,7,47,30,30,30,30,30,30,0],"gold":6,"neow_bonus":"BOSS_RELIC","is_prod":false,"is_daily":false,"chose_seed":false,"campfire_upgraded":1,"win_rate":0,"timestamp":1555344607,"path_taken":["M","M","$","?","?","?","E","M","T","?","M","R","?","M","R","BOSS","M","?","M","M","$","R","E"],"build_version":"2019-01-23","purchased_purges":2,"victory":false,"max_hp_per_floor":[66,66,66,60,60,60,60,60,60,60,60,60,60,60,60,60,60,60,60,60,60,60,60,60],"card_choices":[{"not_picked":["PiercingWail","Bane"],"picked":"Poisoned Stab","floor":1},{"not_picked":["Cloak And Dagger","Blade Dance"],"picked":"Predator","floor":2},{"not_picked":["Sucker Punch","Outmaneuver"],"picked":"Caltrops","floor":6},{"not_picked":["Phantasmal Killer","Blade Dance"],"picked":"Finisher","floor":7},{"not_picked":["Reflex+1","Poisoned Stab","Acrobatics+1"],"picked":"SKIP","floor":8},{"not_picked":["Endless Agony","Infinite Blades"],"picked":"Backstab","floor":11},{"not_picked":["Poisoned Stab","Blade Dance+1"],"picked":"Dodge and Roll+1","floor":14},{"not_picked":["After Image","Night Terror+1"],"picked":"Wraith Form v2","floor":16},{"not_picked":["Acrobatics+1","Flying Knee+1"],"picked":"Outmaneuver+1","floor":18},{"not_picked":["Bane","Backstab"],"picked":"Deflect+1","floor":20},{"not_picked":["Deadly Poison+1","Noxious Fumes+1"],"picked":"Outmaneuver+1","floor":21}],"player_experience":1098008,"relics_obtained":[{"floor":7,"key":"Toxic Egg 2"},{"floor":9,"key":"Peace Pipe"}],"event_choices":[{"damage_healed":0,"gold_gain":0,"player_choice":"Lose Max HP","damage_taken":0,"relics_obtained":["Golden Idol"],"max_hp_gain":0,"max_hp_loss":6,"event_name":"Golden Idol","floor":4,"gold_loss":0},{"cards_removed":["Strike_G"],"damage_healed":0,"gold_gain":0,"player_choice":"Offered Basic","damage_taken":0,"max_hp_gain":0,"max_hp_loss":0,"event_name":"Bonfire Elementals","floor":5,"gold_loss":0},{"damage_healed":0,"gold_gain":0,"player_choice":"Ignored","damage_taken":0,"max_hp_gain":0,"max_hp_loss":0,"event_name":"Shining Light","floor":10,"gold_loss":0},{"damage_healed":0,"gold_gain":0,"cards_transformed":["Strike_G","Strike_G"],"player_choice":"Became Test Subject","damage_taken":0,"max_hp_gain":0,"max_hp_loss":0,"event_name":"Drug Dealer","floor":19,"gold_loss":0,"cards_obtained":["Storm of Steel","Backflip"]}],"is_beta":false,"boss_relics":[{"not_picked":["Eternal Feather","Ectoplasm"],"picked":"Philosopher\u0027s Stone"}],"items_purged_floors":[3,22],"is_endless":false,"potions_floor_spawned":[2,6,8,16,18,20],"killed_by":"Gremlin Leader","ascension_level":20}