{"gold_per_floor":[109,184,144,144,31,31,31,31,85,100,100,126,136,149,149,223,223,236,117,0,0,0,0],"floor_reached":23,"playtime":697,"items_purged":[],"score":340,"play_id":"7afe6494-3d13-4fd1-a7bc-0e8496bedc9a","local_time":"20181104015051","is_ascension_mode":true,"campfire_choices":[{"data":"Well Laid Plans","floor":6,"key":"SMITH"},{"data":"Noxious Fumes","floor":8,"key":"SMITH"},{"data":"Prepared","floor":15,"key":"SMITH"}],"neow_cost":"NONE","seed_source_timestamp":2101867235556427,"circlet_count":0,"master_deck":["AscendersBane","Defend_G","Defend_G","Defend_G","Defend_G","Defend_G","Survivor","Neutralize","Eviscerate","Well Laid Plans+1","Terror","Deadly Poison","Noxious Fumes+1","Backstab","Catalyst","PiercingWail","Prepared+1","Dagger Throw","Adrenaline","Heel Hook+1","Well Laid Plans","Escape Plan","Bite","Bite","Bite","Bite","Bite"],"relics":["Ring of the Snake","Ancient Tea Set","Vajra","Empty Cage","Nilry\u0027s Codex"],"potions_floor_usage":[14,16],"damage_taken":[{"damage":9,"enemies":"2 Louse","floor":1,"turns":4},{"damage":4,"enemies":"Jaw Worm","floor":10,"turns":3},{"damage":10,"enemies":"Lagavulin","floor":12,"turns":7},{"damage":4,"enemies":"Small Slimes","floor":13,"turns":3},{"damage":4,"enemies":"Exordium Wildlife","floor":14,"turns":4},{"damage":26,"enemies":"The Guardian","floor":16,"turns":8},{"damage":17,"enemies":"3 Byrds","floor":18,"turns":6},{"damage":26,"enemies":"Gremlin Leader","floor":23,"turns":5}],"seed_played":"-5270808820074070840","potions_obtained":[{"floor":1,"key":"Swift Potion"},{"floor":10,"key":"GhostInAJar"}],"is_trial":false,"path_per_floor":["M","?","$","?","$","R","$","R","T","M","?","E","M","M","R","B",null,"M","$","?","?","?","E"],"character_chosen":"THE_SILENT","items_purchased":["Terror","Noxious Fumes","Backstab","Well Laid Plans","Escape Plan"],"campfire_rested":0,"item_purchase_floors":[3,5,5,19,19],"current_hp_per_floor":[50,39,39,39,39,39,39,39,39,35,51,41,37,33,33,7,49,32,32,32,16,16,0],"gold":0,"neow_bonus":"TRANSFORM_CARD","is_prod":false,"is_daily":false,"chose_seed":false,"campfire_upgraded":3,"win_rate":0,"timestamp":1541321451,"path_taken":["M","?","$","?","$","R","?","R","T","M","?","E","?","M","R","BOSS","M","$","?","?","?","E"],"build_version":"2018-11-01","purchased_purges":0,"victory":false,"max_hp_per_floor":[66,66,66,66,66,66,66,66,66,66,66,66,66,66,66,66,63,63,63,63,63,44,44],"card_choices":[{"not_picked":["Deflect","Backflip"],"picked":"Well Laid Plans","floor":1},{"not_picked":["Outmaneuver","Cloak And Dagger"],"picked":"Catalyst","floor":10},{"not_picked":["Cloak And Dagger","Blade Dance"],"picked":"PiercingWail","floor":12},{"not_picked":["Blur","Infinite Blades"],"picked":"Prepared","floor":13},{"not_picked":["Escape Plan","Poisoned Stab"],"picked":"Dagger Throw","floor":14},{"not_picked":["Venomology","Doppelganger"],"picked":"Adrenaline","floor":16},{"not_picked":["Flying Knee","PiercingWail"],"picked":"Heel Hook+1","floor":18}],"player_experience":851132,"relics_obtained":[{"floor":9,"key":"Ancient Tea Set"},{"floor":12,"key":"Vajra"},{"floor":21,"key":"Nilry\u0027s Codex"}],"event_choices":[{"damage_healed":0,"gold_gain":75,"player_choice":"Gather Gold","damage_taken":11,"max_hp_gain":0,"max_hp_loss":0,"event_name":"World of Goop","floor":2,"gold_loss":0},{"damage_healed":0,"gold_gain":0,"cards_transformed":["Strike_G"],"player_choice":"Change","damage_taken":0,"max_hp_gain":0,"max_hp_loss":0,"event_name":"Living Wall","floor":4,"gold_loss":0,"cards_obtained":["Deadly Poison"]},{"damage_healed":16,"gold_gain":0,"player_choice":"Healed and dodged fight","damage_taken":0,"max_hp_gain":0,"max_hp_loss":0,"event_name":"Mushrooms","floor":11,"gold_loss":0,"cards_obtained":["Parasite"]},{"damage_healed":0,"gold_gain":0,"player_choice":"Paid Fearfully","damage_taken":0,"max_hp_gain":0,"max_hp_loss":0,"event_name":"Masked Bandits","floor":20,"gold_loss":117},{"damage_healed":0,"gold_gain":0,"player_choice":"Obtained Book","damage_taken":16,"max_hp_gain":0,"max_hp_loss":0,"event_name":"Cursed Tome","floor":21,"gold_loss":0},{"damage_healed":0,"gold_gain":0,"player_choice":"Became a vampire","damage_taken":0,"max_hp_gain":0,"max_hp_loss":19,"event_name":"Vampires","floor":22,"gold_loss":0,"cards_obtained":["Bite","Bite","Bite","Bite","Bite"]}],"is_beta":false,"boss_relics":[{"not_picked":["Tiny House","Ectoplasm"],"picked":"Empty Cage"}],"items_purged_floors":[],"is_endless":false,"potions_floor_spawned":[1,10,12],"killed_by":"Gremlin Leader","ascension_level":14}