{"gold_per_floor":[15,28,103,117,217,217,229,229,229,240,275,296,327,337,337,337],"floor_reached":16,"playtime":1315,"items_purged":[],"score":168,"play_id":"96115a82-85f7-4efa-972d-a37b4e4237a5","local_time":"20190312171238","is_ascension_mode":true,"campfire_choices":[{"data":"Neutralize","floor":6.0,"key":"SMITH"},{"data":"Sucker Punch","floor":8.0,"key":"SMITH"},{"floor":15.0,"key":"REST"}],"neow_cost":"NO_GOLD","seed_source_timestamp":0,"circlet_count":0,"master_deck":["AscendersBane","Defend_G","Defend_G","Defend_G","Defend_G","Defend_G","Strike_G","Strike_G","Strike_G","Strike_G","Strike_G","Survivor","Neutralize+1","Slice","Dagger Spray","Sucker Punch+1","Dagger Throw","Blade Dance","All Out Attack"],"special_seed":0,"relics":["Ring of the Snake","Turnip","Tough Bandages","Ice Cream","Odd Mushroom","Happy Flower"],"potions_floor_usage":[16],"damage_taken":[{"damage":0.0,"enemies":"Jaw Worm","floor":1.0,"turns":5.0},{"damage":4.0,"enemies":"2 Louse","floor":2.0,"turns":3.0},{"damage":1.0,"enemies":"Cultist","floor":4.0,"turns":4.0},{"damage":11.0,"enemies":"Looter","floor":7.0,"turns":3.0},{"damage":0.0,"enemies":"Large Slime","floor":10.0,"turns":4.0},{"damage":10.0,"enemies":"Gremlin Nob","floor":11.0,"turns":5.0},{"damage":0.0,"enemies":"The Mushroom Lair","floor":12.0,"turns":3.0},{"damage":18.0,"enemies":"3 Sentries","floor":13.0,"turns":8.0},{"damage":1.0,"enemies":"Red Slaver","floor":14.0,"turns":4.0},{"damage":31,"enemies":"Slime Boss","floor":16,"turns":4}],"seed_played":"5047097991457384954","potions_obtained":[{"floor":2.0,"key":"GhostInAJar"},{"floor":7.0,"key":"Block Potion"},{"floor":11.0,"key":"Explosive Potion"},{"floor":13.0,"key":"FearPotion"}],"is_trial":false,"path_per_floor":["M","M","?","M","?","R","M","R","T","M","E","?","E","M","R","B"],"character_chosen":"THE_SILENT","items_purchased":[],"campfire_rested":1,"item_purchase_floors":[],"current_hp_per_floor":[63,59,48,47,47,47,36,36,36,36,26,26,8,7,28,0],"gold":337,"neow_bonus":"ONE_RARE_RELIC","is_prod":false,"is_daily":false,"chose_seed":false,"campfire_upgraded":2,"win_rate":0,"timestamp":1552410758,"path_taken":["M","M","?","M","?","R","?","R","T","M","E","?","E","M","R","BOSS"],"build_version":"2019-01-23","purchased_purges":0,"victory":false,"max_hp_per_floor":[70,70,70,70,70,70,70,70,70,70,70,70,70,70,70,70],"card_choices":[{"not_picked":["Underhanded Strike","Cloak And Dagger"],"picked":"Slice","floor":1.0},{"not_picked":["Dash","Finisher"],"picked":"Dagger Spray","floor":2.0},{"not_picked":["Flying Knee","Backflip"],"picked":"Sucker Punch","floor":4.0},{"not_picked":["Dodge and Roll","Bane","Sucker Punch"],"picked":"SKIP","floor":7.0},{"not_picked":["Bane","Deflect","Slice"],"picked":"SKIP","floor":10.0},{"not_picked":["Venomology","Prepared"],"picked":"Dagger Throw","floor":11.0},{"not_picked":["Dodge and Roll","Accuracy"],"picked":"Blade Dance","floor":13.0},{"not_picked":["Flechettes","Blur"],"picked":"All Out Attack","floor":14.0}],"player_experience":564516,"relics_obtained":[{"floor":9.0,"key":"Tough Bandages"},{"floor":11.0,"key":"Ice Cream"},{"floor":12.0,"key":"Odd Mushroom"},{"floor":13.0,"key":"Happy Flower"}],"event_choices":[{"damage_healed":0.0,"max_hp_gain":0.0,"max_hp_loss":0.0,"gold_gain":75.0,"event_name":"World of Goop","player_choice":"Gather Gold","floor":3.0,"gold_loss":0.0,"damage_taken":11.0},{"damage_healed":0.0,"max_hp_gain":0.0,"max_hp_loss":0.0,"gold_gain":100.0,"event_name":"Golden Shrine","player_choice":"Pray","floor":5.0,"gold_loss":0.0,"damage_taken":0.0},{"damage_healed":0.0,"max_hp_gain":0.0,"max_hp_loss":0.0,"gold_gain":0.0,"event_name":"Mushrooms","player_choice":"Fought Mushrooms","floor":12.0,"gold_loss":0.0,"damage_taken":0.0}],"is_beta":false,"boss_relics":[],"items_purged_floors":[],"is_endless":false,"potions_floor_spawned":[2,7,11,13],"killed_by":"Slime Boss","ascension_level":10}