{"gold_per_floor":[118,38,38,3,3,36,50,50,50,81,81,93,93,104,104,175,175,190,205,15,15,15,40,40,57,110,138,156,166,5,5,5,76,76,87,133,4,4,4,4,22,22,76,89,89,116,116,135,135,135],"floor_reached":51,"playtime":2255,"items_purged":["Strike_G","Regret"],"score":1443,"play_id":"5ce2016a-387e-4170-bd94-30aaf843a8e4","local_time":"20181207110232","is_ascension_mode":true,"campfire_choices":[{"floor":8.0,"key":"REST"},{"floor":11.0,"key":"REST"},{"data":"Envenom","floor":13.0,"key":"SMITH"},{"floor":15.0,"key":"REST"},{"data":"Neutralize","floor":24.0,"key":"SMITH"},{"data":"Calculated Gamble","floor":32.0,"key":"SMITH"},{"floor":40,"key":"REST"},{"floor":42,"key":"REST"},{"floor":45,"key":"REST"},{"floor":49,"key":"REST"}],"neow_cost":"PERCENT_DAMAGE","seed_source_timestamp":0,"circlet_count":0,"master_deck":["AscendersBane","Defend_G","Defend_G","Defend_G","Strike_G","Strike_G","Survivor","Neutralize+1","Envenom+1","Calculated Gamble+1","Venomology","Endless Agony","Escape Plan","PiercingWail+1","Dagger Throw","Tactician+1","Adrenaline+1","Acrobatics+1","Backflip+1","Escape Plan+1","Finisher","Well Laid Plans+1","Dagger Spray","Corpse Explosion+1","Deflect+1","Footwork","Decay","Adrenaline+1","Deflect+1","Backflip+1","Clumsy","Backflip+1","Finisher+1"],"special_seed":0,"relics":["Ring of the Snake","Ornamental Fan","Toxic Egg 2","Letter Opener","Cursed Key","Membership Card","Gambling Chip","Orichalcum","PreservedInsect","Kunai","Fusion Hammer","Unceasing Top","Strawberry","Centennial Puzzle","Calipers"],"potions_floor_usage":[35,36,36,36,46,48,50,50],"damage_taken":[{"damage":3.0,"enemies":"Small Slimes","floor":1.0,"turns":6.0},{"damage":30.0,"enemies":"Gremlin Nob","floor":6.0,"turns":5.0},{"damage":6.0,"enemies":"Cultist","floor":7.0,"turns":4.0},{"damage":36.0,"enemies":"3 Sentries","floor":10.0,"turns":12.0},{"damage":3.0,"enemies":"2 Louse","floor":12.0,"turns":3.0},{"damage":6.0,"enemies":"Exordium Wildlife","floor":14.0,"turns":4.0},{"damage":31.0,"enemies":"The Guardian","floor":16.0,"turns":11.0},{"damage":0.0,"enemies":"3 Byrds","floor":18.0,"turns":4.0},{"damage":4.0,"enemies":"Chosen","floor":19.0,"turns":4.0},{"damage":1.0,"enemies":"Gremlin Leader","floor":23.0,"turns":5.0},{"damage":0.0,"enemies":"Shelled Parasite and Fungi","floor":25.0,"turns":3.0},{"damage":19.0,"enemies":"Book of Stabbing","floor":27.0,"turns":5.0},{"damage":1.0,"enemies":"Snake Plant","floor":28.0,"turns":3.0},{"damage":0.0,"enemies":"Centurion and Healer","floor":29.0,"turns":3.0},{"damage":32.0,"enemies":"Automaton","floor":33.0,"turns":12.0},{"damage":0,"enemies":"Orb Walker","floor":35,"turns":2},{"damage":27,"enemies":"2 Orb Walkers","floor":36,"turns":4},{"damage":0,"enemies":"3 Darklings","floor":41,"turns":2},{"damage":0,"enemies":"Sphere and 2 Shapes","floor":44,"turns":1},{"damage":0,"enemies":"Giant Head","floor":46,"turns":6},{"damage":0,"enemies":"Writhing Mass","floor":48,"turns":4},{"damage":0,"enemies":"Donu and Deca","floor":50,"turns":6}],"seed_played":"-4923737637294506814","potions_obtained":[{"floor":10.0,"key":"Poison Potion"},{"floor":16.0,"key":"Dexterity Potion"},{"floor":19.0,"key":"Dexterity Potion"},{"floor":23.0,"key":"Regen Potion"},{"floor":33.0,"key":"PowerPotion"},{"floor":35,"key":"SkillPotion"},{"floor":41,"key":"Regen Potion"}],"is_trial":false,"path_per_floor":["M","$","?","?","?","E","M","R","T","E","R","M","R","M","R","B",null,"M","M","$","?","?","E","R","M","T","E","M","M","$","?","R","B",null,"M","?","$","?","$","R","M","R","T","M","R","E","?","M","R","B",null],"character_chosen":"THE_SILENT","items_purchased":["Venomology","Membership Card","Kunai","Strawberry"],"campfire_rested":7,"item_purchase_floors":[2,20,30,37],"current_hp_per_floor":[41,41,41,57,57,27,21,40,40,4,23,20,20,14,33,2,50,50,46,46,46,46,45,45,45,45,41,40,40,40,40,40,8,52,52,25,32,32,32,53,53,73,73,73,73,73,73,73,73,73],"gold":135,"neow_bonus":"THREE_RARE_CARDS","is_prod":false,"is_daily":false,"chose_seed":false,"campfire_upgraded":3,"win_rate":0,"timestamp":1544209352,"path_taken":["M","$","?","?","?","E","M","R","T","E","R","M","R","M","R","BOSS","M","?","$","?","?","E","R","M","T","E","M","M","?","?","R","BOSS","M","?","$","?","?","R","M","R","T","M","R","E","?","?","R","BOSS"],"build_version":"2018-12-06","purchased_purges":2,"victory":true,"max_hp_per_floor":[66,66,66,66,66,66,66,66,66,66,66,66,66,66,66,66,66,66,66,66,66,66,66,66,66,66,66,66,66,66,66,66,66,66,66,66,73,73,73,73,73,73,73,73,73,73,73,73,73,73],"card_choices":[{"not_picked":["Storm of Steel","Burst"],"picked":"Envenom","floor":0.0},{"not_picked":["Outmaneuver","Acrobatics"],"picked":"Calculated Gamble","floor":1.0},{"not_picked":["Skewer","Dagger Throw"],"picked":"Endless Agony","floor":6.0},{"not_picked":["Dagger Throw","Terror"],"picked":"Escape Plan","floor":7.0},{"not_picked":["Masterful Stab","Underhanded Strike"],"picked":"PiercingWail+1","floor":10.0},{"not_picked":["Concentrate+1","Infinite Blades"],"picked":"Dagger Throw","floor":12.0},{"not_picked":["Acrobatics+1","Slice"],"picked":"Tactician+1","floor":14.0},{"not_picked":["Die Die Die","Unload"],"picked":"Adrenaline+1","floor":16.0},{"not_picked":["Dagger Spray+1","Quick Slash"],"picked":"Acrobatics+1","floor":18.0},{"not_picked":["Bane","Setup+1"],"picked":"Backflip+1","floor":19.0},{"not_picked":["Flechettes","Dagger Throw"],"picked":"Well Laid Plans","floor":23.0},{"not_picked":["Sucker Punch","Caltrops"],"picked":"Dagger Spray","floor":25.0},{"not_picked":["Dagger Throw+1","Infinite Blades+1"],"picked":"Corpse Explosion+1","floor":27.0},{"not_picked":["Bane","Outmaneuver+1"],"picked":"Deflect+1","floor":28.0},{"not_picked":["Dagger Throw","Dodge and Roll+1"],"picked":"Footwork","floor":29.0},{"not_picked":["Burst+1","Night Terror+1"],"picked":"Adrenaline+1","floor":33.0},{"not_picked":["Dagger Throw","Deadly Poison+1"],"picked":"Deflect+1","floor":35},{"not_picked":["Quick Slash+1","Dagger Spray"],"picked":"Backflip+1","floor":36},{"not_picked":["Dagger Throw","Storm of Steel+1","Riddle With Holes+1"],"picked":"SKIP","floor":41},{"not_picked":["Deadly Poison+1","Dagger Spray+1","Flying Knee"],"picked":"SKIP","floor":44},{"not_picked":["Wraith Form v2","Predator"],"picked":"Backflip+1","floor":46},{"not_picked":["Sucker Punch","Dagger Spray"],"picked":"Finisher+1","floor":48}],"player_experience":999374,"relics_obtained":[{"floor":6.0,"key":"Ornamental Fan"},{"floor":9.0,"key":"Toxic Egg 2"},{"floor":10.0,"key":"Letter Opener"},{"floor":23.0,"key":"Gambling Chip"},{"floor":26.0,"key":"Orichalcum"},{"floor":27.0,"key":"PreservedInsect"},{"floor":36,"key":"Unceasing Top"},{"floor":43,"key":"Centennial Puzzle"},{"floor":46,"key":"Calipers"}],"event_choices":[{"damage_healed":0.0,"max_hp_gain":0.0,"max_hp_loss":0.0,"gold_gain":0.0,"event_name":"Liars Game","player_choice":"Ignored","floor":3.0,"gold_loss":0.0,"damage_taken":0.0},{"damage_healed":16.0,"max_hp_gain":0.0,"max_hp_loss":0.0,"gold_gain":0.0,"event_name":"The Cleric","player_choice":"Healed","floor":4.0,"gold_loss":35.0,"damage_taken":0.0},{"cards_removed":["Defend_G"],"damage_healed":0.0,"max_hp_gain":0.0,"max_hp_loss":0.0,"gold_gain":0.0,"event_name":"Bonfire Elementals","player_choice":"Offered Basic","floor":5.0,"gold_loss":0.0,"damage_taken":0.0},{"damage_healed":0.0,"max_hp_gain":0.0,"max_hp_loss":0.0,"gold_gain":0.0,"cards_transformed":["Strike_G","Strike_G"],"event_name":"Drug Dealer","player_choice":"Became Test Subject","floor":21.0,"gold_loss":0.0,"damage_taken":0.0,"cards_obtained":["Escape Plan","Finisher"]},{"damage_healed":0.0,"max_hp_gain":0.0,"max_hp_loss":0.0,"gold_gain":0.0,"event_name":"Vampires","player_choice":"Ignored","floor":22.0,"gold_loss":0.0,"damage_taken":0.0},{"damage_healed":0.0,"max_hp_gain":0.0,"max_hp_loss":0.0,"gold_gain":0.0,"event_name":"Forgotten Altar","player_choice":"Smashed Altar","floor":31.0,"gold_loss":0.0,"damage_taken":0.0,"cards_obtained":["Decay"]},{"damage_healed":0,"gold_gain":0,"player_choice":"Fight","damage_taken":0,"max_hp_gain":0,"max_hp_loss":0,"event_name":"Mysterious Sphere","floor":36,"gold_loss":0},{"cards_removed":["Defend_G"],"damage_healed":0,"gold_gain":0,"player_choice":"Removed Skill","damage_taken":0,"max_hp_gain":0,"max_hp_loss":0,"event_name":"Falling","floor":38,"gold_loss":0},{"damage_healed":0,"gold_gain":0,"player_choice":"Upgraded","damage_taken":0,"max_hp_gain":0,"max_hp_loss":0,"event_name":"Upgrade Shrine","floor":47,"gold_loss":0,"cards_upgraded":["Well Laid Plans"]}],"is_beta":false,"boss_relics":[{"not_picked":["Runic Dome","White Beast Statue"],"picked":"Cursed Key"},{"not_picked":["Astrolabe","WristBlade"],"picked":"Fusion Hammer"}],"items_purged_floors":[30,37],"is_endless":false,"potions_floor_spawned":[10,12,16,18,19,23,33,35,41,48],"ascension_level":15}