{"gold_per_floor":[111,121,196,371,371,403,403,431,455,455,474,7,23,23,23,119,119,133,153,78,78,78,78,107,132,132,144,32,82,82,82,82,178,178,196,222,237,137,182,182,0,0,0,0,27,27,47,47,47,47],"floor_reached":51,"playtime":2860,"items_purged":["Strike_R","Strike_R"],"score":888,"play_id":"0fce559b-33b0-4ffe-8e29-e4c96829fdea","local_time":"20190304015112","is_ascension_mode":true,"campfire_choices":[{"data":"Uppercut","floor":7,"key":"SMITH"},{"floor":10,"key":"REST"},{"data":"Bash","floor":15,"key":"SMITH"},{"floor":23,"key":"REST"},{"data":"Havoc","floor":30,"key":"SMITH"},{"floor":32,"key":"REST"},{"floor":40,"key":"REST"},{"data":"Disarm","floor":42,"key":"SMITH"},{"data":"The Bomb","floor":44,"key":"SMITH"},{"data":"Bludgeon","floor":46,"key":"SMITH"},{"floor":49,"key":"REST"}],"neow_cost":"NONE","seed_source_timestamp":3951779554374319,"circlet_count":0,"master_deck":["Strike_R+1","Strike_R","Defend_R","Defend_R","Defend_R","Defend_R+1","Bash+1","Uppercut+1","Iron Wave","Bludgeon+1","The Bomb+1","Feed","Ghostly Armor","Havoc+1","Battle Trance","Disarm+1","Double Tap","Carnage+1","Bludgeon","Headbutt","Madness","Madness"],"relics":["Burning Blood","NeowsBlessing","Juzu Bracelet","Bottled Flame","Potion Belt","StoneCalendar","PreservedInsect","Sozu","WingedGreaves","MutagenicStrength","Gremlin Horn","Regal Pillow","Matryoshka","Ancient Tea Set","Orichalcum","Snecko Eye","Vajra","Bronze Scales","Magic Flower","Red Mask","Bottled Lightning","Pear"],"potions_floor_usage":[8,16,27],"damage_taken":[{"damage":0,"enemies":"Cultist","floor":1,"turns":1},{"damage":0,"enemies":"2 Louse","floor":2,"turns":2},{"damage":0,"enemies":"Gremlin Nob","floor":6,"turns":1},{"damage":28,"enemies":"Lagavulin","floor":8,"turns":7},{"damage":14,"enemies":"Small Slimes","floor":11,"turns":4},{"damage":3,"enemies":"Looter","floor":13,"turns":3},{"damage":30,"enemies":"Hexaghost","floor":16,"turns":9},{"damage":8,"enemies":"Chosen","floor":18,"turns":3},{"damage":28,"enemies":"2 Thieves","floor":19,"turns":5},{"damage":29,"enemies":"Book of Stabbing","floor":24,"turns":5},{"damage":15,"enemies":"Centurion and Healer","floor":27,"turns":6},{"damage":78,"enemies":"Champ","floor":33,"turns":10},{"damage":0,"enemies":"3 Darklings","floor":35,"turns":4},{"damage":23,"enemies":"3 Shapes","floor":37,"turns":4},{"damage":25,"enemies":"2 Orb Walkers","floor":39,"turns":5},{"damage":1,"enemies":"Reptomancer","floor":45,"turns":3},{"damage":18,"enemies":"Spire Growth","floor":47,"turns":3},{"damage":60,"enemies":"Awakened One","floor":50,"turns":7}],"seed_played":"-5482982317977404848","potions_obtained":[{"floor":1,"key":"Weak Potion"},{"floor":6,"key":"PowerPotion"},{"floor":16,"key":"Regen Potion"}],"is_trial":false,"path_per_floor":["M","M","?","?","?","E","R","E","T","R","M","$","M","T","R","B",null,"M","M","?","?","?","R","E","T","T","M","$","T","R","?","R","B",null,"M","T","M","$","?","R","?","R","T","R","E","R","M","?","R","B",null],"character_chosen":"IRONCLAD","items_purchased":["StoneCalendar","The Bomb","Disarm"],"campfire_rested":5,"item_purchase_floors":[12,12,28],"current_hp_per_floor":[80,80,69,69,53,59,59,37,37,61,53,53,56,56,56,32,68,66,44,44,44,44,68,45,45,45,51,51,51,51,51,80,8,62,68,68,51,51,35,74,74,74,74,74,92,92,83,71,93,42],"gold":47,"neow_bonus":"THREE_ENEMY_KILL","is_prod":false,"is_daily":false,"chose_seed":false,"campfire_upgraded":6,"win_rate":0,"timestamp":1551682272,"path_taken":["M","?","?","?","?","E","R","E","T","R","M","$","M","?","R","BOSS","M","M","?","?","?","R","E","?","T","M","$","?","R","?","R","BOSS","M","?","M","?","?","R","?","R","T","R","E","R","M","?","R","BOSS"],"build_version":"2019-01-23","purchased_purges":2,"victory":true,"max_hp_per_floor":[80,80,80,80,80,80,80,80,80,80,80,80,80,80,80,80,80,80,80,80,80,80,80,80,80,80,80,80,80,80,80,80,80,80,80,80,80,80,83,83,83,83,83,83,93,93,93,93,93,93],"card_choices":[{"not_picked":["Hemokinesis","Rage"],"picked":"Uppercut","floor":1},{"not_picked":["Sever Soul","Perfected Strike"],"picked":"Iron Wave","floor":2},{"not_picked":["Flex","Thunderclap","Dropkick"],"picked":"SKIP","floor":6},{"not_picked":["Uppercut","Thunderclap","Flex"],"picked":"SKIP","floor":8},{"not_picked":["Corruption","Clash"],"picked":"Bludgeon","floor":11},{"not_picked":["Wild Strike","Iron Wave","Sentinel"],"picked":"SKIP","floor":13},{"not_picked":["Barricade","Exhume"],"picked":"Feed","floor":16},{"not_picked":["Thunderclap","Body Slam","Warcry"],"picked":"SKIP","floor":18},{"not_picked":["Armaments","Battle Trance"],"picked":"Ghostly Armor","floor":19},{"not_picked":["Bloodletting","Perfected Strike"],"picked":"Havoc","floor":24},{"not_picked":["Entrench","Rupture+1"],"picked":"Battle Trance","floor":27},{"not_picked":["Dark Embrace","Immolate"],"picked":"Double Tap","floor":33},{"not_picked":["Corruption","Second Wind","Anger+1"],"picked":"SKIP","floor":35},{"not_picked":["Body Slam+1","Sword Boomerang+1","Infernal Blade"],"picked":"SKIP","floor":37},{"not_picked":["Havoc+1","Twin Strike+1"],"picked":"Carnage+1","floor":39},{"not_picked":["Disarm+1","Thunderclap"],"picked":"Bludgeon","floor":45},{"not_picked":["Ghostly Armor","Heavy Blade"],"picked":"Headbutt","floor":47}],"player_experience":204092,"relics_obtained":[{"floor":6,"key":"Juzu Bracelet"},{"floor":8,"key":"Bottled Flame"},{"floor":9,"key":"Potion Belt"},{"floor":14,"key":"PreservedInsect"},{"floor":24,"key":"Gremlin Horn"},{"floor":25,"key":"Regal Pillow"},{"floor":26,"key":"Matryoshka"},{"floor":29,"key":"Ancient Tea Set"},{"floor":29,"key":"Orichalcum"},{"floor":36,"key":"Vajra"},{"floor":36,"key":"Bronze Scales"},{"floor":39,"key":"Magic Flower"},{"floor":43,"key":"Bottled Lightning"},{"floor":45,"key":"Pear"}],"event_choices":[{"damage_healed":0,"gold_gain":75,"player_choice":"Gather Gold","damage_taken":11,"max_hp_gain":0,"max_hp_loss":0,"event_name":"World of Goop","floor":3,"gold_loss":0},{"damage_healed":0,"gold_gain":175,"player_choice":"AGREE","damage_taken":0,"max_hp_gain":0,"max_hp_loss":0,"event_name":"Liars Game","floor":4,"gold_loss":0,"cards_obtained":["Doubt"]},{"damage_healed":0,"gold_gain":0,"player_choice":"Entered Light","damage_taken":16,"max_hp_gain":0,"max_hp_loss":0,"event_name":"Shining Light","floor":5,"gold_loss":0,"cards_upgraded":["Defend_R","Strike_R"]},{"cards_removed":["Doubt"],"damage_healed":0,"gold_gain":0,"player_choice":"Gave Gold","damage_taken":0,"max_hp_gain":0,"max_hp_loss":0,"event_name":"Beggar","floor":20,"gold_loss":75},{"damage_healed":0,"gold_gain":0,"player_choice":"Opened","damage_taken":0,"relics_obtained":["WingedGreaves"],"max_hp_gain":0,"max_hp_loss":0,"event_name":"The Mausoleum","floor":21,"gold_loss":0},{"damage_healed":0,"gold_gain":0,"player_choice":"Inject Mutagens","damage_taken":0,"relics_obtained":["MutagenicStrength"],"max_hp_gain":0,"max_hp_loss":0,"event_name":"Drug Dealer","floor":22,"gold_loss":0},{"cards_removed":["Strike_R"],"damage_healed":0,"gold_gain":0,"player_choice":"Card Removal","damage_taken":0,"max_hp_gain":0,"max_hp_loss":0,"event_name":"Wheel of Change","floor":31,"gold_loss":0},{"damage_healed":0,"gold_gain":0,"player_choice":"Fight","damage_taken":0,"max_hp_gain":0,"max_hp_loss":0,"event_name":"Mysterious Sphere","floor":39,"gold_loss":0},{"damage_healed":0,"gold_gain":0,"player_choice":"Paid","damage_taken":0,"relics_obtained":["Red Mask"],"max_hp_gain":0,"max_hp_loss":0,"event_name":"Tomb of Lord Red Mask","floor":41,"gold_loss":182},{"damage_healed":0,"gold_gain":0,"player_choice":"Embrace Madness","damage_taken":12,"max_hp_gain":0,"max_hp_loss":0,"event_name":"Winding Halls","floor":48,"gold_loss":0,"cards_obtained":["Madness","Madness"]}],"is_beta":false,"boss_relics":[{"not_picked":["Philosopher\u0027s Stone","Runic Dome"],"picked":"Sozu"},{"not_picked":["Mark of Pain","Fusion Hammer"],"picked":"Snecko Eye"}],"items_purged_floors":[28,38],"is_endless":false,"potions_floor_spawned":[1,6,16,18,19,45],"ascension_level":5}