{"gold_per_floor":[118,135,135,154,165,192,21,46,46,46],"floor_reached":10,"playtime":738,"items_purged":[],"score":105,"play_id":"0af7d623-6c96-467c-8287-3bc7e439f848","local_time":"20190325132930","is_ascension_mode":true,"campfire_choices":[],"neow_cost":"TEN_PERCENT_HP_LOSS","seed_source_timestamp":362247165764623,"circlet_count":0,"master_deck":["Strike_B","Strike_B","Defend_B","Defend_B","Defend_B","Defend_B","Zap","Dualcast","Go for the Eyes","Loop","Consume","Conserve Battery","Melter","Coolheaded","Defragment"],"relics":["Cracked Core","CultistMask","Shuriken","Pen Nib","Shovel","Calipers"],"potions_floor_usage":[6,8],"damage_taken":[{"damage":0,"enemies":"Small Slimes","floor":1,"turns":3},{"damage":0,"enemies":"Cultist","floor":2,"turns":4},{"damage":4,"enemies":"Jaw Worm","floor":4,"turns":5},{"damage":10,"enemies":"Red Slaver","floor":5,"turns":4},{"damage":20,"enemies":"Lagavulin","floor":6,"turns":5},{"damage":25,"enemies":"Gremlin Nob","floor":8,"turns":4},{"damage":10,"enemies":"Lots of Slimes","floor":10,"turns":1}],"seed_played":"-7772365541478188223","potions_obtained":[{"floor":2,"key":"Swift Potion"},{"floor":4,"key":"AttackPotion"}],"is_trial":false,"path_per_floor":["M","M","?","M","M","E","$","E","T","M"],"character_chosen":"DEFECT","items_purchased":["Pen Nib","Coolheaded"],"campfire_rested":0,"item_purchase_floors":[7,7],"current_hp_per_floor":[68,68,68,64,54,34,34,9,9,0],"gold":46,"neow_bonus":"TRANSFORM_TWO_CARDS","is_prod":false,"is_daily":false,"chose_seed":false,"campfire_upgraded":0,"win_rate":0,"timestamp":1553520570,"path_taken":["M","M","?","M","M","E","$","E","T","M"],"build_version":"2019-01-23","purchased_purges":0,"victory":false,"max_hp_per_floor":[68,68,68,68,68,68,68,68,68,68],"card_choices":[{"not_picked":["Ball Lightning","Sweeping Beam"],"picked":"Consume","floor":1},{"not_picked":["Leap","Cold Snap"],"picked":"Conserve Battery","floor":2},{"not_picked":["Redo","Conserve Battery","Recycle"],"picked":"SKIP","floor":4},{"not_picked":["Reprogram","Barrage"],"picked":"Melter","floor":5},{"not_picked":["Reinforced Body","Amplify","Lockon"],"picked":"SKIP","floor":6},{"not_picked":["Beam Cell","Sunder"],"picked":"Defragment","floor":8}],"player_experience":758464,"relics_obtained":[{"floor":6,"key":"Shuriken"},{"floor":8,"key":"Shovel"},{"floor":9,"key":"Calipers"}],"event_choices":[{"damage_healed":0,"gold_gain":0,"player_choice":"Trade","damage_taken":0,"relics_obtained":["CultistMask"],"max_hp_gain":0,"max_hp_loss":0,"event_name":"FaceTrader","floor":3,"gold_loss":0}],"is_beta":false,"boss_relics":[],"items_purged_floors":[],"is_endless":false,"potions_floor_spawned":[2,4],"killed_by":"Lots of Slimes","ascension_level":7}