{"gold_per_floor":[116,128,128,15,15,15,40,93,93,111,31,56,56,76,76,150,150,165,177,196,196,30,30,48,48,48,76,76,93,10,22,22,94,94,111,111,61,80,80,109,109,128,128,128,128,128,148,179,179,179],"floor_reached":51,"playtime":1610,"items_purged":["Regret","Pain","Writhe","Strike_G"],"score":1259,"play_id":"509c35c5-664b-462e-8e59-7af97380dd23","local_time":"20181030183525","is_ascension_mode":true,"campfire_choices":[{"data":"Night Terror","floor":13,"key":"SMITH"},{"data":"Noxious Fumes","floor":15,"key":"SMITH"},{"floor":23,"key":"REST"},{"floor":25,"key":"REST"},{"floor":32,"key":"REST"},{"data":"Catalyst","floor":44,"key":"SMITH"},{"floor":46,"key":"REST"},{"floor":49,"key":"REST"}],"neow_cost":"NONE","seed_source_timestamp":1729214734209476,"circlet_count":0,"master_deck":["Defend_G+1","Defend_G","Defend_G","Defend_G","Defend_G","Strike_G","Strike_G","Survivor","Neutralize+1","AscendersBane","Caltrops","Dagger Throw","Backstab","Flying Knee","Footwork","Noxious Fumes+1","Night Terror+1","Backstab","Malaise","Bouncing Flask","Sucker Punch","Catalyst+1","Backflip","Terror","Corpse Explosion","Acrobatics","Footwork","Calculated Gamble","Adrenaline","Heel Hook+1","Blind","Leg Sweep","Calculated Gamble+1","PiercingWail"],"relics":["Ring of the Snake","NeowsBlessing","Blood Vial","WarpedTongs","The Courier","Smiling Mask","Ornamental Fan","Regal Pillow","Black Star","TwistedFunnel","Bottled Flame","Anchor","Bag of Preparation","Question Card","Busted Crown","Bottled Tornado","Frozen Egg 2","Mummified Hand","NlothsMask","Lantern","Juzu Bracelet"],"potions_floor_usage":[12,19,33,50],"damage_taken":[{"damage":0,"enemies":"Jaw Worm","floor":1,"turns":1},{"damage":0,"enemies":"2 Louse","floor":2,"turns":1},{"damage":0,"enemies":"Lagavulin","floor":7,"turns":1},{"damage":2,"enemies":"Cultist","floor":10,"turns":3},{"damage":16,"enemies":"Gremlin Nob","floor":12,"turns":3},{"damage":0,"enemies":"3 Louse","floor":14,"turns":2},{"damage":10,"enemies":"The Guardian","floor":16,"turns":10},{"damage":21,"enemies":"2 Thieves","floor":18,"turns":4},{"damage":10,"enemies":"Shell Parasite","floor":19,"turns":6},{"damage":33,"enemies":"Shelled Parasite and Fungi","floor":20,"turns":7},{"damage":5,"enemies":"Centurion and Healer","floor":24,"turns":9},{"damage":23,"enemies":"Gremlin Leader","floor":27,"turns":8},{"damage":0,"enemies":"3 Cultists","floor":29,"turns":2},{"damage":11,"enemies":"Snecko","floor":31,"turns":4},{"damage":52,"enemies":"Collector","floor":33,"turns":8},{"damage":5,"enemies":"3 Darklings","floor":35,"turns":2},{"damage":0,"enemies":"Orb Walker","floor":38,"turns":2},{"damage":39,"enemies":"Nemesis","floor":40,"turns":7},{"damage":25,"enemies":"3 Darklings","floor":42,"turns":3},{"damage":10,"enemies":"Jaw Worm Horde","floor":47,"turns":3},{"damage":9,"enemies":"Giant Head","floor":48,"turns":3},{"damage":38,"enemies":"Awakened One","floor":50,"turns":13}],"seed_played":"-2743949244830451457","potions_obtained":[{"floor":10,"key":"SteroidPotion"},{"floor":14,"key":"Poison Potion"},{"floor":24,"key":"Strength Potion"},{"floor":27,"key":"Weak Potion"},{"floor":31,"key":"Block Potion"},{"floor":42,"key":"Swift Potion"}],"is_trial":false,"path_per_floor":["M","M","?","$","?","?","E","T","T","M","$","E","R","M","R","B",null,"M","M","M","?","$","R","M","R","T","E","?","M","$","M","R","B",null,"M","?","$","M","?","E","?","M","T","R","?","R","M","E","R","B"],"character_chosen":"THE_SILENT","items_purchased":["Backstab","Noxious Fumes","TwistedFunnel","Footwork"],"campfire_rested":5,"item_purchase_floors":[4,11,22,30],"current_hp_per_floor":[63,63,63,63,63,49,51,51,51,51,51,37,37,39,39,31,60,41,33,2,2,2,38,35,70,70,47,47,49,49,40,70,18,57,54,49,49,51,70,31,61,36,36,36,36,61,51,44,61,23],"gold":179,"neow_bonus":"THREE_ENEMY_KILL","is_prod":false,"is_daily":false,"chose_seed":false,"campfire_upgraded":3,"win_rate":0,"timestamp":1540949725,"path_taken":["M","M","?","$","?","?","E","?","T","M","$","E","R","M","R","BOSS","M","M","M","?","$","R","M","R","T","E","?","M","$","M","R","BOSS","M","?","$","M","?","E","?","?","T","R","?","R","M","E","R","BOSS"],"build_version":"2018-10-25v2","purchased_purges":4,"victory":true,"max_hp_per_floor":[70,70,70,70,70,70,70,70,70,70,70,70,70,70,70,70,70,70,70,70,70,70,70,70,70,70,70,70,70,70,70,70,70,70,70,70,70,70,70,70,61,61,61,61,61,61,61,61,61,61],"card_choices":[{"not_picked":["Poisoned Stab","Prepared"],"picked":"Caltrops","floor":1},{"not_picked":["Underhanded Strike","Outmaneuver"],"picked":"Dagger Throw","floor":2},{"not_picked":["Quick Slash","Slice"],"picked":"Flying Knee","floor":7},{"not_picked":["Deflect","Masterful Stab"],"picked":"Footwork","floor":10},{"not_picked":["Acrobatics","Underhanded Strike"],"picked":"Night Terror","floor":12},{"not_picked":["Dagger Spray","Poisoned Stab"],"picked":"Backstab","floor":14},{"not_picked":["Phantasmal Killer","Night Terror"],"picked":"Malaise","floor":16},{"not_picked":["Poisoned Stab","Concentrate"],"picked":"Bouncing Flask","floor":18},{"not_picked":["Quick Slash","Flechettes"],"picked":"Sucker Punch","floor":19},{"not_picked":["Bane+1","Slice"],"picked":"Catalyst","floor":20},{"not_picked":["Sucker Punch","Underhanded Strike","Quick Slash"],"picked":"SKIP","floor":24},{"not_picked":["Blur","Well Laid Plans"],"picked":"Corpse Explosion","floor":27},{"not_picked":["Poisoned Stab","Dagger Throw","Slice+1"],"picked":"Acrobatics","floor":29},{"not_picked":["Prepared","Crippling Poison","Deflect"],"picked":"Calculated Gamble","floor":31},{"not_picked":["Doppelganger","Wraith Form v2","Corpse Explosion"],"picked":"Adrenaline","floor":33},{"not_picked":["Outmaneuver"],"picked":"Heel Hook+1","floor":35},{"not_picked":["PanicButton"],"picked":"Blind","floor":36},{"not_picked":["All Out Attack","Cloak And Dagger"],"picked":"SKIP","floor":38},{"not_picked":["Cloak And Dagger"],"picked":"Leg Sweep","floor":40},{"not_picked":["Bane"],"picked":"Calculated Gamble+1","floor":42},{"not_picked":["Prepared"],"picked":"PiercingWail","floor":47},{"not_picked":["Backflip","Cloak And Dagger"],"picked":"SKIP","floor":48}],"player_experience":753586,"relics_obtained":[{"floor":7,"key":"The Courier"},{"floor":8,"key":"Smiling Mask"},{"floor":9,"key":"Ornamental Fan"},{"floor":12,"key":"Regal Pillow"},{"floor":26,"key":"Bottled Flame"},{"floor":27,"key":"Anchor"},{"floor":27,"key":"Bag of Preparation"},{"floor":40,"key":"Bottled Tornado"},{"floor":40,"key":"Frozen Egg 2"},{"floor":43,"key":"Mummified Hand"},{"floor":48,"key":"Lantern"},{"floor":48,"key":"Juzu Bracelet"}],"event_choices":[{"damage_healed":0,"gold_gain":0,"player_choice":"Box","damage_taken":0,"relics_obtained":["Blood Vial"],"max_hp_gain":0,"max_hp_loss":0,"event_name":"Big Fish","floor":3,"gold_loss":0,"cards_obtained":["Regret"]},{"damage_healed":0,"gold_gain":0,"player_choice":"Rummage","damage_taken":0,"relics_obtained":["WarpedTongs"],"max_hp_gain":0,"max_hp_loss":0,"event_name":"Accursed Blacksmith","floor":5,"gold_loss":0,"cards_obtained":["Pain"]},{"damage_healed":0,"gold_gain":0,"player_choice":"Entered Light","damage_taken":14,"max_hp_gain":0,"max_hp_loss":0,"event_name":"Shining Light","floor":6,"gold_loss":0,"cards_upgraded":["Neutralize","Defend_G"]},{"damage_healed":0,"gold_gain":0,"cards_transformed":["Strike_G","Strike_G"],"player_choice":"Became Test Subject","damage_taken":0,"max_hp_gain":0,"max_hp_loss":0,"event_name":"Drug Dealer","floor":21,"gold_loss":0,"cards_obtained":["Backflip","Terror"]},{"damage_healed":0,"gold_gain":0,"player_choice":"Opened","damage_taken":0,"relics_obtained":["Question Card"],"max_hp_gain":0,"max_hp_loss":0,"event_name":"The Mausoleum","floor":28,"gold_loss":0,"cards_obtained":["Writhe"]},{"damage_healed":0,"gold_gain":0,"player_choice":"Memory 2","damage_taken":5,"max_hp_gain":0,"max_hp_loss":0,"event_name":"SensoryStone","floor":36,"gold_loss":0},{"damage_healed":19,"gold_gain":0,"player_choice":"Full Heal","damage_taken":0,"max_hp_gain":0,"max_hp_loss":0,"event_name":"Wheel of Change","floor":39,"gold_loss":0},{"damage_healed":61,"gold_gain":0,"player_choice":"Heal","damage_taken":0,"max_hp_gain":0,"max_hp_loss":9,"event_name":"The Moai Head","floor":41,"gold_loss":0},{"damage_healed":0,"gold_gain":0,"player_choice":"Trade","damage_taken":0,"relics_obtained":["NlothsMask"],"max_hp_gain":0,"max_hp_loss":0,"event_name":"FaceTrader","floor":45,"gold_loss":0}],"is_beta":false,"boss_relics":[{"not_picked":["Velvet Choker","Astrolabe"],"picked":"Black Star"},{"not_picked":["Lizard Tail","Runic Pyramid"],"picked":"Busted Crown"}],"items_purged_floors":[4,11,30,37],"is_endless":false,"potions_floor_spawned":[10,14,24,27,29,31,42,47,48],"ascension_level":13}