{"gold_per_floor":[112,112,37,87,162,162,176,176,176,205,231,241,259,269,269,374,374,389,402,402],"floor_reached":20,"playtime":661,"items_purged":["Barricade"],"score":184,"play_id":"2e31f8cb-af86-4dfb-ae4c-9c0e3c915021","local_time":"20181010134233","daily_mods":["Shiny","Blue Cards","DeadlyEvents"],"is_ascension_mode":false,"campfire_choices":[{"data":"Demon Form","floor":6,"key":"SMITH"},{"data":"Limit Break","floor":8,"key":"SMITH"},{"floor":15,"key":"REST"}],"neow_cost":"","seed_source_timestamp":1612802312981180,"circlet_count":0,"master_deck":["Double Tap","Demon Form+1","Bludgeon","Feed","Limit Break+1","Fiend Fire","Dark Embrace","Berserk","Impervious","Brutality","Reaper","Exhume","Offering","Immolate","Iron Wave","Fire Breathing","Glacier"],"relics":["Burning Blood","The Courier","Torii","Smiling Mask","Eternal Feather"],"potions_floor_usage":[18],"damage_taken":[{"damage":6,"enemies":"Jaw Worm","floor":1,"turns":1},{"damage":8,"enemies":"Small Slimes","floor":7,"turns":3},{"damage":25,"enemies":"Gremlin Nob","floor":10,"turns":4},{"damage":33,"enemies":"Lagavulin","floor":11,"turns":4},{"damage":7,"enemies":"2 Louse","floor":12,"turns":2},{"damage":0,"enemies":"2 Fungi Beasts","floor":13,"turns":2},{"damage":19,"enemies":"Exordium Wildlife","floor":14,"turns":4},{"damage":49,"enemies":"Slime Boss","floor":16,"turns":6},{"damage":32,"enemies":"Shell Parasite","floor":18,"turns":4},{"damage":37,"enemies":"2 Thieves","floor":19,"turns":4},{"damage":36,"enemies":"Shelled Parasite and Fungi","floor":20,"turns":5}],"seed_played":"852286089277418777","potions_obtained":[{"floor":1,"key":"PowerPotion"},{"floor":12,"key":"Strength Potion"},{"floor":13,"key":"Dexterity Potion"}],"is_trial":true,"path_per_floor":["M","?","$","?","?","R","M","R","T","E","E","M","M","M","R","B",null,"M","M"],"character_chosen":"IRONCLAD","items_purchased":[],"campfire_rested":1,"item_purchase_floors":[],"current_hp_per_floor":[80,80,80,80,69,69,71,71,71,59,36,38,44,31,55,56,83,57,33,0],"gold":402,"neow_bonus":"","is_prod":false,"is_daily":false,"chose_seed":false,"campfire_upgraded":2,"win_rate":0,"timestamp":1539193353,"path_taken":["M","?","$","?","?","R","M","R","T","?","?","?","M","M","R","BOSS","M","M","M"],"build_version":"2018-10-04v2","purchased_purges":1,"victory":false,"max_hp_per_floor":[80,80,80,80,80,80,80,80,80,80,80,83,83,83,83,83,83,83,86,86],"card_choices":[{"not_picked":["Shockwave","Redo"],"picked":"Iron Wave","floor":1},{"not_picked":["Rage","Gash","Hologram"],"picked":"SKIP","floor":7},{"not_picked":["Clash","Fiend Fire","Sentinel"],"picked":"SKIP","floor":10},{"not_picked":["Second Wind","Burning Pact","Impervious"],"picked":"SKIP","floor":11},{"not_picked":["Hologram","Turbo"],"picked":"Fire Breathing","floor":12},{"not_picked":["Coolheaded","Uppercut"],"picked":"Glacier","floor":13},{"not_picked":["Cleave","Heatsinks","Perfected Strike"],"picked":"SKIP","floor":14},{"not_picked":["Power Through","Double Energy+1","Clash"],"picked":"SKIP","floor":18},{"not_picked":["Havoc","Leap","Lockon+1"],"picked":"SKIP","floor":19}],"player_experience":209126,"relics_obtained":[{"floor":9,"key":"The Courier"},{"floor":10,"key":"Torii"},{"floor":11,"key":"Smiling Mask"}],"event_choices":[{"event_name":"Living Wall","player_choice":"Forget","floor":2,"damage_taken":0},{"event_name":"Golden Wing","player_choice":"Gained Gold","floor":4,"damage_taken":0},{"event_name":"World of Goop","player_choice":"Gather Gold","floor":5,"damage_taken":0}],"is_beta":false,"boss_relics":[{"not_picked":["Ectoplasm","Fusion Hammer"],"picked":"Eternal Feather"}],"items_purged_floors":[3],"is_endless":false,"potions_floor_spawned":[1,12,13,14,16],"killed_by":"Shelled Parasite and Fungi","ascension_level":0}