{"gold_per_floor":[119,119,133,133,152,152,181,181,181,256,291,307,307,6,6,106,106,120,132,5,25,45,45],"floor_reached":23,"playtime":462,"items_purged":["Strike_R"],"score":231,"play_id":"fe57f782-be1f-4232-9d7d-6fb316be8e11","local_time":"20190130203044","is_ascension_mode":true,"campfire_choices":[{"data":"Armaments","floor":6,"key":"SMITH"},{"floor":8,"key":"RECALL"},{"data":"Inflame","floor":13,"key":"SMITH"},{"floor":15,"key":"REST"}],"neow_cost":"NONE","seed_source_timestamp":287333260662200,"circlet_count":0,"master_deck":["Strike_R","Strike_R","Strike_R","Defend_R","Defend_R","Defend_R","Defend_R","Bash","Cleave","Armaments+1","Iron Wave","Headbutt","Inflame+1","Demon Form","Sword Boomerang","Twin Strike","Impervious"],"relics":["Burning Blood","NeowsBlessing","Mummified Hand","Vajra","Gremlin Horn","Dead Branch","Cursed Key"],"potions_floor_usage":[2,7,7,7,11,21,22],"damage_taken":[{"damage":0,"enemies":"2 Louse","floor":1,"turns":1},{"damage":0,"enemies":"Cultist","floor":3,"turns":1},{"damage":0,"enemies":"Small Slimes","floor":5,"turns":1},{"damage":15,"enemies":"Gremlin Nob","floor":7,"turns":4},{"damage":5,"enemies":"3 Sentries","floor":11,"turns":6},{"damage":13,"enemies":"Blue Slaver","floor":12,"turns":2},{"damage":31,"enemies":"Slime Boss","floor":16,"turns":8},{"damage":25,"enemies":"Shell Parasite","floor":18,"turns":5},{"damage":23,"enemies":"3 Byrds","floor":19,"turns":4},{"damage":13,"enemies":"Centurion and Healer","floor":21,"turns":5},{"damage":0,"enemies":"Sentry and Sphere","floor":22,"turns":1},{"damage":55,"enemies":"Book of Stabbing","floor":23,"turns":4}],"seed_played":"-4646598611669182648","potions_obtained":[{"floor":2,"key":"Strength Potion"},{"floor":2,"key":"Fruit Juice"},{"floor":2,"key":"Weak Potion"},{"floor":3,"key":"PowerPotion"},{"floor":5,"key":"PowerPotion"},{"floor":7,"key":"Explosive Potion"},{"floor":21,"key":"AttackPotion"}],"is_trial":false,"path_per_floor":["M","?","M","?","M","R","E","R","T","?","E","M","R","$","R","B",null,"M","M","$","M","M","E"],"character_chosen":"IRONCLAD","items_purchased":["Dead Branch","Explosive Potion"],"campfire_rested":1,"item_purchase_floors":[14,20],"current_hp_per_floor":[80,85,85,78,84,84,75,75,75,64,65,58,58,58,83,58,85,66,49,49,42,48,0],"gold":45,"neow_bonus":"THREE_ENEMY_KILL","is_prod":false,"is_daily":false,"chose_seed":false,"campfire_upgraded":2,"win_rate":0,"timestamp":1548909044,"path_taken":["M","?","?","?","M","R","E","R","T","?","E","M","R","?","R","BOSS","M","M","$","M","M","E"],"build_version":"2019-01-23","purchased_purges":1,"victory":false,"max_hp_per_floor":[80,85,85,85,85,85,85,85,85,85,85,85,85,85,85,85,85,85,85,85,85,85,85],"card_choices":[{"not_picked":["Perfected Strike","Iron Wave"],"picked":"Cleave","floor":1},{"not_picked":["Rupture","Wild Strike"],"picked":"Armaments","floor":3},{"not_picked":["True Grit","Perfected Strike"],"picked":"Iron Wave","floor":5},{"not_picked":["Sentinel","Blood for Blood"],"picked":"Headbutt","floor":7},{"not_picked":["Sentinel","Clothesline","Intimidate"],"picked":"SKIP","floor":11},{"not_picked":["Entrench","Searing Blow"],"picked":"Inflame","floor":12},{"not_picked":["Dark Embrace","Impervious"],"picked":"Demon Form","floor":16},{"not_picked":["Flex","Iron Wave"],"picked":"Sword Boomerang","floor":18},{"not_picked":["Sword Boomerang+1","Second Wind","Anger+1"],"picked":"SKIP","floor":19},{"not_picked":["Clothesline","Heavy Blade"],"picked":"Twin Strike","floor":21},{"not_picked":["Flex+1","Combust+1"],"picked":"Impervious","floor":22}],"player_experience":427052,"relics_obtained":[{"floor":7,"key":"Mummified Hand"},{"floor":9,"key":"Vajra"},{"floor":11,"key":"Gremlin Horn"}],"event_choices":[{"damage_healed":0,"gold_gain":0,"player_choice":"Got Potions","damage_taken":0,"max_hp_gain":0,"max_hp_loss":0,"event_name":"Lab","floor":2,"gold_loss":0},{"cards_removed":["Strike_R"],"damage_healed":0,"gold_gain":0,"player_choice":"Card Removal","damage_taken":7,"max_hp_gain":0,"max_hp_loss":0,"event_name":"Golden Wing","floor":4,"gold_loss":0},{"damage_healed":0,"gold_gain":75,"player_choice":"Gather Gold","damage_taken":11,"max_hp_gain":0,"max_hp_loss":0,"event_name":"World of Goop","floor":10,"gold_loss":0}],"is_beta":true,"boss_relics":[{"not_picked":["Black Blood","Empty Cage"],"picked":"Cursed Key"}],"items_purged_floors":[20],"is_endless":false,"potions_floor_spawned":[3,5,7,21],"killed_by":"Book of Stabbing","ascension_level":3}