{"gold_per_floor":[118,118,130,130,141,141,153,186,232,261,261,289,289,308,308,411,411,428,428,447,460,460],"floor_reached":22,"playtime":841,"items_purged":[],"score":231,"play_id":"a3fccfe9-3a4f-416e-aa0b-b689697abafb","local_time":"20181114093035","daily_mods":["Draft","Colorless Cards","Binary"],"is_ascension_mode":false,"campfire_choices":[{"data":"Outmaneuver","floor":6.0,"key":"SMITH"},{"floor":11.0,"key":"REST"},{"data":"Footwork","floor":13.0,"key":"SMITH"},{"floor":15.0,"key":"REST"}],"neow_cost":"","seed_source_timestamp":0,"circlet_count":0,"master_deck":["Sucker Punch","Poisoned Stab","Bane","Footwork+1","Poisoned Stab","Deadly Poison","Flying Knee","Deadly Poison","Backflip","Dagger Spray","Dodge and Roll","Bane","Outmaneuver+1","Cloak And Dagger","Noxious Fumes","Bane","Good Instincts","Outmaneuver","Dodge and Roll","Poisoned Stab","Outmaneuver","After Image","Bandage Up","Trip+1","Bane+1"],"special_seed":0,"relics":["Ring of the Snake","Pear","Bag of Marbles","Dream Catcher","StoneCalendar","White Beast Statue"],"potions_floor_usage":[22],"damage_taken":[{"damage":11.0,"enemies":"Jaw Worm","floor":1.0,"turns":2.0},{"damage":0.0,"enemies":"Small Slimes","floor":3.0,"turns":1.0},{"damage":0.0,"enemies":"2 Louse","floor":5.0,"turns":2.0},{"damage":2.0,"enemies":"Looter","floor":7.0,"turns":3.0},{"damage":20.0,"enemies":"Gremlin Nob","floor":8.0,"turns":4.0},{"damage":27.0,"enemies":"3 Sentries","floor":10.0,"turns":7.0},{"damage":18.0,"enemies":"Lagavulin","floor":12.0,"turns":4.0},{"damage":0.0,"enemies":"Large Slime","floor":14.0,"turns":2.0},{"damage":9.0,"enemies":"Hexaghost","floor":16.0,"turns":7.0},{"damage":28.0,"enemies":"3 Byrds","floor":18.0,"turns":7.0},{"damage":10.0,"enemies":"Shell Parasite","floor":20.0,"turns":6.0},{"damage":35,"enemies":"Shelled Parasite and Fungi","floor":21,"turns":5},{"damage":19,"enemies":"Centurion and Healer","floor":22,"turns":4}],"seed_played":"-1230634664512591359","potions_obtained":[{"floor":1.0,"key":"Weak Potion"},{"floor":8.0,"key":"GamblersBrew"},{"floor":10.0,"key":"GhostInAJar"},{"floor":12.0,"key":"Ancient Potion"},{"floor":18.0,"key":"Ancient Potion"},{"floor":20,"key":"SkillPotion"}],"is_trial":true,"path_per_floor":["M","?","M","?","M","R","M","E","T","E","R","E","R","M","R","B",null,"M","?","M","M","M","M"],"character_chosen":"THE_SILENT","items_purchased":[],"campfire_rested":2,"item_purchase_floors":[],"current_hp_per_floor":[59,52,52,52,52,52,50,40,40,13,37,19,19,19,43,34,80,52,52,46,15,0],"gold":460,"neow_bonus":"","is_prod":false,"is_daily":false,"chose_seed":false,"campfire_upgraded":2,"win_rate":0,"timestamp":1542205835,"path_taken":["M","?","M","?","M","R","M","E","T","E","R","E","R","M","R","BOSS","M","?","M","M","M"],"build_version":"2018-11-08","purchased_purges":0,"victory":false,"max_hp_per_floor":[70,70,70,70,70,70,70,80,80,80,80,80,80,80,80,80,80,80,80,80,80,80],"card_choices":[{"not_picked":["Backstab","Slice"],"picked":"Sucker Punch","floor":0.0},{"not_picked":["Prepared","Acrobatics"],"picked":"Poisoned Stab","floor":0.0},{"not_picked":["Deflect","Outmaneuver"],"picked":"Terror","floor":0.0},{"not_picked":["Quick Slash","Dagger Spray"],"picked":"Bane","floor":0.0},{"not_picked":["Distraction","Outmaneuver"],"picked":"Footwork","floor":0.0},{"not_picked":["Dagger Throw","Deflect"],"picked":"Poisoned Stab","floor":0.0},{"not_picked":["Underhanded Strike","Heel Hook"],"picked":"Dagger Throw","floor":0.0},{"not_picked":["Underhanded Strike","Quick Slash"],"picked":"Deadly Poison","floor":0.0},{"not_picked":["Cloak And Dagger","Concentrate"],"picked":"Flying Knee","floor":0.0},{"not_picked":["Acrobatics","Sucker Punch"],"picked":"Deadly Poison","floor":0.0},{"not_picked":["Well Laid Plans","Madness"],"picked":"Backflip","floor":0.0},{"not_picked":["Dagger Throw","Dramatic Entrance"],"picked":"Dagger Spray","floor":0.0},{"not_picked":["Sucker Punch","Dagger Throw"],"picked":"Dodge and Roll","floor":0.0},{"not_picked":["Blade Dance","Underhanded Strike"],"picked":"Deep Breath","floor":0.0},{"not_picked":["Flying Knee","Acrobatics"],"picked":"Bane","floor":0.0},{"not_picked":["Quick Slash","Flying Knee"],"picked":"SKIP","floor":1.0},{"not_picked":["Dagger Spray"],"picked":"Outmaneuver","floor":3.0},{"not_picked":["Expertise"],"picked":"Cloak And Dagger","floor":5.0},{"not_picked":["Expertise"],"picked":"Noxious Fumes","floor":7.0},{"not_picked":["Distraction"],"picked":"Bane","floor":8.0},{"not_picked":["Quick Slash"],"picked":"Good Instincts","floor":10.0},{"not_picked":["Dagger Throw"],"picked":"Outmaneuver","floor":11.0},{"not_picked":["Metamorphosis"],"picked":"Dodge and Roll","floor":12.0},{"not_picked":["Dagger Throw"],"picked":"Poisoned Stab","floor":14.0},{"not_picked":["Finisher"],"picked":"Outmaneuver","floor":15.0},{"not_picked":["Panache"],"picked":"After Image","floor":16.0},{"not_picked":["Acrobatics"],"picked":"Bandage Up","floor":18.0},{"not_picked":["Slice+1"],"picked":"Trip+1","floor":20},{"not_picked":["Underhanded Strike+1"],"picked":"Bane+1","floor":21}],"player_experience":264073,"relics_obtained":[{"floor":8.0,"key":"Pear"},{"floor":9.0,"key":"Bag of Marbles"},{"floor":10.0,"key":"Dream Catcher"},{"floor":12.0,"key":"StoneCalendar"}],"event_choices":[{"cards_removed":["Deep Breath"],"damage_healed":0.0,"max_hp_gain":0.0,"max_hp_loss":0.0,"gold_gain":0.0,"event_name":"Golden Wing","player_choice":"Card Removal","floor":2.0,"gold_loss":0.0,"damage_taken":7.0},{"cards_removed":["Dagger Throw"],"damage_healed":0.0,"max_hp_gain":0.0,"max_hp_loss":0.0,"gold_gain":0.0,"event_name":"Living Wall","player_choice":"Forget","floor":4.0,"gold_loss":0.0,"damage_taken":0.0},{"cards_removed":["Terror"],"damage_healed":0.0,"max_hp_gain":0.0,"max_hp_loss":0.0,"gold_gain":0.0,"event_name":"Back to Basics","player_choice":"Elegance","floor":19.0,"gold_loss":0.0,"damage_taken":0.0}],"is_beta":false,"boss_relics":[{"not_picked":["Velvet Choker","Runic Pyramid"],"picked":"White Beast Statue"}],"items_purged_floors":[],"is_endless":false,"potions_floor_spawned":[1,8,10,12,16,18,20,21],"killed_by":"Centurion and Healer","ascension_level":0}