{"gold_per_floor":[117,67,87,37,54,54,64,95,95,110,110,110,135,135,135,210,210,226,260,260],"floor_reached":20,"playtime":479,"items_purged":[],"score":309,"play_id":"865fbc33-1c0b-4cba-a64b-527f0579ef34","local_time":"20181021083847","is_ascension_mode":true,"campfire_choices":[{"data":"Clothesline","floor":6,"key":"SMITH"},{"data":"Perfected Strike","floor":11,"key":"SMITH"},{"floor":15,"key":"REST"}],"neow_cost":"NONE","seed_source_timestamp":916951450074193,"circlet_count":0,"master_deck":["Strike_R","Strike_R","Strike_R","Strike_R","Strike_R","Defend_R","Defend_R","Defend_R","Bash","AscendersBane","Exhume","Cleave","Clothesline+1","Warcry","Pommel Strike+1","Twin Strike","Perfected Strike+1","Flex","Twin Strike","Feed","True Grit","Rampage+1"],"relics":["Burning Blood","Happy Flower","Pantograph","Ginger","Cursed Key","Red Mask"],"potions_floor_usage":[],"damage_taken":[{"damage":9,"enemies":"Jaw Worm","floor":1,"turns":6},{"damage":7,"enemies":"Small Slimes","floor":3,"turns":3},{"damage":0,"enemies":"2 Louse","floor":5,"turns":2},{"damage":13,"enemies":"Red Slaver","floor":7,"turns":5},{"damage":15,"enemies":"Gremlin Nob","floor":8,"turns":4},{"damage":13,"enemies":"Blue Slaver","floor":10,"turns":3},{"damage":25,"enemies":"Lagavulin","floor":13,"turns":5},{"damage":63,"enemies":"The Guardian","floor":16,"turns":10},{"damage":9,"enemies":"Chosen","floor":18,"turns":4},{"damage":54,"enemies":"Masked Bandits","floor":19,"turns":4},{"damage":12,"enemies":"Colosseum Slavers","floor":20,"turns":1}],"seed_played":"-1369382133001384053","potions_obtained":[{"floor":3,"key":"Energy Potion"},{"floor":7,"key":"SpeedPotion"}],"is_trial":false,"path_per_floor":["M","?","M","$","M","R","M","E","T","M","R","?","E","?","R","B",null,"M","?"],"character_chosen":"IRONCLAD","items_purchased":["Warcry"],"campfire_rested":1,"item_purchase_floors":[4],"current_hp_per_floor":[65,65,64,64,70,70,63,54,54,47,47,47,28,28,50,18,61,58,10,0],"gold":260,"neow_bonus":"ONE_RANDOM_RARE_CARD","is_prod":false,"is_daily":false,"chose_seed":false,"campfire_upgraded":2,"win_rate":0,"timestamp":1540136327,"path_taken":["M","?","M","$","M","R","M","E","T","?","R","?","E","?","R","BOSS","M","?","?"],"build_version":"2018-10-18","purchased_purges":0,"victory":false,"max_hp_per_floor":[75,75,75,75,75,75,75,75,75,75,75,75,75,75,75,75,75,75,75,75],"card_choices":[{"not_picked":["Dual Wield","Havoc"],"picked":"Cleave","floor":1},{"not_picked":["Sever Soul","Flame Barrier"],"picked":"Clothesline","floor":3},{"not_picked":["Entrench","Bloodletting"],"picked":"Pommel Strike","floor":5},{"not_picked":["Dual Wield","Anger"],"picked":"Twin Strike","floor":7},{"not_picked":["Ghostly Armor","Feel No Pain"],"picked":"Perfected Strike","floor":8},{"not_picked":["Disarm","Burning Pact"],"picked":"Flex","floor":10},{"not_picked":["Heavy Blade","Body Slam"],"picked":"Twin Strike","floor":13},{"not_picked":["Double Tap","Juggernaut"],"picked":"Feed","floor":16},{"not_picked":["Warcry","Metallicize"],"picked":"True Grit","floor":18},{"not_picked":["Clothesline","Wild Strike"],"picked":"Rampage+1","floor":19}],"player_experience":597429,"relics_obtained":[{"floor":8,"key":"Happy Flower"},{"floor":9,"key":"Pantograph"},{"floor":13,"key":"Ginger"},{"floor":19,"key":"Red Mask"}],"event_choices":[{"cards_removed":["Defend_R"],"damage_healed":0,"gold_gain":0,"player_choice":"Card Removal","damage_taken":0,"max_hp_gain":0,"max_hp_loss":0,"event_name":"The Cleric","floor":2,"gold_loss":50},{"damage_healed":0,"gold_gain":0,"player_choice":"Ignored","damage_taken":0,"max_hp_gain":0,"max_hp_loss":0,"event_name":"Liars Game","floor":12,"gold_loss":0},{"damage_healed":0,"gold_gain":0,"player_choice":"Upgraded","damage_taken":0,"max_hp_gain":0,"max_hp_loss":0,"event_name":"Upgrade Shrine","floor":14,"gold_loss":0,"cards_upgraded":["Pommel Strike"]},{"damage_healed":0,"gold_gain":0,"player_choice":"Fought Bandits","damage_taken":0,"max_hp_gain":0,"max_hp_loss":0,"event_name":"Masked Bandits","floor":19,"gold_loss":0},{"damage_healed":0,"gold_gain":0,"player_choice":"Fight","damage_taken":0,"max_hp_gain":0,"max_hp_loss":0,"event_name":"Colosseum","floor":20,"gold_loss":0}],"is_beta":false,"boss_relics":[{"not_picked":["Runic Dome","Empty Cage"],"picked":"Cursed Key"}],"items_purged_floors":[],"is_endless":false,"potions_floor_spawned":[3,7,10,16,18],"killed_by":"Colosseum Slavers","ascension_level":14}