{"gold_per_floor":[118,17,17,96,109,109,109,134,134,152,152,183,202,222,222,293,293,312,31,31,31,50,79,79,106,106,117,117,117,17,36,36,36],"floor_reached":33,"playtime":1740,"items_purged":["Strike_G"],"score":527,"play_id":"efa19a9c-70e8-44d0-8ee6-705799973606","local_time":"20190107190931","is_ascension_mode":true,"campfire_choices":[{"data":"Backstab","floor":6.0,"key":"SMITH"},{"data":"Bouncing Flask","floor":11.0,"key":"SMITH"},{"data":"Deadly Poison","floor":15.0,"key":"SMITH"},{"floor":24.0,"key":"REST"},{"floor":29.0,"key":"REST"},{"data":"Malaise","floor":32,"key":"SMITH"}],"neow_cost":"NONE","seed_source_timestamp":0,"circlet_count":0,"master_deck":["AscendersBane","Defend_G","Defend_G","Defend_G","Defend_G","Strike_G","Strike_G","Strike_G","Survivor","Neutralize","Dash","Deflect","Backstab+1","Dodge and Roll","Bouncing Flask+1","Deadly Poison+1","Tools of the Trade+1","Underhanded Strike","Envenom+1","Backflip","Sadistic Nature+1","Blade Dance","Sucker Punch","Finisher","PiercingWail","Malaise+1","Leg Sweep"],"special_seed":0,"relics":["Ring of the Serpent","Blood Vial","Torii","NlothsMask","Frozen Egg 2","Thread and Needle","Omamori","Pen Nib","Turnip"],"potions_floor_usage":[33],"damage_taken":[{"damage":8.0,"enemies":"Cultist","floor":1.0,"turns":4.0},{"damage":0.0,"enemies":"Small Slimes","floor":5.0,"turns":3.0},{"damage":16.0,"enemies":"Gremlin Nob","floor":8.0,"turns":6.0},{"damage":1.0,"enemies":"Jaw Worm","floor":10.0,"turns":4.0},{"damage":12.0,"enemies":"Lagavulin","floor":12.0,"turns":7.0},{"damage":0.0,"enemies":"3 Louse","floor":13.0,"turns":3.0},{"damage":0.0,"enemies":"Looter","floor":14.0,"turns":3.0},{"damage":2.0,"enemies":"Hexaghost","floor":16.0,"turns":8.0},{"damage":2.0,"enemies":"Shell Parasite","floor":18.0,"turns":7.0},{"damage":1.0,"enemies":"3 Byrds","floor":22.0,"turns":4.0},{"damage":40.0,"enemies":"Slavers","floor":23.0,"turns":4.0},{"damage":28.0,"enemies":"Book of Stabbing","floor":25.0,"turns":5.0},{"damage":0.0,"enemies":"Centurion and Healer","floor":27.0,"turns":6.0},{"damage":2.0,"enemies":"Snecko","floor":31.0,"turns":5.0},{"damage":35,"enemies":"Automaton","floor":33,"turns":10}],"seed_played":"5316666866154666257","potions_obtained":[{"floor":1.0,"key":"SpeedPotion"},{"floor":8.0,"key":"Energy Potion"},{"floor":14.0,"key":"Strength Potion"},{"floor":25.0,"key":"Block Potion"},{"floor":27.0,"key":"Ancient Potion"}],"is_trial":false,"path_per_floor":["M","$","?","?","M","R","?","E","T","M","R","E","M","M","R","B",null,"M","$","?","?","M","E","R","E","T","M","?","R","$","M","R","B"],"character_chosen":"THE_SILENT","items_purchased":["Deflect","Backstab","Sadistic Nature+1","Leg Sweep","PowerPotion"],"campfire_rested":2,"item_purchase_floors":[2,2,19,30,30],"current_hp_per_floor":[53,53,42,42,44,44,44,30,30,31,31,21,23,25,25,25,56,56,56,56,56,57,19,38,12,12,14,14,33,33,33,33,0],"gold":36,"neow_bonus":"RANDOM_COMMON_RELIC","is_prod":false,"is_daily":false,"chose_seed":false,"campfire_upgraded":4,"win_rate":0,"timestamp":1546916971,"path_taken":["M","$","?","?","M","R","?","E","T","M","R","E","M","?","R","BOSS","M","$","?","?","M","E","R","E","T","M","?","R","?","M","R","BOSS"],"build_version":"2019-01-03v4","purchased_purges":1,"victory":false,"max_hp_per_floor":[66,66,66,66,66,66,66,66,66,66,66,66,66,66,66,66,66,66,66,66,66,66,66,66,66,66,66,66,66,66,66,66,66],"card_choices":[{"not_picked":["Concentrate","Outmaneuver"],"picked":"Dash","floor":1.0},{"not_picked":["Slice","Concentrate"],"picked":"Dodge and Roll","floor":5.0},{"not_picked":["Deflect","Deadly Poison"],"picked":"Bouncing Flask","floor":8.0},{"not_picked":["Finisher","Outmaneuver"],"picked":"Deadly Poison","floor":10.0},{"not_picked":["Skewer","Masterful Stab"],"picked":"Tools of the Trade+1","floor":12.0},{"not_picked":["Acrobatics","Prepared","Dash"],"picked":"SKIP","floor":13.0},{"not_picked":["Deflect","Cloak And Dagger"],"picked":"Underhanded Strike","floor":14.0},{"not_picked":["Adrenaline","Venomology"],"picked":"Envenom+1","floor":16.0},{"not_picked":["Cloak And Dagger","Deflect"],"picked":"Backflip","floor":18.0},{"not_picked":["Setup","Distraction"],"picked":"Finisher","floor":22.0},{"not_picked":["Quick Slash","Deflect"],"picked":"PiercingWail","floor":23.0},{"not_picked":["Prepared","PiercingWail"],"picked":"Malaise","floor":25.0},{"not_picked":["Slice","Concentrate","Dodge and Roll"],"picked":"SKIP","floor":27.0},{"not_picked":["Finisher","Leg Sweep","Blur"],"picked":"SKIP","floor":31}],"player_experience":1058922,"relics_obtained":[{"floor":8.0,"key":"Frozen Egg 2"},{"floor":12.0,"key":"Thread and Needle"},{"floor":23.0,"key":"Omamori"},{"floor":25.0,"key":"Pen Nib"},{"floor":26.0,"key":"Turnip"}],"event_choices":[{"damage_healed":0.0,"max_hp_gain":0.0,"max_hp_loss":0.0,"gold_gain":0.0,"event_name":"Scrap Ooze","player_choice":"Success","floor":3.0,"gold_loss":0.0,"damage_taken":11.0,"relics_obtained":["Torii"]},{"damage_healed":0.0,"max_hp_gain":0.0,"max_hp_loss":0.0,"gold_gain":79.0,"event_name":"Golden Wing","player_choice":"Gained Gold","floor":4.0,"gold_loss":0.0,"damage_taken":0.0},{"damage_healed":0.0,"max_hp_gain":0.0,"max_hp_loss":0.0,"gold_gain":0.0,"event_name":"FaceTrader","player_choice":"Trade","floor":7.0,"gold_loss":0.0,"damage_taken":0.0,"relics_obtained":["NlothsMask"]},{"damage_healed":0.0,"max_hp_gain":0.0,"max_hp_loss":0.0,"gold_gain":0.0,"cards_transformed":["Defend_G","Strike_G"],"event_name":"Drug Dealer","player_choice":"Became Test Subject","floor":20.0,"gold_loss":0.0,"damage_taken":0.0,"cards_obtained":["Blade Dance","Sucker Punch"]},{"damage_healed":0.0,"max_hp_gain":0.0,"max_hp_loss":0.0,"gold_gain":0.0,"event_name":"Beggar","player_choice":"Ignored","floor":21.0,"gold_loss":0.0,"damage_taken":0.0},{"damage_healed":0.0,"max_hp_gain":0.0,"max_hp_loss":0.0,"gold_gain":0.0,"event_name":"Vampires","player_choice":"Ignored","floor":28.0,"gold_loss":0.0,"damage_taken":0.0}],"is_beta":false,"boss_relics":[{"not_picked":["Velvet Choker","Lizard Tail"],"picked":"Ring of the Serpent"}],"items_purged_floors":[19],"is_endless":false,"potions_floor_spawned":[1,8,14,25,27,31],"killed_by":"Automaton","ascension_level":16}