{"gold_per_floor":[114,114,31,89,119,119,129,146,193,193,209,244,263,17,17,17],"floor_reached":16,"playtime":746,"items_purged":[],"score":200,"play_id":"9b0df5e5-7c30-4bab-824a-d8f8badd70cf","local_time":"20190415144125","is_ascension_mode":true,"campfire_choices":[{"data":"Neutralize","floor":6,"key":"SMITH"},{"data":"Dash","floor":10,"key":"SMITH"},{"data":"Footwork","floor":15,"key":"SMITH"}],"neow_cost":"NONE","seed_source_timestamp":279325513608097,"circlet_count":0,"master_deck":["AscendersBane","Defend_G","Defend_G","Defend_G","Defend_G","Defend_G","Strike_G","Strike_G","Strike_G","Strike_G","Strike_G","Survivor","Neutralize+1","Calculated Gamble","Backstab","Dash+1","Backstab","PiercingWail","Cloak And Dagger","Venomology","Footwork+1"],"relics":["WristBlade","Tiny Chest","Bronze Scales","Bag of Marbles","Art of War"],"potions_floor_usage":[12,16],"damage_taken":[{"damage":3,"enemies":"2 Louse","floor":1,"turns":4},{"damage":2,"enemies":"Jaw Worm","floor":7,"turns":4},{"damage":0,"enemies":"Cultist","floor":8,"turns":3},{"damage":3,"enemies":"Blue Slaver","floor":11,"turns":2},{"damage":26,"enemies":"Lagavulin","floor":12,"turns":8},{"damage":0,"enemies":"Lots of Slimes","floor":13,"turns":3},{"damage":24,"enemies":"Slime Boss","floor":16,"turns":9}],"seed_played":"-8742125665287197635","potions_obtained":[{"floor":7,"key":"Block Potion"},{"floor":12,"key":"Ancient Potion"}],"is_trial":false,"path_per_floor":["M","?","$","?","?","R","M","M","T","R","M","E","M","$","R","B"],"character_chosen":"THE_SILENT","items_purchased":["Backstab","Footwork","Art of War"],"campfire_rested":0,"item_purchase_floors":[3,14,14],"current_hp_per_floor":[56,56,56,56,51,51,49,49,49,49,46,20,20,20,20,0],"gold":17,"neow_bonus":"BOSS_RELIC","is_prod":false,"is_daily":false,"chose_seed":false,"campfire_upgraded":3,"win_rate":0,"timestamp":1555335685,"path_taken":["M","?","$","?","?","R","M","M","T","R","M","E","M","$","R","BOSS"],"build_version":"2019-01-23","purchased_purges":0,"victory":false,"max_hp_per_floor":[66,66,66,66,66,66,66,66,66,66,66,66,66,66,66,66],"card_choices":[{"not_picked":["Prepared","Reflex"],"picked":"Calculated Gamble","floor":1},{"not_picked":["Dagger Throw","Sucker Punch"],"picked":"Dash","floor":7},{"not_picked":["Dodge and Roll","Poisoned Stab"],"picked":"Backstab","floor":8},{"not_picked":["Escape Plan","Bane"],"picked":"PiercingWail","floor":11},{"not_picked":["Flechettes","Flying Knee"],"picked":"Cloak And Dagger","floor":12},{"not_picked":["Deadly Poison","Dodge and Roll"],"picked":"Venomology","floor":13}],"player_experience":1083453,"relics_obtained":[{"floor":9,"key":"Bronze Scales"},{"floor":12,"key":"Bag of Marbles"}],"event_choices":[{"damage_healed":0,"gold_gain":0,"player_choice":"Ignored","damage_taken":0,"max_hp_gain":0,"max_hp_loss":0,"event_name":"Shining Light","floor":2,"gold_loss":0},{"damage_healed":0,"gold_gain":58,"player_choice":"Gained Gold","damage_taken":0,"max_hp_gain":0,"max_hp_loss":0,"event_name":"Golden Wing","floor":4,"gold_loss":0},{"damage_healed":0,"gold_gain":0,"player_choice":"Success","damage_taken":5,"relics_obtained":["Tiny Chest"],"max_hp_gain":0,"max_hp_loss":0,"event_name":"Scrap Ooze","floor":5,"gold_loss":0}],"is_beta":false,"boss_relics":[],"items_purged_floors":[],"is_endless":false,"potions_floor_spawned":[7,12],"killed_by":"Slime Boss","ascension_level":20}