{"gold_per_floor":[114,133,55,55,55,81,81,116,116,116,147,147,166,185,185,259,259,279,279,293,118,118,118],"floor_reached":23,"playtime":713,"items_purged":[],"score":394,"play_id":"c4eed9e5-8721-4500-8f42-b073707f74e0","local_time":"20181103235253","is_ascension_mode":true,"campfire_choices":[{"floor":10,"key":"REST"},{"floor":12,"key":"REST"},{"floor":15,"key":"REST"}],"neow_cost":"NONE","seed_source_timestamp":2094772789023215,"circlet_count":0,"master_deck":["AscendersBane","Survivor","Neutralize","Poisoned Stab","Sucker Punch","Tools of the Trade","Caltrops","Flechettes","Noxious Fumes","Crippling Poison","Night Terror","Deflect","Die Die Die","Dodge and Roll","A Thousand Cuts","Expertise","Choke","Cloak And Dagger","Reflex","Cloak And Dagger","Escape Plan","Crippling Poison","Bane","Deflect","Bouncing Flask","Predator+1","Footwork","A Thousand Cuts","Backflip"],"relics":["Ring of the Snake","NeowsBlessing","Mummified Hand","Girya","Prayer Wheel","WingedGreaves","Kunai","Pandora\u0027s Box","Turnip"],"potions_floor_usage":[14,19],"damage_taken":[{"damage":0,"enemies":"Cultist","floor":1,"turns":1},{"damage":0,"enemies":"2 Louse","floor":2,"turns":1},{"damage":0,"enemies":"Gremlin Nob","floor":6,"turns":1},{"damage":37,"enemies":"Lagavulin","floor":8,"turns":7},{"damage":21,"enemies":"3 Sentries","floor":11,"turns":7},{"damage":9,"enemies":"Small Slimes","floor":13,"turns":3},{"damage":3,"enemies":"Red Slaver","floor":14,"turns":4},{"damage":16,"enemies":"Hexaghost","floor":16,"turns":10},{"damage":23,"enemies":"2 Thieves","floor":18,"turns":4},{"damage":19,"enemies":"Colosseum Slavers","floor":19,"turns":4},{"damage":0,"enemies":"3 Byrds","floor":20,"turns":3},{"damage":17,"enemies":"Gremlin Leader","floor":23,"turns":2}],"seed_played":"9146186525434013953","potions_obtained":[{"floor":1,"key":"Poison Potion"},{"floor":6,"key":"Energy Potion"},{"floor":14,"key":"AttackPotion"},{"floor":20,"key":"Ancient Potion"}],"is_trial":false,"path_per_floor":["M","M","$","?","?","E","?","E","T","R","E","R","M","M","R","B",null,"M","?","M","$","?","E"],"character_chosen":"THE_SILENT","items_purchased":["Tools of the Trade","A Thousand Cuts","Backflip"],"campfire_rested":3,"item_purchase_floors":[3,21,21],"current_hp_per_floor":[59,59,59,59,56,56,56,19,19,38,17,36,27,24,43,27,56,33,14,14,14,14,0],"gold":118,"neow_bonus":"THREE_ENEMY_KILL","is_prod":false,"is_daily":false,"chose_seed":false,"campfire_upgraded":0,"win_rate":0,"timestamp":1541314373,"path_taken":["M","M","$","?","?","E","?","E","T","R","E","R","?","M","R","BOSS","M","?","M","$","?","E"],"build_version":"2018-11-01","purchased_purges":0,"victory":false,"max_hp_per_floor":[66,66,66,66,66,66,66,66,66,66,66,66,66,66,66,66,66,66,66,66,66,66,66],"card_choices":[{"not_picked":["Reflex","Predator"],"picked":"Poisoned Stab","floor":1},{"not_picked":["Quick Slash","Underhanded Strike"],"picked":"Sucker Punch","floor":2},{"not_picked":["Sucker Punch","Prepared"],"picked":"Caltrops","floor":6},{"not_picked":["Leg Sweep","Dagger Spray"],"picked":"Noxious Fumes","floor":8},{"not_picked":["Acrobatics","Poisoned Stab"],"picked":"Crippling Poison","floor":11},{"not_picked":["Endless Agony","Slice"],"picked":"Night Terror","floor":13},{"not_picked":["Bane","Distraction"],"picked":"Deflect","floor":13},{"not_picked":["PiercingWail","Acrobatics"],"picked":"Die Die Die","floor":14},{"not_picked":["Poisoned Stab","Well Laid Plans"],"picked":"Dodge and Roll","floor":14},{"not_picked":["Storm of Steel","Unload"],"picked":"A Thousand Cuts","floor":16},{"not_picked":["Blur","Prepared"],"picked":"Bouncing Flask","floor":18},{"not_picked":["Dagger Spray","Terror","Outmaneuver"],"picked":"SKIP","floor":18},{"not_picked":["Flying Knee","Slice+1"],"picked":"Predator+1","floor":20},{"not_picked":["PiercingWail","Bane"],"picked":"Footwork","floor":20}],"player_experience":848417,"relics_obtained":[{"floor":6,"key":"Girya"},{"floor":8,"key":"Prayer Wheel"},{"floor":9,"key":"WingedGreaves"},{"floor":11,"key":"Kunai"}],"event_choices":[{"damage_healed":0,"gold_gain":0,"player_choice":"Ignored","damage_taken":0,"max_hp_gain":0,"max_hp_loss":0,"event_name":"Liars Game","floor":4,"gold_loss":0},{"damage_healed":0,"gold_gain":0,"player_choice":"Success","damage_taken":3,"relics_obtained":["Mummified Hand"],"max_hp_gain":0,"max_hp_loss":0,"event_name":"Scrap Ooze","floor":5,"gold_loss":0},{"damage_healed":0,"gold_gain":0,"cards_transformed":["Strike_G"],"player_choice":"Transformed","damage_taken":0,"max_hp_gain":0,"max_hp_loss":0,"event_name":"Transmorgrifier","floor":7,"gold_loss":0,"cards_obtained":["Flechettes"]},{"damage_healed":0,"gold_gain":0,"player_choice":"Fight","damage_taken":0,"max_hp_gain":0,"max_hp_loss":0,"event_name":"Colosseum","floor":19,"gold_loss":0},{"damage_healed":0,"gold_gain":0,"player_choice":"Fled From Nobs","damage_taken":0,"max_hp_gain":0,"max_hp_loss":0,"event_name":"Colosseum","floor":19,"gold_loss":0},{"damage_healed":0,"gold_gain":0,"player_choice":"Gave Potion","damage_taken":0,"relics_obtained":["Turnip"],"max_hp_gain":0,"max_hp_loss":0,"event_name":"WeMeetAgain","floor":22,"gold_loss":0}],"is_beta":false,"boss_relics":[{"not_picked":["White Beast Statue","Calling Bell"],"picked":"Pandora\u0027s Box"}],"items_purged_floors":[],"is_endless":false,"potions_floor_spawned":[1,6,14,16,20],"killed_by":"Gremlin Leader","ascension_level":14}