{"gold_per_floor":[110,110,124,141,153,153,188,188,214,214,229,229,247,279,279,350,350,361,286,286,176,190,218,229,229],"floor_reached":25,"playtime":1599,"items_purged":[],"score":408,"play_id":"734c5998-1237-464c-bcc4-5bca5173924f","local_time":"20190316123035","is_ascension_mode":true,"campfire_choices":[{"data":"True Grit","floor":6,"key":"SMITH"},{"floor":8,"key":"REST"},{"floor":10,"key":"REST"},{"data":"Bash","floor":12,"key":"SMITH"},{"floor":15,"key":"REST"}],"neow_cost":"NONE","seed_source_timestamp":1027241775984514,"circlet_count":0,"master_deck":["AscendersBane","Bash+1","Heavy Blade","True Grit+1","Pummel+1","Pommel Strike","Clothesline","Power Through","Blood for Blood","Barricade","Reaper","Rupture","Rupture","Exhume","Anger","Combust","Second Wind","Blood for Blood","Flame Barrier","Cleave"],"relics":["Burning Blood","Art of War","Lantern","Anchor","Strawberry","Pandora\u0027s Box","Dream Catcher"],"potions_floor_usage":[5,16],"damage_taken":[{"damage":7,"enemies":"Small Slimes","floor":1,"turns":3},{"damage":1,"enemies":"Cultist","floor":3,"turns":3},{"damage":10,"enemies":"2 Louse","floor":4,"turns":3},{"damage":17,"enemies":"Large Slime","floor":5,"turns":5},{"damage":51,"enemies":"Lagavulin","floor":7,"turns":8},{"damage":0,"enemies":"Red Slaver","floor":11,"turns":4},{"damage":0,"enemies":"Exordium Wildlife","floor":13,"turns":3},{"damage":36,"enemies":"3 Sentries","floor":14,"turns":8},{"damage":55,"enemies":"Hexaghost","floor":16,"turns":19},{"damage":35,"enemies":"Shell Parasite","floor":18,"turns":5},{"damage":22,"enemies":"2 Thieves","floor":22,"turns":4},{"damage":31,"enemies":"Slavers","floor":23,"turns":3},{"damage":13,"enemies":"Centurion and Healer","floor":24,"turns":7},{"damage":40,"enemies":"Book of Stabbing","floor":25,"turns":4}],"seed_played":"-8044127463755835722","potions_obtained":[{"floor":1,"key":"Ancient Potion"},{"floor":4,"key":"SteroidPotion"},{"floor":7,"key":"SpeedPotion"},{"floor":13,"key":"Dexterity Potion"},{"floor":22,"key":"GamblersBrew"}],"is_trial":false,"path_per_floor":["M","?","M","M","M","R","E","R","T","R","M","R","M","E","R","B",null,"M","?","?","?","M","E","M","E"],"character_chosen":"IRONCLAD","items_purchased":[],"campfire_rested":3,"item_purchase_floors":[],"current_hp_per_floor":[67,67,72,68,57,57,12,34,34,56,62,62,68,45,69,20,67,42,42,42,42,40,33,40,0],"gold":229,"neow_bonus":"RANDOM_COMMON_RELIC","is_prod":false,"is_daily":false,"chose_seed":false,"campfire_upgraded":2,"win_rate":0,"timestamp":1552753835,"path_taken":["M","?","M","?","M","R","E","R","T","R","M","R","M","E","R","BOSS","M","?","?","?","M","E","?","E"],"build_version":"2019-01-23","purchased_purges":0,"victory":false,"max_hp_per_floor":[75,75,75,75,75,75,75,75,75,75,75,75,75,82,82,82,82,82,82,82,82,82,82,82,82],"card_choices":[{"not_picked":["Dropkick","Iron Wave"],"picked":"Heavy Blade","floor":1},{"not_picked":["Twin Strike","Sentinel"],"picked":"Pummel","floor":3},{"not_picked":["Wild Strike","Body Slam"],"picked":"Pommel Strike","floor":4},{"not_picked":["Warcry","Dual Wield","Thunderclap"],"picked":"SKIP","floor":5},{"not_picked":["Evolve","Pummel"],"picked":"Clothesline","floor":7},{"not_picked":["Intimidate","Warcry"],"picked":"Power Through","floor":11},{"not_picked":["Hemokinesis","Shrug It Off"],"picked":"Blood for Blood","floor":13},{"not_picked":["Bloodletting","Wild Strike"],"picked":"Barricade","floor":14},{"not_picked":["Barricade","Double Tap"],"picked":"Reaper","floor":16},{"not_picked":["Dual Wield","Body Slam"],"picked":"Flame Barrier","floor":18},{"not_picked":["Anger","True Grit"],"picked":"Cleave","floor":22},{"not_picked":["Twin Strike","Thunderclap","Hemokinesis"],"picked":"SKIP","floor":23},{"not_picked":["Anger","Thunderclap","Twin Strike"],"picked":"SKIP","floor":24}],"player_experience":305274,"relics_obtained":[{"floor":7,"key":"Lantern"},{"floor":9,"key":"Anchor"},{"floor":14,"key":"Strawberry"},{"floor":23,"key":"Dream Catcher"}],"event_choices":[{"damage_healed":0,"gold_gain":0,"cards_transformed":["Strike_R"],"player_choice":"Transformed","damage_taken":0,"max_hp_gain":0,"max_hp_loss":0,"event_name":"Transmorgrifier","floor":2,"gold_loss":0,"cards_obtained":["True Grit"]},{"cards_removed":["Barricade"],"damage_healed":0,"gold_gain":0,"player_choice":"Gave Gold","damage_taken":0,"max_hp_gain":0,"max_hp_loss":0,"event_name":"Beggar","floor":19,"gold_loss":75},{"damage_healed":0,"gold_gain":0,"player_choice":"Smashed Altar","damage_taken":0,"max_hp_gain":0,"max_hp_loss":0,"event_name":"Forgotten Altar","floor":20,"gold_loss":0,"cards_obtained":["Decay"]},{"cards_removed":["Decay"],"damage_healed":0,"gold_gain":0,"player_choice":"Upgrade and Remove","damage_taken":0,"max_hp_gain":0,"max_hp_loss":0,"event_name":"Designer","floor":21,"gold_loss":110,"cards_upgraded":["Pummel"]}],"is_beta":false,"boss_relics":[{"not_picked":["Runic Dome","Empty Cage"],"picked":"Pandora\u0027s Box"}],"items_purged_floors":[],"is_endless":false,"potions_floor_spawned":[1,4,7,13,22],"killed_by":"Book of Stabbing","ascension_level":15}