{"gold_per_floor":[112,130,130,130,149,188,188],"floor_reached":7,"playtime":302,"items_purged":[],"score":54,"play_id":"34d941cd-7015-47be-8b40-0012b028150f","local_time":"20190305042846","is_ascension_mode":true,"campfire_choices":[],"neow_cost":"NONE","seed_source_timestamp":308676982602900,"circlet_count":0,"master_deck":["Strike_R","Strike_R","Strike_R","Strike_R","Defend_R","Defend_R","Defend_R","Defend_R","Bash","Thunderclap","Thunderclap","Fire Breathing"],"relics":["Burning Blood","Golden Idol","Ginger"],"potions_floor_usage":[6,7],"damage_taken":[{"damage":9,"enemies":"2 Louse","floor":1,"turns":3},{"damage":0,"enemies":"Small Slimes","floor":2,"turns":2},{"damage":13,"enemies":"Cultist","floor":5,"turns":6},{"damage":36,"enemies":"Gremlin Nob","floor":6,"turns":5},{"damage":29,"enemies":"3 Sentries","floor":7,"turns":4}],"seed_played":"-1935071210695216485","potions_obtained":[{"floor":5,"key":"BloodPotion"},{"floor":6,"key":"Explosive Potion"}],"is_trial":false,"path_per_floor":["M","M","?","?","M","E","?"],"character_chosen":"IRONCLAD","items_purchased":[],"campfire_rested":0,"item_purchase_floors":[],"current_hp_per_floor":[77,80,73,53,46,24,0],"gold":188,"neow_bonus":"THREE_CARDS","is_prod":false,"is_daily":false,"chose_seed":false,"campfire_upgraded":0,"win_rate":0,"timestamp":1551788926,"path_taken":["M","M","?","?","M","E","?"],"build_version":"2019-01-23","purchased_purges":0,"victory":false,"max_hp_per_floor":[80,80,80,80,80,80,80],"card_choices":[{"not_picked":["Whirlwind","Disarm"],"picked":"Thunderclap","floor":0},{"not_picked":["Pommel Strike","Clothesline"],"picked":"Thunderclap","floor":1},{"not_picked":["Thunderclap","Havoc"],"picked":"Fire Breathing","floor":2},{"not_picked":["Evolve","Body Slam","Heavy Blade"],"picked":"SKIP","floor":5},{"not_picked":["Sword Boomerang","Wild Strike","Flex"],"picked":"SKIP","floor":6}],"player_experience":105739,"relics_obtained":[{"floor":6,"key":"Ginger"}],"event_choices":[{"cards_removed":["Strike_R"],"damage_healed":0,"gold_gain":0,"player_choice":"Card Removal","damage_taken":7,"max_hp_gain":0,"max_hp_loss":0,"event_name":"Golden Wing","floor":3,"gold_loss":0},{"damage_healed":0,"gold_gain":0,"player_choice":"Take Damage","damage_taken":20,"relics_obtained":["Golden Idol"],"max_hp_gain":0,"max_hp_loss":0,"event_name":"Golden Idol","floor":4,"gold_loss":0},{"damage_healed":0,"gold_gain":0,"player_choice":"Searched \u00272\u0027 times","damage_taken":0,"max_hp_gain":0,"max_hp_loss":0,"event_name":"Dead Adventurer","floor":7,"gold_loss":0}],"is_beta":false,"boss_relics":[],"items_purged_floors":[],"is_endless":false,"potions_floor_spawned":[5,6],"killed_by":"3 Sentries","ascension_level":1}