{"gold_per_floor":[119,119,119,119,142,142,185,185,212,248,39,39,72,92,92,216,216,231,356,356,369,383,383,17,52,52,52,73,106,120,120,120,244,244,268,293,21,21,0,0,33,54,78,78,102,125,160,181,181,181],"floor_reached":51,"playtime":2954,"items_purged":["Strike_R"],"score":1155,"play_id":"94bf5f4d-16c3-4085-afc0-9711201d4455","local_time":"20190306050043","is_ascension_mode":true,"campfire_choices":[{"data":"Clothesline","floor":6,"key":"SMITH"},{"data":"Juggernaut","floor":8,"key":"SMITH"},{"floor":12,"key":"REST"},{"data":"Metallicize","floor":15,"key":"SMITH"},{"data":"Pommel Strike","floor":23,"key":"SMITH"},{"data":"Clothesline","floor":27,"key":"SMITH"},{"data":"Impervious","floor":32,"key":"SMITH"},{"data":"Juggernaut","floor":40,"key":"SMITH"},{"data":"1","floor":44,"key":"LIFT"},{"data":"Metallicize","floor":49,"key":"SMITH"}],"neow_cost":"NONE","seed_source_timestamp":134035204532913,"circlet_count":0,"master_deck":["AscendersBane","Strike_R","Strike_R","Strike_R+1","Strike_R","Defend_R","Defend_R","Defend_R+1","Defend_R","Bash+1","Pommel Strike+1","Clothesline+1","Juggernaut+1","Metallicize+1","Ghostly Armor","Impervious+1","Iron Wave+1","Juggernaut+1","Feed","Spot Weakness+1","Clothesline+1","Headbutt+1","Body Slam+1","Writhe","Juggernaut+1","Flame Barrier+1","Entrench+1","Pain","Metallicize+1","Clothesline+1"],"relics":["Burning Blood","Nunchaku","Golden Idol","Red Skull","Pen Nib","Oddly Smooth Stone","ClockworkSouvenir","Odd Mushroom","Snecko Eye","Incense Burner","Bottled Tornado","Thread and Needle","Self Forming Clay","Matryoshka","Bag of Marbles","Pear","Cursed Key","Membership Card","Vajra","Red Mask","Girya","Dream Catcher","Centennial Puzzle","Ancient Tea Set"],"potions_floor_usage":[13,16,25,33,47,50],"damage_taken":[{"damage":0,"enemies":"2 Louse","floor":1,"turns":3},{"damage":0,"enemies":"Small Slimes","floor":5,"turns":2},{"damage":15,"enemies":"Gremlin Nob","floor":7,"turns":4},{"damage":27,"enemies":"3 Sentries","floor":10,"turns":6},{"damage":0,"enemies":"The Mushroom Lair","floor":13,"turns":4},{"damage":3,"enemies":"Jaw Worm","floor":14,"turns":3},{"damage":15,"enemies":"Slime Boss","floor":16,"turns":7},{"damage":8,"enemies":"Chosen","floor":18,"turns":3},{"damage":14,"enemies":"Colosseum Slavers","floor":19,"turns":4},{"damage":1,"enemies":"Colosseum Nobs","floor":19,"turns":5},{"damage":12,"enemies":"Spheric Guardian","floor":21,"turns":4},{"damage":8,"enemies":"Centurion and Healer","floor":22,"turns":6},{"damage":16,"enemies":"Gremlin Leader","floor":25,"turns":4},{"damage":14,"enemies":"Snake Plant","floor":28,"turns":3},{"damage":0,"enemies":"Slavers","floor":29,"turns":4},{"damage":0,"enemies":"Snecko","floor":30,"turns":4},{"damage":3,"enemies":"Champ","floor":33,"turns":6},{"damage":9,"enemies":"3 Darklings","floor":35,"turns":3},{"damage":0,"enemies":"3 Shapes","floor":36,"turns":3},{"damage":0,"enemies":"Giant Head","floor":41,"turns":7},{"damage":1,"enemies":"3 Darklings","floor":42,"turns":3},{"damage":0,"enemies":"4 Shapes","floor":45,"turns":3},{"damage":3,"enemies":"Spire Growth","floor":46,"turns":4},{"damage":20,"enemies":"Nemesis","floor":47,"turns":3},{"damage":5,"enemies":"Maw","floor":48,"turns":4},{"damage":10,"enemies":"Time Eater","floor":50,"turns":6}],"seed_played":"6256020673087140091","potions_obtained":[{"floor":10,"key":"Block Potion"},{"floor":14,"key":"Fire Potion"},{"floor":16,"key":"Swift Potion"},{"floor":19,"key":"Explosive Potion"},{"floor":22,"key":"SkillPotion"},{"floor":28,"key":"GamblersBrew"},{"floor":29,"key":"FearPotion"},{"floor":36,"key":"Regen Potion"},{"floor":47,"key":"SpeedPotion"}],"is_trial":false,"path_per_floor":["M","?","?","?","M","R","E","R","T","E","$","R","?","M","R","B",null,"M","?","?","M","M","R","$","E","T","R","M","E","M","?","R","B",null,"M","M","$","?","?","R","E","M","T","R","M","M","E","M","R","B",null],"character_chosen":"IRONCLAD","items_purchased":["ClockworkSouvenir","Thread and Needle","Membership Card","Vajra"],"campfire_rested":1,"item_purchase_floors":[11,24,37,37],"current_hp_per_floor":[78,75,59,59,65,65,56,56,56,35,35,57,63,66,66,57,70,68,65,65,59,57,57,57,47,47,47,39,45,51,61,61,64,79,76,85,85,85,85,85,90,90,90,90,93,93,84,85,85,81],"gold":181,"neow_bonus":"UPGRADE_CARD","is_prod":false,"is_daily":false,"chose_seed":true,"campfire_upgraded":8,"win_rate":0,"timestamp":1551866443,"path_taken":["M","?","?","?","?","R","E","R","T","E","$","R","?","M","R","BOSS","M","?","?","M","?","R","$","E","T","R","M","E","M","?","R","BOSS","M","M","$","?","?","R","E","M","T","R","?","M","E","M","R","BOSS"],"build_version":"2019-01-23","purchased_purges":1,"victory":true,"max_hp_per_floor":[80,80,80,74,74,74,74,74,74,74,74,74,74,74,74,74,74,74,74,74,74,74,74,74,74,74,74,74,74,74,84,84,84,84,84,87,87,87,87,87,90,90,90,90,93,93,93,93,93,93],"card_choices":[{"not_picked":["Sword Boomerang","Thunderclap"],"picked":"Pommel Strike","floor":1},{"not_picked":["Rage","Warcry"],"picked":"Clothesline","floor":5},{"not_picked":["Iron Wave","Rupture"],"picked":"Juggernaut","floor":7},{"not_picked":["Twin Strike","Perfected Strike"],"picked":"Whirlwind","floor":10},{"not_picked":["Clothesline","Whirlwind"],"picked":"Metallicize","floor":13},{"not_picked":["Warcry","Wild Strike"],"picked":"Ghostly Armor","floor":14},{"not_picked":["Immolate","Exhume"],"picked":"Impervious","floor":16},{"not_picked":["Twin Strike","Pommel Strike"],"picked":"Iron Wave+1","floor":18},{"not_picked":["Sword Boomerang+1","Clothesline+1"],"picked":"Feed","floor":21},{"not_picked":["Twin Strike","Headbutt"],"picked":"Spot Weakness+1","floor":22},{"not_picked":["Headbutt","Havoc"],"picked":"Clothesline","floor":25},{"not_picked":["True Grit","Sentinel","Thunderclap"],"picked":"SKIP","floor":28},{"not_picked":["Havoc","Rupture"],"picked":"Headbutt+1","floor":29},{"not_picked":["Warcry","Searing Blow+1"],"picked":"Body Slam+1","floor":30},{"not_picked":["Reaper","Brutality"],"picked":"Juggernaut","floor":33},{"not_picked":["Intimidate","Havoc","Combust+1"],"picked":"SKIP","floor":35},{"not_picked":["Burning Pact","Hemokinesis","Havoc+1"],"picked":"SKIP","floor":36},{"not_picked":["Anger+1","Dual Wield"],"picked":"Flame Barrier+1","floor":41},{"not_picked":["Sever Soul","Clash+1"],"picked":"Entrench+1","floor":42},{"not_picked":["Pommel Strike","Clash+1"],"picked":"Metallicize","floor":45},{"not_picked":["Rupture+1","Whirlwind"],"picked":"Clothesline+1","floor":46},{"not_picked":["Havoc+1","Thunderclap+1","Feed"],"picked":"SKIP","floor":47},{"not_picked":["Second Wind+1","Twin Strike+1","Wild Strike+1"],"picked":"SKIP","floor":48}],"player_experience":233229,"relics_obtained":[{"floor":7,"key":"Red Skull"},{"floor":9,"key":"Pen Nib"},{"floor":10,"key":"Oddly Smooth Stone"},{"floor":13,"key":"Odd Mushroom"},{"floor":19,"key":"Incense Burner"},{"floor":19,"key":"Bottled Tornado"},{"floor":25,"key":"Self Forming Clay"},{"floor":26,"key":"Matryoshka"},{"floor":29,"key":"Bag of Marbles"},{"floor":41,"key":"Girya"},{"floor":43,"key":"Dream Catcher"},{"floor":43,"key":"Centennial Puzzle"},{"floor":47,"key":"Ancient Tea Set"}],"event_choices":[{"damage_healed":0,"gold_gain":0,"player_choice":"Success","damage_taken":3,"relics_obtained":["Nunchaku"],"max_hp_gain":0,"max_hp_loss":0,"event_name":"Scrap Ooze","floor":2,"gold_loss":0},{"damage_healed":0,"gold_gain":0,"player_choice":"Entered Light","damage_taken":16,"max_hp_gain":0,"max_hp_loss":0,"event_name":"Shining Light","floor":3,"gold_loss":0,"cards_upgraded":["Strike_R","Defend_R"]},{"damage_healed":0,"gold_gain":0,"player_choice":"Lose Max HP","damage_taken":0,"relics_obtained":["Golden Idol"],"max_hp_gain":0,"max_hp_loss":6,"event_name":"Golden Idol","floor":4,"gold_loss":0},{"damage_healed":0,"gold_gain":0,"player_choice":"Fought Mushrooms","damage_taken":0,"max_hp_gain":0,"max_hp_loss":0,"event_name":"Mushrooms","floor":13,"gold_loss":0},{"damage_healed":0,"gold_gain":0,"player_choice":"Fight","damage_taken":0,"max_hp_gain":0,"max_hp_loss":0,"event_name":"Colosseum","floor":19,"gold_loss":0},{"damage_healed":0,"gold_gain":0,"player_choice":"Fought Nobs","damage_taken":0,"max_hp_gain":0,"max_hp_loss":0,"event_name":"Colosseum","floor":19,"gold_loss":0},{"damage_healed":0,"gold_gain":0,"player_choice":"Copied","damage_taken":0,"max_hp_gain":0,"max_hp_loss":0,"event_name":"Duplicator","floor":20,"gold_loss":0,"cards_obtained":["Juggernaut"]},{"damage_healed":0,"gold_gain":0,"player_choice":"Opened","damage_taken":0,"relics_obtained":["Pear"],"max_hp_gain":0,"max_hp_loss":0,"event_name":"The Mausoleum","floor":31,"gold_loss":0,"cards_obtained":["Writhe"]},{"cards_removed":["Whirlwind"],"damage_healed":0,"gold_gain":0,"player_choice":"Removed Attack","damage_taken":0,"max_hp_gain":0,"max_hp_loss":0,"event_name":"Falling","floor":38,"gold_loss":0},{"damage_healed":0,"gold_gain":0,"player_choice":"Paid","damage_taken":0,"relics_obtained":["Red Mask"],"max_hp_gain":0,"max_hp_loss":0,"event_name":"Tomb of Lord Red Mask","floor":39,"gold_loss":21}],"is_beta":false,"boss_relics":[{"not_picked":["Pandora\u0027s Box","Tiny House"],"picked":"Snecko Eye"},{"not_picked":["Lizard Tail","White Beast Statue"],"picked":"Cursed Key"}],"items_purged_floors":[24],"is_endless":false,"potions_floor_spawned":[10,14,16,19,22,28,29,36,47],"ascension_level":10}