{"gold_per_floor":[119,119,25,44,58,58,86,86,113,141,8,34,34,53,53,127,127,106,76,1,1,1,1,19,44,44,59,59,73,73,33,33,110,110,125,125,137,60,60,60,60,60,113,113,128,128,29,29,29,29],"floor_reached":50,"playtime":1741,"items_purged":["Strike_G"],"score":944,"play_id":"20829cc2-13e7-4c4f-81f1-0db2f18b89b6","local_time":"20190131054702","is_ascension_mode":true,"campfire_choices":[{"data":"Deadly Poison","floor":6.0,"key":"SMITH"},{"data":"Noxious Fumes","floor":13.0,"key":"SMITH"},{"data":"Infinite Blades","floor":15.0,"key":"SMITH"},{"floor":23.0,"key":"REST"},{"floor":28.0,"key":"REST"},{"floor":30.0,"key":"REST"},{"data":"Burst","floor":32.0,"key":"SMITH"},{"floor":40.0,"key":"REST"},{"floor":42.0,"key":"REST"},{"floor":44.0,"key":"REST"},{"floor":46,"key":"REST"},{"floor":49,"key":"RECALL"}],"neow_cost":"NONE","seed_source_timestamp":304016852866766,"circlet_count":0,"master_deck":["AscendersBane","Defend_G+1","Defend_G+1","Defend_G+1","Defend_G+1","Strike_G+1","Strike_G+1","Strike_G+1","Survivor+1","Neutralize+1","Well Laid Plans+1","Flash of Steel+1","Deflect+1","Deadly Poison+1","Leg Sweep+1","Infinite Blades+1","Noxious Fumes+1","Backflip+1","Crippling Poison+1","Well Laid Plans+1","Burst+1","Tactician+1","Catalyst+1","Backstab+1","Envenom+1","Blade Dance+1","Escape Plan+1","Corpse Explosion+1","Master of Strategy+1","Chrysalis+1","Accuracy+1","Madness+1","Madness+1","Blade Dance+1","Prepared+1","Backstab+1"],"special_seed":0,"relics":["Ring of the Serpent","NeowsBlessing","Blood Vial","PreservedInsect","Mummified Hand","Ornamental Fan","Unceasing Top","Enchiridion","Frozen Egg 2","Happy Flower","Fusion Hammer","War Paint","Mark of the Bloom"],"potions_floor_usage":[],"damage_taken":[{"damage":0.0,"enemies":"Small Slimes","floor":1.0,"turns":1.0},{"damage":0.0,"enemies":"Cultist","floor":4.0,"turns":1.0},{"damage":0.0,"enemies":"Jaw Worm","floor":5.0,"turns":1.0},{"damage":17.0,"enemies":"3 Sentries","floor":7.0,"turns":11.0},{"damage":13.0,"enemies":"Lagavulin","floor":10.0,"turns":5.0},{"damage":1.0,"enemies":"3 Sentries","floor":12.0,"turns":6.0},{"damage":1.0,"enemies":"Blue Slaver","floor":14.0,"turns":4.0},{"damage":19.0,"enemies":"Slime Boss","floor":16.0,"turns":13.0},{"damage":8.0,"enemies":"2 Thieves","floor":18.0,"turns":4.0},{"damage":7.0,"enemies":"3 Byrds","floor":24.0,"turns":4.0},{"damage":33.0,"enemies":"Slavers","floor":25.0,"turns":4.0},{"damage":6.0,"enemies":"Snecko","floor":27.0,"turns":8.0},{"damage":0.0,"enemies":"Centurion and Healer","floor":29.0,"turns":5.0},{"damage":20.0,"enemies":"Collector","floor":33.0,"turns":6.0},{"damage":2.0,"enemies":"Orb Walker","floor":35.0,"turns":3.0},{"damage":18.0,"enemies":"3 Darklings","floor":37.0,"turns":3.0},{"damage":0,"enemies":"Transient","floor":45,"turns":6},{"damage":73,"enemies":"Time Eater","floor":50,"turns":6}],"seed_played":"-3868200538834519180","potions_obtained":[{"floor":4.0,"key":"Strength Potion"},{"floor":5.0,"key":"Strength Potion"},{"floor":12.0,"key":"Swift Potion"},{"floor":19.0,"key":"Ancient Potion"},{"floor":19.0,"key":"Poison Potion"},{"floor":25.0,"key":"SteroidPotion"},{"floor":27.0,"key":"SpeedPotion"}],"is_trial":false,"path_per_floor":["M","?","$","M","M","R","E","?","T","E","$","E","R","M","R","B",null,"M","?","$","T","?","R","M","E","T","M","R","M","R","$","R","B",null,"M","?","M","$","?","R","?","R","T","R","M","R","$","?","R","B"],"character_chosen":"THE_SILENT","items_purchased":["Flash of Steel","Noxious Fumes","Backflip","Escape Plan","Accuracy+1","Prepared","Backstab"],"campfire_rested":7,"item_purchase_floors":[3,11,11,31,38,47,47],"current_hp_per_floor":[59,59,59,59,59,59,42,35,35,24,24,25,25,26,26,9,52,46,46,46,46,25,44,39,8,8,4,23,25,44,44,44,26,56,56,51,35,35,35,54,42,61,61,66,66,66,66,66,66,0],"gold":29,"neow_bonus":"THREE_ENEMY_KILL","is_prod":false,"is_daily":false,"chose_seed":false,"campfire_upgraded":4,"win_rate":0,"timestamp":1548942422,"path_taken":["M","?","?","M","?","R","E","?","T","E","$","E","R","M","R","BOSS","M","?","$","?","?","R","M","E","T","M","R","M","R","$","R","BOSS","M","?","M","$","?","R","?","R","T","R","M","R","$","?","R","BOSS"],"build_version":"2019-01-23","purchased_purges":1,"victory":false,"max_hp_per_floor":[66,66,66,66,66,66,66,66,66,66,66,66,66,66,66,66,66,66,66,66,66,66,66,66,66,66,66,66,66,66,66,66,66,66,66,66,66,66,66,66,66,66,66,66,66,66,66,66,66,66],"card_choices":[{"not_picked":["Backflip","Blade Dance"],"picked":"Well Laid Plans","floor":1.0},{"not_picked":["Slice","Prepared"],"picked":"Deflect","floor":4.0},{"not_picked":["Backflip","Tactician"],"picked":"Deadly Poison","floor":5.0},{"not_picked":["Endless Agony","Tactician"],"picked":"Leg Sweep","floor":7.0},{"not_picked":["Heel Hook","Riddle With Holes"],"picked":"Infinite Blades","floor":10.0},{"not_picked":["Slice","Skewer"],"picked":"Crippling Poison","floor":12.0},{"not_picked":["Caltrops","Expertise"],"picked":"Well Laid Plans","floor":14.0},{"not_picked":["Phantasmal Killer","Doppelganger"],"picked":"Burst","floor":16.0},{"not_picked":["Cloak And Dagger","Outmaneuver"],"picked":"Tactician","floor":18.0},{"not_picked":["Underhanded Strike+1","PiercingWail"],"picked":"Catalyst","floor":24.0},{"not_picked":["Dagger Throw","Quick Slash"],"picked":"Backstab","floor":25.0},{"not_picked":["Noxious Fumes+1","Deadly Poison"],"picked":"Envenom+1","floor":27.0},{"not_picked":["Backflip","Underhanded Strike"],"picked":"Blade Dance","floor":29.0},{"not_picked":["Night Terror","Adrenaline"],"picked":"Corpse Explosion","floor":33.0},{"not_picked":["PiercingWail","Backflip","Sucker Punch"],"picked":"SKIP","floor":35.0},{"not_picked":["HandOfGreed","Mind Blast"],"picked":"Master of Strategy","floor":36.0},{"not_picked":["Madness","Secret Weapon"],"picked":"Chrysalis","floor":36.0},{"not_picked":["Acrobatics","Expertise+1","Underhanded Strike+1"],"picked":"SKIP","floor":37.0},{"not_picked":["Escape Plan","Acrobatics"],"picked":"Blade Dance+1","floor":45}],"player_experience":1092658,"relics_obtained":[{"floor":7.0,"key":"Blood Vial"},{"floor":9.0,"key":"PreservedInsect"},{"floor":10.0,"key":"Mummified Hand"},{"floor":12.0,"key":"Ornamental Fan"},{"floor":21.0,"key":"Unceasing Top"},{"floor":22.0,"key":"Enchiridion"},{"floor":25.0,"key":"Frozen Egg 2"},{"floor":26.0,"key":"Happy Flower"},{"floor":43.0,"key":"War Paint"}],"event_choices":[{"damage_healed":0.0,"max_hp_gain":0.0,"max_hp_loss":0.0,"gold_gain":0.0,"event_name":"Upgrade Shrine","player_choice":"Upgraded","floor":2.0,"gold_loss":0.0,"damage_taken":0.0,"cards_upgraded":["Well Laid Plans"]},{"cards_removed":["Defend_G"],"damage_healed":0.0,"max_hp_gain":0.0,"max_hp_loss":0.0,"gold_gain":0.0,"event_name":"Golden Wing","player_choice":"Card Removal","floor":8.0,"gold_loss":0.0,"damage_taken":7.0},{"damage_healed":0.0,"max_hp_gain":0.0,"max_hp_loss":0.0,"gold_gain":0.0,"event_name":"The Woman in Blue","player_choice":"Bought 2 Potions","floor":19.0,"gold_loss":0.0,"damage_taken":0.0},{"damage_healed":0.0,"max_hp_gain":0.0,"max_hp_loss":0.0,"gold_gain":0.0,"event_name":"Cursed Tome","player_choice":"Obtained Book","floor":22.0,"gold_loss":0.0,"damage_taken":21.0},{"damage_healed":0.0,"max_hp_gain":0.0,"max_hp_loss":0.0,"gold_gain":0.0,"event_name":"SensoryStone","player_choice":"Memory 2","floor":36.0,"gold_loss":0.0,"damage_taken":5.0},{"cards_removed":["Strike_G"],"damage_healed":0.0,"max_hp_gain":0.0,"max_hp_loss":0.0,"gold_gain":0.0,"event_name":"Falling","player_choice":"Removed Attack","floor":39.0,"gold_loss":0.0,"damage_taken":0.0},{"damage_healed":0.0,"max_hp_gain":0.0,"max_hp_loss":0.0,"gold_gain":0.0,"event_name":"Winding Halls","player_choice":"Embrace Madness","floor":41.0,"gold_loss":0.0,"damage_taken":12.0,"cards_obtained":["Madness","Madness"]},{"damage_healed":0,"gold_gain":0,"player_choice":"Upgrade","damage_taken":0,"relics_obtained":["Mark of the Bloom"],"max_hp_gain":0,"max_hp_loss":0,"event_name":"MindBloom","floor":48,"gold_loss":0,"cards_upgraded":["Defend_G","Defend_G","Defend_G","Strike_G","Strike_G","Strike_G","Survivor","Neutralize","Flash of Steel","Deflect","Leg Sweep","Backflip","Crippling Poison","Well Laid Plans","Tactician","Catalyst","Backstab","Blade Dance","Corpse Explosion","Master of Strategy","Chrysalis","Madness","Madness","Prepared","Backstab"]}],"is_beta":false,"boss_relics":[{"not_picked":["Runic Pyramid","Calling Bell"],"picked":"Ring of the Serpent"},{"not_picked":["White Beast Statue","Sozu"],"picked":"Fusion Hammer"}],"items_purged_floors":[20],"is_endless":false,"potions_floor_spawned":[4,5,7,12,25,27,37,45],"killed_by":"Time Eater","ascension_level":17}