{"path_per_floor":["M","?","?","M","?","E","?","E","T","M","E","M","R","M","R","B",null,"M","$","?","$","M","E","R"],"character_chosen":"THE_SILENT","items_purchased":["Gambling Chip","Well Laid Plans"],"gold_per_floor":[115,115,115,135,135,164,164,196,196,214,248,262,262,281,281,384,384,404,3,3,3,21,55,55],"floor_reached":25,"campfire_rested":2,"playtime":1450,"current_hp_per_floor":[70,70,70,69,55,26,26,19,19,20,13,8,29,16,37,33,70,59,59,43,43,33,21,21],"items_purged":["Writhe"],"gold":55,"score":287,"play_id":"be0d4bca-3bd6-47b3-809a-511821ac4019","is_prod":false,"is_daily":false,"is_ascension_mode":true,"campfire_upgraded":0,"path_taken":["M","?","?","?","?","E","?","E","T","M","E","?","R","M","R","BOSS","M","$","?","?","M","E","R","M"],"build_version":"2018-02-12-PROD1","purchased_purges":1,"victory":false,"master_deck":["Defend_G","Defend_G","Defend_G","Defend_G+1","Defend_G+1","Strike_G","Strike_G","Strike_G","Strike_G","Survivor","Neutralize","Dagger Throw","Tools of the Trade","Noxious Fumes","Poisoned Stab","Acrobatics","Slice","Underhanded Strike","Underhanded Strike","Sucker Punch","Adrenaline","Parasite","Parasite","Noxious Fumes","Well Laid Plans","Necronomicurse","Quick Slash+1","Night Terror"],"max_hp_per_floor":[70,70,70,70,70,70,70,70,70,70,70,70,70,70,70,70,70,70,70,70,70,70,70,70],"relics":["Ring of the Snake","Ice Cream","Blood Vial","Torii","Shovel","Calling Bell","Juzu Bracelet","Centennial Puzzle","Happy Flower","Gambling Chip","Necronomicon","Thread and Needle","Lantern"],"card_choices":[{"not_picked":["Terror","Deadly Poison"],"picked":"Dagger Throw"},{"not_picked":["Bane","Poisoned Stab"],"picked":"Noxious Fumes"},{"not_picked":["Burst","Heel Hook"],"picked":"Poisoned Stab"},{"not_picked":["Bane","PiercingWail"],"picked":"Acrobatics"},{"not_picked":["PiercingWail","Expertise"],"picked":"Slice"},{"not_picked":["Deflect","Distraction"],"picked":"Underhanded Strike"},{"not_picked":["Predator","Terror"],"picked":"Underhanded Strike"},{"not_picked":["Dagger Throw","Terror"],"picked":"Sucker Punch"},{"not_picked":["Doppelganger","Phantasmal Killer"],"picked":"Adrenaline"},{"not_picked":["Cloak And Dagger","Well Laid Plans"],"picked":"Noxious Fumes"},{"not_picked":["Catalyst","Masterful Stab"],"picked":"Quick Slash"},{"not_picked":["Acrobatics","Quick Slash"],"picked":"Night Terror"}],"player_experience":117111,"potions_floor_usage":[8,12,16,16,18,23,25],"damage_taken":[{"damage":0,"enemies":"Cultist","floor":1,"turns":4},{"damage":1,"enemies":"Blue Slaver","floor":4,"turns":5},{"damage":29,"enemies":"Gremlin Nob","floor":6,"turns":5},{"damage":7,"enemies":"Lagavulin","floor":8,"turns":6},{"damage":1,"enemies":"Jaw Worm","floor":10,"turns":4},{"damage":9,"enemies":"3 Sentries","floor":11,"turns":7},{"damage":7,"enemies":"Large Slime","floor":12,"turns":7},{"damage":15,"enemies":"3 Louse","floor":14,"turns":3},{"damage":33,"enemies":"The Guardian","floor":16,"turns":11},{"damage":11,"enemies":"Shell Parasite","floor":18,"turns":5},{"damage":12,"enemies":"2 Thieves","floor":22,"turns":4},{"damage":14,"enemies":"Gremlin Leader","floor":23,"turns":7},{"damage":25,"enemies":"Sentry and Sphere","floor":25,"turns":7}],"event_choices":[{"event_name":"Wheel of Change","player_choice":"Full Heal","floor":2,"damage_taken":0},{"event_name":"Living Wall","player_choice":"Change","floor":3,"damage_taken":0},{"event_name":"Shining Light","player_choice":"Entered Light","floor":5,"damage_taken":0},{"event_name":"Golden Wing","player_choice":"Ignored","floor":7,"damage_taken":0},{"event_name":"Cursed Tome","player_choice":"Obtained Book","floor":20,"damage_taken":0}],"boss_relics":[{"not_picked":["The Specimen","Lizard Tail"],"picked":"Calling Bell"}],"potions_floor_spawned":[1,11,12,14,16,22,23],"seed_played":"-1399435778292117513","killed_by":"Sentry and Sphere","ascension_level":4,"is_trial":false}