{"gold_per_floor":[113,130,130,140,240,272,292,302,302,331,331,331,360,30,30,126,126,140,157,167,167,197,197,215,215,266,19,19,54,54,70,70,167,167,179,179,179,199,218,251,251,280,304,304,322,339,339,2,2,2],"floor_reached":50,"playtime":4725,"items_purged":["Strike_R"],"score":929,"play_id":"4016f6be-c6b3-456f-8dae-87cdfffea314","local_time":"20190309152940","is_ascension_mode":true,"campfire_choices":[{"data":"Uppercut","floor":12,"key":"SMITH"},{"floor":15,"key":"REST"},{"floor":23,"key":"REST"},{"data":"Perfected Strike","floor":25,"key":"SMITH"},{"data":"Ghostly","floor":30,"key":"SMITH"},{"data":"Ghostly","floor":32,"key":"SMITH"},{"floor":41,"key":"REST"},{"data":"Berserk","floor":44,"key":"SMITH"},{"data":"Disarm","floor":47,"key":"SMITH"},{"data":"Ghostly","floor":49,"key":"SMITH"}],"neow_cost":"NONE","seed_source_timestamp":433664217319713,"circlet_count":0,"master_deck":["AscendersBane","Strike_R","Strike_R","Strike_R","Strike_R","Defend_R","Bash","Uppercut+1","Headbutt","Rampage","Feed","Perfected Strike+1","Inflame","Double Tap","Flame Barrier","Feed","Offering+1","Thunderclap+1","Armaments+1","Iron Wave+1","Pommel Strike","Rampage+1","Twin Strike+1","Armaments+1","Shrug It Off","Ghostly+1","Ghostly","Ghostly+1","Ghostly+1","Ghostly","Immolate","Berserk+1","Whirlwind+1","Disarm+1","Pommel Strike","Perfected Strike+1","Twin Strike"],"relics":["Burning Blood","Blood Vial","Boot","Bronze Scales","Happy Flower","Blue Candle","Pantograph","Astrolabe","Red Mask","Ancient Tea Set","DollysMirror","Omamori","Sozu","Smiling Mask","Bottled Tornado","Frozen Egg 2","Anchor","FossilizedHelix"],"potions_floor_usage":[10,10,18,21,22,24,33,40],"damage_taken":[{"damage":8,"enemies":"Jaw Worm","floor":1,"turns":5},{"damage":6,"enemies":"Small Slimes","floor":2,"turns":3},{"damage":1,"enemies":"Cultist","floor":4,"turns":3},{"damage":28,"enemies":"Gremlin Nob","floor":6,"turns":4},{"damage":0,"enemies":"3 Louse","floor":7,"turns":3},{"damage":13,"enemies":"Large Slime","floor":8,"turns":5},{"damage":30,"enemies":"3 Sentries","floor":10,"turns":7},{"damage":25,"enemies":"Lagavulin","floor":13,"turns":5},{"damage":43,"enemies":"Hexaghost","floor":16,"turns":7},{"damage":11,"enemies":"Shell Parasite","floor":18,"turns":2},{"damage":21,"enemies":"2 Thieves","floor":19,"turns":3},{"damage":29,"enemies":"Sentry and Sphere","floor":20,"turns":4},{"damage":0,"enemies":"Snake Plant","floor":21,"turns":1},{"damage":25,"enemies":"Masked Bandits","floor":22,"turns":4},{"damage":21,"enemies":"Centurion and Healer","floor":24,"turns":6},{"damage":19,"enemies":"Gremlin Leader","floor":29,"turns":10},{"damage":2,"enemies":"Shelled Parasite and Fungi","floor":31,"turns":5},{"damage":30,"enemies":"Automaton","floor":33,"turns":9},{"damage":6,"enemies":"3 Shapes","floor":35,"turns":2},{"damage":24,"enemies":"3 Darklings","floor":38,"turns":3},{"damage":8,"enemies":"Transient","floor":39,"turns":5},{"damage":23,"enemies":"Reptomancer","floor":40,"turns":5},{"damage":6,"enemies":"Nemesis","floor":42,"turns":7},{"damage":2,"enemies":"Maw","floor":45,"turns":7},{"damage":8,"enemies":"Jaw Worm Horde","floor":46,"turns":2},{"damage":54,"enemies":"Time Eater","floor":50,"turns":10}],"seed_played":"-3954643002806698285","potions_obtained":[{"floor":1,"key":"Block Potion"},{"floor":2,"key":"Poison Potion"},{"floor":13,"key":"SmokeBomb"},{"floor":16,"key":"Explosive Potion"},{"floor":18,"key":"SteroidPotion"},{"floor":22,"key":"BloodPotion"},{"floor":24,"key":"SneckoOil"},{"floor":29,"key":"Strength Potion"}],"is_trial":false,"path_per_floor":["M","M","?","M","?","E","M","M","T","E","?","R","E","$","R","B",null,"M","M","M","M","?","R","M","R","T","$","?","E","R","M","R","B",null,"M","?","T","M","M","E","R","E","T","R","M","M","R","$","R","B"],"character_chosen":"IRONCLAD","items_purchased":["Pantograph","Flame Barrier","DollysMirror","Shrug It Off","FossilizedHelix"],"campfire_rested":3,"item_purchase_floors":[14,14,27,27,48],"current_hp_per_floor":[72,74,74,80,80,58,66,64,64,45,45,45,28,28,53,43,75,72,59,41,49,32,58,57,57,57,57,46,33,33,39,39,22,40,46,46,46,30,30,15,30,32,32,32,38,41,41,41,41,0],"gold":2,"neow_bonus":"RANDOM_COMMON_RELIC","is_prod":false,"is_daily":false,"chose_seed":false,"campfire_upgraded":7,"win_rate":0,"timestamp":1552163380,"path_taken":["M","M","?","M","?","E","?","M","T","E","?","R","E","$","R","BOSS","M","M","M","M","?","R","M","R","T","$","?","E","R","M","R","BOSS","M","?","?","?","M","E","R","E","T","R","M","M","R","$","R","BOSS"],"build_version":"2019-01-23","purchased_purges":1,"victory":false,"max_hp_per_floor":[80,80,80,80,80,80,80,83,83,86,86,86,86,86,86,86,86,86,86,89,89,89,89,93,93,93,93,46,46,46,46,46,46,46,50,50,50,50,50,50,50,50,50,50,50,53,53,53,53,53],"card_choices":[{"not_picked":["Second Wind","Armaments"],"picked":"Uppercut","floor":1},{"not_picked":["Sword Boomerang","Armaments","Clash"],"picked":"SKIP","floor":2},{"not_picked":["Infernal Blade","True Grit"],"picked":"Headbutt","floor":4},{"not_picked":["True Grit","Anger"],"picked":"Rampage","floor":6},{"not_picked":["Clothesline","Body Slam"],"picked":"Feed","floor":7},{"not_picked":["Sword Boomerang","Havoc"],"picked":"Perfected Strike","floor":8},{"not_picked":["Hemokinesis","Flex"],"picked":"Inflame","floor":10},{"not_picked":["True Grit","Rampage"],"picked":"Double Tap","floor":13},{"not_picked":["Double Tap","Impervious"],"picked":"Feed","floor":16},{"not_picked":["Sword Boomerang+1","Seeing Red"],"picked":"Iron Wave+1","floor":18},{"not_picked":["Body Slam","Sword Boomerang"],"picked":"Pommel Strike","floor":19},{"not_picked":["Armaments","Body Slam","Clash"],"picked":"SKIP","floor":20},{"not_picked":["Perfected Strike","Havoc+1"],"picked":"Rampage+1","floor":22},{"not_picked":["Clash","Offering"],"picked":"Twin Strike+1","floor":24},{"not_picked":["Anger","Cleave+1"],"picked":"Immolate","floor":29},{"not_picked":["Clash","Havoc","Dual Wield+1"],"picked":"SKIP","floor":31},{"not_picked":["Limit Break","Double Tap"],"picked":"Berserk","floor":33},{"not_picked":["Combust+1","True Grit+1"],"picked":"Whirlwind+1","floor":35},{"not_picked":["Seeing Red+1","Warcry"],"picked":"Disarm","floor":38},{"not_picked":["Shrug It Off","Havoc+1"],"picked":"Pommel Strike","floor":39},{"not_picked":["Pummel","Flex","Havoc"],"picked":"SKIP","floor":40},{"not_picked":["Ghostly Armor+1","Blood for Blood+1"],"picked":"Perfected Strike+1","floor":42},{"not_picked":["Wild Strike","True Grit"],"picked":"Twin Strike","floor":45},{"not_picked":["Feed","Anger","Heavy Blade"],"picked":"SKIP","floor":46}],"player_experience":256092,"relics_obtained":[{"floor":6,"key":"Boot"},{"floor":9,"key":"Bronze Scales"},{"floor":10,"key":"Happy Flower"},{"floor":13,"key":"Blue Candle"},{"floor":22,"key":"Red Mask"},{"floor":26,"key":"Ancient Tea Set"},{"floor":29,"key":"Omamori"},{"floor":37,"key":"Smiling Mask"},{"floor":40,"key":"Bottled Tornado"},{"floor":42,"key":"Frozen Egg 2"},{"floor":43,"key":"Anchor"}],"event_choices":[{"damage_healed":0,"gold_gain":0,"player_choice":"Ignored","damage_taken":0,"max_hp_gain":0,"max_hp_loss":0,"event_name":"Liars Game","floor":3,"gold_loss":0},{"damage_healed":0,"gold_gain":100,"player_choice":"Pray","damage_taken":0,"max_hp_gain":0,"max_hp_loss":0,"event_name":"Golden Shrine","floor":5,"gold_loss":0},{"damage_healed":0,"gold_gain":0,"player_choice":"Searched \u00271\u0027 times","damage_taken":0,"max_hp_gain":0,"max_hp_loss":0,"event_name":"Dead Adventurer","floor":11,"gold_loss":0},{"damage_healed":0,"gold_gain":0,"player_choice":"Fought Bandits","damage_taken":0,"max_hp_gain":0,"max_hp_loss":0,"event_name":"Masked Bandits","floor":22,"gold_loss":0},{"damage_healed":0,"gold_gain":0,"player_choice":"Became a Ghost","damage_taken":0,"max_hp_gain":0,"max_hp_loss":47,"event_name":"Ghosts","floor":28,"gold_loss":0,"cards_obtained":["Ghostly","Ghostly","Ghostly","Ghostly","Ghostly"]},{"damage_healed":0,"gold_gain":0,"player_choice":"Memory 1","damage_taken":0,"max_hp_gain":0,"max_hp_loss":0,"event_name":"SensoryStone","floor":36,"gold_loss":0}],"is_beta":false,"boss_relics":[{"not_picked":["Black Blood","Tiny House"],"picked":"Astrolabe"},{"not_picked":["Orrery","Busted Crown"],"picked":"Sozu"}],"items_purged_floors":[48],"is_endless":false,"potions_floor_spawned":[1,2,13,16,18,19,22,24,29,31,35,42,45],"killed_by":"Time Eater","ascension_level":11}