{"path_per_floor":["M","?","M","?","M","E","?","R","T","E","R","$","M","?","R"],"character_chosen":"THE_SILENT","items_purchased":["Happy Flower","Dagger Spray"],"gold_per_floor":[114,79,97,97,116,157,110,110,186,217,217,8,32,111,111],"floor_reached":16,"campfire_rested":2,"playtime":516,"current_hp_per_floor":[28,45,41,41,37,11,11,30,30,35,35,35,40,20,39],"items_purged":[],"gold":111,"score":140,"play_id":"d4dd3bb5-4c12-46e8-9819-5ffb9a1b48d5","is_prod":false,"is_daily":false,"is_ascension_mode":true,"campfire_upgraded":0,"path_taken":["M","?","?","?","M","E","?","R","T","E","R","?","?","?","R","BOSS"],"build_version":"2018-02-22-PROD2","purchased_purges":0,"victory":false,"master_deck":["Defend_G","Defend_G","Defend_G","Defend_G","Defend_G","Strike_G","Strike_G","Strike_G","Strike_G","Strike_G","Survivor","Neutralize","Poisoned Stab","Sucker Punch","Deflect","Envenom","Slice","Cloak And Dagger","Dagger Spray","A Thousand Cuts","Deflect"],"max_hp_per_floor":[70,70,70,65,65,65,65,65,65,65,65,65,65,65,65],"relics":["Ring of the Snake","Girya","Golden Idol","Prayer Wheel","Meat on the Bone","Pen Nib","Happy Flower","Tough Bandages"],"card_choices":[{"not_picked":["Bane","Deadly Poison"],"picked":"Poisoned Stab"},{"not_picked":["Bane","Underhanded Strike"],"picked":"Sucker Punch"},{"not_picked":["Flying Knee","Footwork"],"picked":"Deflect"},{"not_picked":["Dagger Throw","Crippling Poison"],"picked":"Envenom"},{"not_picked":["Outmaneuver","Underhanded Strike"],"picked":"Slice"},{"not_picked":["Well Laid Plans","Blade Dance"],"picked":"Cloak And Dagger"},{"not_picked":["Dodge and Roll","Prepared"],"picked":"A Thousand Cuts"},{"not_picked":["Blur","Underhanded Strike"],"picked":"Deflect"}],"player_experience":207106,"potions_floor_usage":[6,6,10],"damage_taken":[{"damage":0,"enemies":"Jaw Worm","floor":1,"turns":5},{"damage":4,"enemies":"2 Louse","floor":3,"turns":2},{"damage":4,"enemies":"Cultist","floor":5,"turns":4},{"damage":41,"enemies":"Lagavulin","floor":6,"turns":11},{"damage":7,"enemies":"3 Sentries","floor":10,"turns":10},{"damage":7,"enemies":"Exordium Wildlife","floor":13,"turns":4},{"damage":32,"enemies":"Lagavulin Event","floor":14,"turns":6},{"damage":40,"enemies":"Hexaghost","floor":16,"turns":9}],"event_choices":[{"event_name":"The Cleric","player_choice":"Healed","floor":2,"damage_taken":0},{"event_name":"Golden Idol","player_choice":"Lose Max HP","floor":4,"damage_taken":0},{"event_name":"World of Goop","player_choice":"Left","floor":7,"damage_taken":0},{"event_name":"Dead Adventurer","player_choice":"Searched \u00271\u0027 times","floor":14,"damage_taken":0}],"boss_relics":[],"potions_floor_spawned":[3,5,6],"seed_played":"-7236001978133751967","killed_by":"Hexaghost","ascension_level":6,"is_trial":false}