{"gold_per_floor":[118,31,31,0,14,14,44,56,80,105,20,20,20,32,32,107,107,126,175,175,175,20,20,32,32],"floor_reached":25,"playtime":807,"items_purged":[],"score":387,"play_id":"f56980f7-1ead-4ca1-b247-3dec8704a67d","local_time":"20181024190055","is_ascension_mode":true,"campfire_choices":[{"data":"Rampage","floor":6,"key":"SMITH"},{"data":"Defend_R","floor":12,"key":"PURGE"},{"floor":15,"key":"REST"}],"neow_cost":"NONE","seed_source_timestamp":1213155810277553,"circlet_count":0,"master_deck":["Defend_R","Defend_R+1","Defend_R","Bash+1","AscendersBane","Pommel Strike+1","Rampage+1","Flex","Bloodletting","Dropkick","Wild Strike","Cleave","Flame Barrier","Shrug It Off","Metallicize","Barricade","Bite","Bite","Bite","Bite","Bite","Sword Boomerang"],"relics":["Burning Blood","Pen Nib","Whetstone","Strawberry","Peace Pipe","Kunai","Cursed Key","Omamori","CultistMask"],"potions_floor_usage":[10,10],"damage_taken":[{"damage":4,"enemies":"Small Slimes","floor":1,"turns":4},{"damage":0,"enemies":"Jaw Worm","floor":5,"turns":3},{"damage":24,"enemies":"Gremlin Nob","floor":7,"turns":4},{"damage":0,"enemies":"2 Louse","floor":8,"turns":3},{"damage":24,"enemies":"3 Sentries","floor":10,"turns":8},{"damage":10,"enemies":"Exordium Wildlife","floor":14,"turns":3},{"damage":35,"enemies":"The Guardian","floor":16,"turns":11},{"damage":37,"enemies":"2 Thieves","floor":18,"turns":4},{"damage":6,"enemies":"Chosen","floor":24,"turns":4},{"damage":55,"enemies":"Book of Stabbing","floor":25,"turns":4}],"seed_played":"5190659573310653057","potions_obtained":[{"floor":5,"key":"FearPotion"},{"floor":7,"key":"SpeedPotion"}],"is_trial":false,"path_per_floor":["M","$","?","?","M","R","E","M","T","E","$","R","?","M","R","B",null,"M","T","?","?","$","?","M"],"character_chosen":"IRONCLAD","items_purchased":["Rampage","Flex","Flame Barrier","Shrug It Off","Omamori"],"campfire_rested":1,"item_purchase_floors":[2,2,11,11,22],"current_hp_per_floor":[70,70,47,47,53,53,35,41,48,30,30,30,19,15,39,10,64,33,33,33,33,33,33,43,0],"gold":32,"neow_bonus":"RANDOM_COMMON_RELIC","is_prod":false,"is_daily":false,"chose_seed":false,"campfire_upgraded":1,"win_rate":0,"timestamp":1540432855,"path_taken":["M","$","?","?","M","R","E","M","T","E","?","R","?","?","R","BOSS","M","?","?","?","$","?","M","E"],"build_version":"2018-10-18","purchased_purges":0,"victory":false,"max_hp_per_floor":[75,75,75,75,75,75,75,75,82,82,82,82,82,82,82,82,82,82,82,82,82,82,82,82,82],"card_choices":[{"not_picked":["Twin Strike","Spot Weakness"],"picked":"Pommel Strike","floor":1},{"not_picked":["Anger","Body Slam"],"picked":"Bloodletting","floor":5},{"not_picked":["Anger","Twin Strike"],"picked":"Dropkick","floor":7},{"not_picked":["Warcry","Second Wind"],"picked":"Wild Strike","floor":8},{"not_picked":["Power Through","Wild Strike"],"picked":"Cleave","floor":10},{"not_picked":["Bloodletting","Power Through"],"picked":"Metallicize","floor":14},{"not_picked":["Exhume","Dark Embrace"],"picked":"Barricade","floor":16},{"not_picked":["Armaments","Sentinel","Entrench"],"picked":"SKIP","floor":18},{"not_picked":["Anger","True Grit"],"picked":"Sword Boomerang","floor":24}],"player_experience":641429,"relics_obtained":[{"floor":7,"key":"Whetstone"},{"floor":9,"key":"Strawberry"},{"floor":10,"key":"Peace Pipe"},{"floor":19,"key":"Blood Vial"}],"event_choices":[{"damage_healed":0,"gold_gain":0,"player_choice":"Entered Light","damage_taken":23,"max_hp_gain":0,"max_hp_loss":0,"event_name":"Shining Light","floor":3,"gold_loss":0,"cards_upgraded":["Defend_R","Bash"]},{"damage_healed":0,"gold_gain":0,"player_choice":"Left Gold","damage_taken":0,"max_hp_gain":0,"max_hp_loss":0,"event_name":"World of Goop","floor":4,"gold_loss":31},{"damage_healed":0,"gold_gain":0,"player_choice":"Success","damage_taken":11,"relics_obtained":["Kunai"],"max_hp_gain":0,"max_hp_loss":0,"event_name":"Scrap Ooze","floor":13,"gold_loss":0},{"damage_healed":0,"gold_gain":0,"player_choice":"Became a vampire (Vial)","damage_taken":0,"max_hp_gain":0,"max_hp_loss":0,"event_name":"Vampires","floor":20,"relics_lost":["Blood Vial"],"gold_loss":0,"cards_obtained":["Bite","Bite","Bite","Bite","Bite"]},{"cards_removed":["Normality"],"damage_healed":0,"gold_gain":0,"player_choice":"Elegance","damage_taken":0,"max_hp_gain":0,"max_hp_loss":0,"event_name":"Back to Basics","floor":21,"gold_loss":0},{"damage_healed":0,"gold_gain":0,"player_choice":"Trade","damage_taken":0,"relics_obtained":["CultistMask"],"max_hp_gain":0,"max_hp_loss":0,"event_name":"FaceTrader","floor":23,"gold_loss":0}],"is_beta":false,"boss_relics":[{"not_picked":["Lizard Tail","Eternal Feather"],"picked":"Cursed Key"}],"items_purged_floors":[],"is_endless":false,"potions_floor_spawned":[5,7],"killed_by":"Book of Stabbing","ascension_level":15}