{"gold_per_floor":[129,141,20,20,32,66,117,117,142,142,152,152,179,195,195,294,294,312,312,0,0],"floor_reached":21,"playtime":579,"items_purged":["Normality"],"score":318,"play_id":"7777a089-2997-4ebe-a32e-674d7e76267f","local_time":"20181020151937","is_ascension_mode":true,"campfire_choices":[{"floor":8,"key":"REST"},{"floor":10,"key":"REST"},{"floor":15,"key":"REST"}],"neow_cost":"CURSE","seed_source_timestamp":854499049831416,"circlet_count":0,"master_deck":["Strike_R","Strike_R","Strike_R+1","Strike_R","Defend_R","Defend_R","Defend_R","Bash","AscendersBane","Transmutation","Cleave+1","Havoc","Pommel Strike","Shrug It Off","Carnage","Cleave","Seeing Red","Headbutt","Bludgeon","Secret Weapon+1","Juggernaut+1","Searing Blow+1","Perfected Strike","Necronomicurse"],"relics":["Burning Blood","Oddly Smooth Stone","Ancient Tea Set","Regal Pillow","Happy Flower","Astrolabe","Necronomicon"],"potions_floor_usage":[13,14],"damage_taken":[{"damage":6,"enemies":"Cultist","floor":1,"turns":4},{"damage":7,"enemies":"Jaw Worm","floor":2,"turns":3},{"damage":7,"enemies":"2 Louse","floor":5,"turns":3},{"damage":30,"enemies":"3 Sentries","floor":6,"turns":9},{"damage":2,"enemies":"Looter","floor":11,"turns":2},{"damage":14,"enemies":"Gremlin Nob","floor":13,"turns":5},{"damage":31,"enemies":"Large Slime","floor":14,"turns":6},{"damage":31,"enemies":"Hexaghost","floor":16,"turns":7},{"damage":53,"enemies":"3 Byrds","floor":18,"turns":5},{"damage":11,"enemies":"2 Thieves","floor":21,"turns":1}],"seed_played":"2773397633764979283","potions_obtained":[{"floor":1,"key":"Explosive Potion"},{"floor":11,"key":"Block Potion"},{"floor":13,"key":"AttackPotion"},{"floor":14,"key":"Regen Potion"}],"is_trial":false,"path_per_floor":["M","M","$","?","M","E","?","R","T","R","M","?","E","M","R","B",null,"M","?","?"],"character_chosen":"IRONCLAD","items_purchased":["Pommel Strike"],"campfire_rested":3,"item_purchase_floors":[3],"current_hp_per_floor":[68,67,67,52,51,27,27,49,49,71,75,75,67,42,75,50,69,22,6,6,0],"gold":0,"neow_bonus":"RANDOM_COLORLESS_2","is_prod":false,"is_daily":false,"chose_seed":false,"campfire_upgraded":0,"win_rate":0,"timestamp":1540073977,"path_taken":["M","M","$","?","M","E","?","R","T","R","?","?","E","M","R","BOSS","M","?","?","M"],"build_version":"2018-10-18","purchased_purges":1,"victory":false,"max_hp_per_floor":[75,75,75,75,75,75,75,75,75,75,75,75,75,75,75,75,75,75,75,75,75],"card_choices":[{"not_picked":["Clash","Rage"],"picked":"Cleave","floor":1},{"not_picked":["Power Through","Reckless Charge"],"picked":"Havoc","floor":2},{"not_picked":["Seeing Red","Burning Pact"],"picked":"Shrug It Off","floor":5},{"not_picked":["Heavy Blade","Flex"],"picked":"Carnage","floor":6},{"not_picked":["Shrug It Off","Corruption"],"picked":"Cleave","floor":11},{"not_picked":["True Grit","Uppercut"],"picked":"Seeing Red","floor":13},{"not_picked":["Second Wind","True Grit"],"picked":"Headbutt","floor":14},{"not_picked":["Double Tap","Dark Embrace"],"picked":"Bludgeon","floor":16},{"not_picked":["True Grit","Flex"],"picked":"Perfected Strike","floor":18}],"player_experience":572919,"relics_obtained":[{"floor":6,"key":"Oddly Smooth Stone"},{"floor":9,"key":"Ancient Tea Set"},{"floor":13,"key":"Happy Flower"},{"floor":19,"key":"Necronomicon"}],"event_choices":[{"damage_healed":0,"gold_gain":0,"player_choice":"Entered Light","damage_taken":15,"max_hp_gain":0,"max_hp_loss":0,"event_name":"Shining Light","floor":4,"gold_loss":0,"cards_upgraded":["Cleave","Strike_R"]},{"damage_healed":0,"gold_gain":51,"player_choice":"Gained Gold","damage_taken":0,"max_hp_gain":0,"max_hp_loss":0,"event_name":"Golden Wing","floor":7,"gold_loss":0},{"damage_healed":0,"gold_gain":0,"player_choice":"Searched \u00272\u0027 times","damage_taken":0,"relics_obtained":["Regal Pillow"],"max_hp_gain":0,"max_hp_loss":0,"event_name":"Dead Adventurer","floor":12,"gold_loss":0},{"damage_healed":0,"gold_gain":0,"player_choice":"Obtained Book","damage_taken":16,"max_hp_gain":0,"max_hp_loss":0,"event_name":"Cursed Tome","floor":19,"gold_loss":0},{"damage_healed":0,"gold_gain":0,"player_choice":"Paid Fearfully","damage_taken":0,"max_hp_gain":0,"max_hp_loss":0,"event_name":"Masked Bandits","floor":20,"gold_loss":312}],"is_beta":false,"boss_relics":[{"not_picked":["Pandora\u0027s Box","Snecko Eye"],"picked":"Astrolabe"}],"items_purged_floors":[3],"is_endless":false,"potions_floor_spawned":[1,11,13,14],"killed_by":"2 Thieves","ascension_level":14}