{"gold_per_floor":[112,126,126,51,101,134,134,153,229,229,245,261,261,286,286,388,388,388,388],"floor_reached":19,"playtime":1094,"items_purged":["Strike_B"],"score":192,"play_id":"ebbe450d-7625-4dda-974f-3187dbf68c03","local_time":"20190414191018","is_ascension_mode":false,"campfire_choices":[{"data":"Loop","floor":7,"key":"SMITH"},{"data":"Darkness","floor":10,"key":"SMITH"},{"data":"Dualcast","floor":15,"key":"SMITH"}],"neow_cost":"NONE","seed_source_timestamp":72454561210200,"circlet_count":0,"master_deck":["Strike_B+1","Strike_B+1","Defend_B","Defend_B","Defend_B","Defend_B","Zap","Dualcast+1","Go for the Eyes","Loop+1","Darkness+1","Streamline","Darkness"],"relics":["Cracked Core","NeowsBlessing","Ancient Tea Set","Whetstone","Tiny Chest","Blood Vial","Ectoplasm"],"potions_floor_usage":[],"damage_taken":[{"damage":0,"enemies":"Small Slimes","floor":1,"turns":1},{"damage":0,"enemies":"Cultist","floor":2,"turns":1},{"damage":0,"enemies":"Lagavulin","floor":6,"turns":1},{"damage":0,"enemies":"2 Louse","floor":8,"turns":3},{"damage":4,"enemies":"Blue Slaver","floor":11,"turns":3},{"damage":0,"enemies":"3 Louse","floor":12,"turns":3},{"damage":60,"enemies":"Slime Boss","floor":16,"turns":8},{"damage":2,"enemies":"Shell Parasite","floor":18,"turns":4},{"damage":18,"enemies":"Colosseum Slavers","floor":19,"turns":4},{"damage":65,"enemies":"Colosseum Nobs","floor":19,"turns":4}],"seed_played":"-6098387095408315051","potions_obtained":[{"floor":2,"key":"Energy Potion"},{"floor":6,"key":"Strength Potion"},{"floor":16,"key":"Energy Potion"},{"floor":18,"key":"LiquidBronze"}],"is_trial":false,"path_per_floor":["M","M","?","$","T","E","R","M","T","R","M","M","?","T","R","B",null,"M","?"],"character_chosen":"DEFECT","items_purchased":[],"campfire_rested":0,"item_purchase_floors":[],"current_hp_per_floor":[75,75,75,75,75,75,75,75,75,75,71,71,76,76,76,18,80,78,0],"gold":388,"neow_bonus":"THREE_ENEMY_KILL","is_prod":false,"is_daily":false,"chose_seed":false,"campfire_upgraded":3,"win_rate":0.0,"timestamp":1555294218,"path_taken":["M","M","?","$","?","E","R","M","T","R","M","M","?","?","R","BOSS","M","?"],"build_version":"2019-01-23","purchased_purges":1,"victory":false,"max_hp_per_floor":[75,75,75,75,75,75,75,75,75,75,75,75,80,80,80,80,80,80,80],"card_choices":[{"not_picked":["Barrage","Hologram"],"picked":"Go for the Eyes","floor":1},{"not_picked":["Rip and Tear","Scrape"],"picked":"Loop","floor":2},{"not_picked":["Go for the Eyes","Barrage"],"picked":"Darkness","floor":6},{"not_picked":["Sweeping Beam","Leap"],"picked":"Streamline","floor":8},{"not_picked":["Rebound","Steam","Blizzard"],"picked":"SKIP","floor":11},{"not_picked":["Tempest","Fission","Hologram"],"picked":"SKIP","floor":12},{"not_picked":["Auto Shields+1","Turbo"],"picked":"Darkness","floor":18}],"player_experience":67900,"relics_obtained":[{"floor":5,"key":"Ancient Tea Set"},{"floor":6,"key":"Whetstone"},{"floor":9,"key":"Tiny Chest"},{"floor":14,"key":"Blood Vial"}],"event_choices":[{"cards_removed":["Strike_B"],"damage_healed":0,"gold_gain":0,"player_choice":"Purged","damage_taken":0,"max_hp_gain":0,"max_hp_loss":0,"event_name":"Purifier","floor":3,"gold_loss":0},{"damage_healed":0,"gold_gain":0,"player_choice":"Donut","damage_taken":0,"max_hp_gain":5,"max_hp_loss":0,"event_name":"Big Fish","floor":13,"gold_loss":0},{"damage_healed":0,"gold_gain":0,"player_choice":"Fight","damage_taken":0,"max_hp_gain":0,"max_hp_loss":0,"event_name":"Colosseum","floor":19,"gold_loss":0},{"damage_healed":0,"gold_gain":0,"player_choice":"Fought Nobs","damage_taken":0,"max_hp_gain":0,"max_hp_loss":0,"event_name":"Colosseum","floor":19,"gold_loss":0}],"is_beta":false,"boss_relics":[{"not_picked":["Calling Bell","Orrery"],"picked":"Ectoplasm"}],"items_purged_floors":[4],"is_endless":false,"potions_floor_spawned":[2,6,16,18],"killed_by":"Colosseum Nobs","ascension_level":0}