{"path_per_floor":["M","?","M","?","?","E","R","E","T","?","?","M","R","M","R","B",null,"M","?","M","?","?","R"],"character_chosen":"THE_SILENT","items_purchased":[],"gold_per_floor":[109,184,200,200,200,235,235,266,266,266,231,250,250,266,266,391,391,405,405,420,420,320,320],"floor_reached":24,"campfire_rested":1,"playtime":641,"current_hp_per_floor":[56,45,45,31,31,8,29,21,21,21,37,39,39,39,39,17,81,47,47,31,31,31,31],"items_purged":[],"gold":320,"score":242,"play_id":"1a7f5fea-8326-469d-90d5-97417079ba25","is_prod":false,"is_daily":false,"is_ascension_mode":true,"campfire_upgraded":3,"path_taken":["M","?","M","?","?","E","R","E","T","?","?","?","R","M","R","BOSS","M","?","M","?","?","R","?"],"build_version":"2018-02-15-PROD1","purchased_purges":0,"victory":false,"master_deck":["Defend_G+1","Defend_G+1","Defend_G+1","Defend_G+1","Defend_G+1","Strike_G+1","Strike_G+1","Strike_G+1","Strike_G+1","Strike_G+1","Survivor+1","Neutralize+1","Poisoned Stab+1","Escape Plan","Bouncing Flask+1","Dagger Spray","Slice","Envenom+1","Decay","Clumsy","Clumsy","Catalyst","Cloak And Dagger","J.A.X."],"max_hp_per_floor":[70,70,70,70,70,70,70,70,70,65,65,67,67,67,67,67,81,81,81,81,81,81,81],"relics":["Ring of the Snake","Bag of Preparation","Oddly Smooth Stone","Singing Bowl","Bag of Marbles","Golden Idol","Calling Bell","Paper Crane","Mango","Gremlin Horn"],"card_choices":[{"not_picked":["Setup","PiercingWail"],"picked":"Poisoned Stab"},{"not_picked":["Acrobatics","Prepared"],"picked":"Escape Plan"},{"not_picked":["Flying Knee","Choke"],"picked":"Bouncing Flask"},{"not_picked":["Predator","Terror"],"picked":"Dagger Spray"},{"not_picked":["Acrobatics","Backflip"],"picked":"Slice"},{"not_picked":["Unload","Tools of the Trade"],"picked":"Envenom"},{"not_picked":["All Out Attack","Deadly Poison"],"picked":"Catalyst"},{"not_picked":["Flechettes","Outmaneuver"],"picked":"Cloak And Dagger"}],"player_experience":168567,"potions_floor_usage":[8,8,16,24],"damage_taken":[{"damage":14,"enemies":"Jaw Worm","floor":1,"turns":6},{"damage":0,"enemies":"2 Louse","floor":3,"turns":3},{"damage":23,"enemies":"Lagavulin","floor":6,"turns":8},{"damage":8,"enemies":"3 Sentries","floor":8,"turns":9},{"damage":0,"enemies":"Small Slimes","floor":12,"turns":2},{"damage":0,"enemies":"3 Louse","floor":14,"turns":2},{"damage":22,"enemies":"The Guardian","floor":16,"turns":9},{"damage":34,"enemies":"2 Thieves","floor":18,"turns":4},{"damage":16,"enemies":"Shell Parasite","floor":20,"turns":4},{"damage":37,"enemies":"Cultist and Chosen","floor":24,"turns":4}],"event_choices":[{"event_name":"World of Goop","player_choice":"Gather Gold","floor":2,"damage_taken":0},{"event_name":"Shining Light","player_choice":"Entered Light","floor":4,"damage_taken":0},{"event_name":"Living Wall","player_choice":"Grow","floor":5,"damage_taken":0},{"event_name":"Golden Idol","player_choice":"Lose Max HP","floor":10,"damage_taken":0},{"event_name":"The Cleric","player_choice":"Healed","floor":11,"damage_taken":0},{"event_name":"Back to Basics","player_choice":"Simplicity","floor":19,"damage_taken":0},{"event_name":"Vampires","player_choice":"Ignored","floor":21,"damage_taken":0},{"event_name":"Drug Dealer","player_choice":"Got JAXXED","floor":22,"damage_taken":0}],"boss_relics":[{"not_picked":["Pandora\u0027s Box","Runic Pyramid"],"picked":"Calling Bell"}],"potions_floor_spawned":[1,6,8,18],"seed_played":"-361988982778189754","killed_by":"Cultist and Chosen","ascension_level":4,"is_trial":false}