{"gold_per_floor":[114,129,144,144,144,159,189,189,189,204,219,234,234,264,264,364,364,379,8,23,23,53,53,68,68,143,158,173,203,233,263,263,363,363,378,393,393,423,453,483,498,528,578,608,708,708,708,37,37,37],"floor_reached":51,"playtime":2364,"items_purged":["Defend_G","Reprogram"],"score":1360,"play_id":"bb64eead-bae9-418e-96ae-be37906da20c","local_time":"20190415025410","daily_mods":["Cursed Run","Diverse","DeadlyEvents"],"is_ascension_mode":false,"campfire_choices":[{"floor":8,"key":"REST"},{"floor":15,"key":"REST"},{"floor":25,"key":"REST"},{"data":"Brutality","floor":32,"key":"SMITH"},{"floor":47,"key":"REST"},{"data":"Wraith Form v2","floor":49,"key":"SMITH"}],"neow_cost":"","seed_source_timestamp":0,"circlet_count":0,"master_deck":["Defend_G","Defend_G","Defend_G","Survivor","Neutralize","Cleave","Fusion+1","Steam Power","Dash","Poisoned Stab","Heel Hook","Blur","Regret","Brutality+1","Shrug It Off+1","Envenom","Bite","Bite","Bite","Bite","Bite","Predator+1","Injury","Regret","Injury","Blade Dance","Acrobatics","Dagger Throw+1","Predator","Dagger Spray+1","Pain","Wraith Form v2+1","Pain","Clumsy","Normality","Blood for Blood+1","Brutality+1","Deadly Poison+1","Cloak And Dagger+1","Rupture+1","Pain","Finisher","Poisoned Stab+1","Combust+1","Double Tap+1","Backflip+1"],"special_seed":18001,"relics":["Cursed Key","Darkstone Periapt","Du-Vu Doll","Bag of Marbles","Gremlin Horn","Centennial Puzzle","The Courier","WristBlade","Ninja Scroll","PreservedInsect","Blue Candle","Ornamental Fan","Pear","Mango","Calling Bell","Pen Nib","Singing Bowl","Torii","Frozen Egg 2","Happy Flower","Dream Catcher","Dodecahedron","Omamori","Toxic Egg 2","Prayer Wheel","Shuriken","Lee\u0027s Waffle","Nunchaku"],"potions_floor_usage":[7,7,11,12,16,22,33,50,50],"damage_taken":[{"damage":4,"enemies":"Cultist","floor":1,"turns":4},{"damage":0,"enemies":"Jaw Worm","floor":2,"turns":5},{"damage":0,"enemies":"Small Slimes","floor":3,"turns":3},{"damage":0,"enemies":"Red Slaver","floor":6,"turns":5},{"damage":23,"enemies":"3 Sentries","floor":7,"turns":9},{"damage":8,"enemies":"Large Slime","floor":10,"turns":5},{"damage":0,"enemies":"Lots of Slimes","floor":11,"turns":1},{"damage":0,"enemies":"3 Louse","floor":12,"turns":3},{"damage":18,"enemies":"Gremlin Nob","floor":14,"turns":3},{"damage":40,"enemies":"The Guardian","floor":16,"turns":13},{"damage":10,"enemies":"Chosen","floor":18,"turns":4},{"damage":17,"enemies":"2 Thieves","floor":20,"turns":3},{"damage":42,"enemies":"Book of Stabbing","floor":22,"turns":6},{"damage":7,"enemies":"Cultist and Chosen","floor":24,"turns":4},{"damage":4,"enemies":"Centurion and Healer","floor":27,"turns":2},{"damage":0,"enemies":"Shelled Parasite and Fungi","floor":28,"turns":1},{"damage":0,"enemies":"Gremlin Leader","floor":29,"turns":2},{"damage":0,"enemies":"Slavers","floor":30,"turns":1},{"damage":1,"enemies":"Gremlin Leader","floor":31,"turns":2},{"damage":44,"enemies":"Automaton","floor":33,"turns":9},{"damage":4,"enemies":"3 Darklings","floor":35,"turns":3},{"damage":9,"enemies":"3 Shapes","floor":36,"turns":1},{"damage":38,"enemies":"Giant Head","floor":38,"turns":7},{"damage":2,"enemies":"Reptomancer","floor":39,"turns":2},{"damage":21,"enemies":"Nemesis","floor":40,"turns":5},{"damage":5,"enemies":"Spire Growth","floor":41,"turns":3},{"damage":5,"enemies":"Reptomancer","floor":42,"turns":2},{"damage":11,"enemies":"Giant Head","floor":44,"turns":2},{"damage":28,"enemies":"Mind Bloom Boss Battle","floor":45,"turns":3},{"damage":106,"enemies":"Awakened One","floor":50,"turns":7}],"seed_played":"5414150561768435775","potions_obtained":[{"floor":1,"key":"EssenceOfSteel"},{"floor":3,"key":"GamblersBrew"},{"floor":10,"key":"SteroidPotion"},{"floor":11,"key":"Fruit Juice"},{"floor":14,"key":"Weak Potion"},{"floor":18,"key":"Poison Potion"},{"floor":22,"key":"GamblersBrew"},{"floor":28,"key":"SkillPotion"},{"floor":31,"key":"GamblersBrew"},{"floor":33,"key":"Energy Potion"},{"floor":35,"key":"SteroidPotion"},{"floor":38,"key":"AttackPotion"}],"is_trial":false,"path_per_floor":["M","M","M","?","?","M","E","R","T","M","M","M","T","E","R","B",null,"M","$","M","?","E","?","M","R","T","M","M","E","E","E","R","B",null,"M","M","?","E","E","E","M","E","T","E","?","T","R","$","R","B",null],"character_chosen":"THE_SILENT","items_purchased":["Ninja Scroll","Envenom","Lee\u0027s Waffle","Combust+1","Double Tap+1","Backflip+1","Nunchaku"],"campfire_rested":4,"item_purchase_floors":[19,19,48,48,48,48,48],"current_hp_per_floor":[66,66,66,66,59,59,36,57,63,55,55,60,66,48,74,40,93,83,83,66,65,31,43,42,65,71,73,75,79,91,104,104,77,131,131,122,122,94,98,83,82,77,83,76,54,54,97,152,152,52],"gold":37,"neow_bonus":"","is_prod":false,"is_daily":true,"chose_seed":false,"campfire_upgraded":2,"win_rate":0,"timestamp":1555322050,"path_taken":["M","M","?","?","?","?","?","R","T","M","M","M","?","E","R","BOSS","M","?","M","?","?","?","M","R","T","M","M","?","?","?","R","BOSS","M","M","?","?","?","E","?","?","T","E","?","?","R","$","R","BOSS"],"build_version":"2019-01-23","purchased_purges":2,"victory":true,"max_hp_per_floor":[70,70,70,70,70,70,70,70,76,76,76,81,87,87,87,93,93,93,93,93,65,65,77,77,77,83,83,83,83,93,107,107,113,131,133,133,133,135,137,137,137,137,143,143,145,145,145,152,152,152],"card_choices":[{"not_picked":["Dagger Throw","Prepared"],"picked":"Reprogram","floor":1},{"not_picked":["Outmaneuver","Blood for Blood"],"picked":"Cleave","floor":2},{"not_picked":["Infernal Blade","Storm"],"picked":"Fusion","floor":3},{"not_picked":["Redo","Reprogram"],"picked":"Steam Power","floor":6},{"not_picked":["Tactician","Finisher"],"picked":"Dash","floor":7},{"not_picked":["Meteor Strike","Go for the Eyes","Compile Driver"],"picked":"SKIP","floor":10},{"not_picked":["Hello World","Flame Barrier"],"picked":"Poisoned Stab","floor":11},{"not_picked":["Shrug It Off","Thunderclap"],"picked":"Heel Hook","floor":12},{"not_picked":["Compile Driver","Tempest"],"picked":"Blur","floor":14},{"not_picked":["Amplify","Hyperbeam"],"picked":"Brutality","floor":16},{"not_picked":["Dagger Throw","Ghostly Armor"],"picked":"Shrug It Off+1","floor":18},{"not_picked":["Calculated Gamble","Beam Cell","Twin Strike"],"picked":"SKIP","floor":20},{"not_picked":["Grand Finale","Coolheaded+1"],"picked":"Predator+1","floor":22},{"not_picked":["Reprogram","Sword Boomerang","Sweeping Beam"],"picked":"SKIP","floor":24},{"not_picked":["Tempest+1","Conserve Battery"],"picked":"Blade Dance","floor":27},{"not_picked":["Burning Pact+1","Terror"],"picked":"Acrobatics","floor":28},{"not_picked":["Slice","Iron Wave"],"picked":"Dagger Throw+1","floor":29},{"not_picked":["Dagger Throw","Meteor Strike"],"picked":"Predator","floor":30},{"not_picked":["Deflect","Underhanded Strike"],"picked":"Dagger Spray+1","floor":31},{"not_picked":["Fiend Fire","Impervious"],"picked":"Wraith Form v2","floor":33},{"not_picked":["Havoc+1","Heel Hook","White Noise"],"picked":"Singing Bowl","floor":35},{"not_picked":["Streamline+1","Underhanded Strike"],"picked":"Blood for Blood+1","floor":36},{"not_picked":["Blizzard+1","Coolheaded","Dodge and Roll+1"],"picked":"Singing Bowl","floor":38},{"not_picked":["Loop+1","Pommel Strike","Dropkick"],"picked":"Singing Bowl","floor":39},{"not_picked":["Predator+1","Darkness+1"],"picked":"Deadly Poison+1","floor":40},{"not_picked":["Uppercut+1","Shrug It Off"],"picked":"Cloak And Dagger+1","floor":41},{"not_picked":["Prepared","Bane"],"picked":"Rupture+1","floor":42},{"not_picked":["Choke","Sever Soul+1"],"picked":"Finisher","floor":44},{"not_picked":["Doppelganger+1","Redo+1","Sword Boomerang"],"picked":"Singing Bowl","floor":45},{"not_picked":["Barrage","Flex+1"],"picked":"Poisoned Stab+1","floor":47}],"player_experience":109696,"relics_obtained":[{"floor":7,"key":"Bag of Marbles"},{"floor":9,"key":"Gremlin Horn"},{"floor":13,"key":"Centennial Puzzle"},{"floor":14,"key":"The Courier"},{"floor":22,"key":"PreservedInsect"},{"floor":26,"key":"Blue Candle"},{"floor":29,"key":"Ornamental Fan"},{"floor":30,"key":"Pear"},{"floor":31,"key":"Mango"},{"floor":34,"key":"Pen Nib"},{"floor":34,"key":"Singing Bowl"},{"floor":34,"key":"Torii"},{"floor":38,"key":"Frozen Egg 2"},{"floor":39,"key":"Happy Flower"},{"floor":40,"key":"Dream Catcher"},{"floor":42,"key":"Dodecahedron"},{"floor":43,"key":"Omamori"},{"floor":44,"key":"Toxic Egg 2"},{"floor":45,"key":"Prayer Wheel"},{"floor":46,"key":"Shuriken"}],"event_choices":[{"damage_healed":0,"gold_gain":0,"player_choice":"Grow","damage_taken":0,"max_hp_gain":0,"max_hp_loss":0,"event_name":"Living Wall","floor":4,"gold_loss":0,"cards_upgraded":["Fusion"]},{"cards_removed":["Defend_G"],"damage_healed":0,"gold_gain":0,"player_choice":"Card Removal","damage_taken":7,"max_hp_gain":0,"max_hp_loss":0,"event_name":"Golden Wing","floor":5,"gold_loss":0},{"damage_healed":0,"gold_gain":0,"player_choice":"Became a vampire","damage_taken":0,"max_hp_gain":0,"max_hp_loss":28,"event_name":"Vampires","floor":21,"gold_loss":0,"cards_obtained":["Bite","Bite","Bite","Bite","Bite"]},{"damage_healed":0,"gold_gain":0,"cards_transformed":["Shame","Clumsy"],"player_choice":"Became Test Subject","damage_taken":0,"max_hp_gain":0,"max_hp_loss":0,"event_name":"Drug Dealer","floor":23,"gold_loss":0,"cards_obtained":["Injury","Regret"]},{"damage_healed":0,"gold_gain":0,"player_choice":"Copied","damage_taken":0,"max_hp_gain":0,"max_hp_loss":0,"event_name":"Duplicator","floor":37,"gold_loss":0,"cards_obtained":["Brutality"]},{"damage_healed":0,"gold_gain":0,"player_choice":"Fight","damage_taken":0,"max_hp_gain":0,"max_hp_loss":0,"event_name":"MindBloom","floor":45,"gold_loss":0}],"is_beta":false,"boss_relics":[{"not_picked":["Empty Cage","HoveringKite"],"picked":"WristBlade"},{"not_picked":["Coffee Dripper","Pandora\u0027s Box"],"picked":"Calling Bell"}],"items_purged_floors":[19,48],"is_endless":false,"potions_floor_spawned":[1,3,10,11,14,18,22,28,31,33,35,38,44],"ascension_level":0}