{"gold_per_floor":[117,130,144,219,237,237,267,16,39,57,67,79,154,154,154,257,257,270,270,270,270,280,305,305,305],"floor_reached":25,"playtime":1256,"items_purged":[],"score":223,"play_id":"ed58e653-2ed1-4c54-a42f-7c415995a271","local_time":"20181231024609","is_ascension_mode":false,"campfire_choices":[{"floor":6,"key":"REST"},{"floor":15,"key":"REST"}],"neow_cost":"NONE","seed_source_timestamp":259853024153522,"circlet_count":0,"master_deck":["Strike_R","Strike_R","Strike_R","Strike_R","Defend_R","Defend_R","Defend_R","Defend_R","Bash","Iron Wave","Flex","Fire Breathing","Flex","Thunderclap","Sadistic Nature","Thunderclap","Flex","Bloodletting","Thunderclap","Headbutt","Offering","Iron Wave+1","Offering","Clothesline","Dropkick"],"relics":["Black Blood","Dream Catcher","Smiling Mask","Juzu Bracelet","MutagenicStrength","Meat on the Bone","Enchiridion"],"potions_floor_usage":[7,12,16,23,23],"damage_taken":[{"damage":14,"enemies":"Small Slimes","floor":1,"turns":4},{"damage":12,"enemies":"Cultist","floor":2,"turns":5},{"damage":5,"enemies":"2 Louse","floor":3,"turns":2},{"damage":24,"enemies":"Exordium Thugs","floor":5,"turns":5},{"damage":29,"enemies":"3 Sentries","floor":7,"turns":8},{"damage":19,"enemies":"2 Fungi Beasts","floor":10,"turns":3},{"damage":28,"enemies":"Gremlin Gang","floor":11,"turns":5},{"damage":0,"enemies":"Exordium Wildlife","floor":12,"turns":2},{"damage":13,"enemies":"Slime Boss","floor":16,"turns":8},{"damage":16,"enemies":"Chosen","floor":18,"turns":4},{"damage":17,"enemies":"2 Thieves","floor":22,"turns":3},{"damage":24,"enemies":"Book of Stabbing","floor":23,"turns":3},{"damage":52,"enemies":"Gremlin Leader","floor":25,"turns":4}],"seed_played":"2827033095550237023","potions_obtained":[{"floor":2,"key":"FearPotion"},{"floor":3,"key":"Poison Potion"},{"floor":11,"key":"AttackPotion"},{"floor":16,"key":"Ancient Potion"},{"floor":22,"key":"Block Potion"}],"is_trial":false,"path_per_floor":["M","M","M","?","M","R","E","$","T","M","M","M","?","?","R","B",null,"M","?","?","?","M","E","?","E"],"character_chosen":"IRONCLAD","items_purchased":["Sadistic Nature","Thunderclap"],"campfire_rested":2,"item_purchase_floors":[8,8],"current_hp_per_floor":[80,74,75,67,49,75,52,52,52,39,17,23,12,9,35,28,88,82,82,82,82,75,61,45,0],"gold":305,"neow_bonus":"TEN_PERCENT_HP_BONUS","is_prod":false,"is_daily":false,"chose_seed":false,"campfire_upgraded":0,"win_rate":0,"timestamp":1546253169,"path_taken":["M","M","M","?","M","R","E","$","T","M","M","?","?","?","R","BOSS","M","?","?","?","M","E","?","E"],"build_version":"2018-12-20","purchased_purges":0,"victory":false,"max_hp_per_floor":[88,88,88,88,88,88,88,88,88,88,88,88,88,88,88,88,88,88,88,88,88,88,88,88,88],"card_choices":[{"not_picked":["Warcry","Pummel"],"picked":"Iron Wave","floor":1},{"not_picked":["Entrench","Body Slam"],"picked":"Flex","floor":2},{"not_picked":["Dark Embrace","Burning Pact"],"picked":"Fire Breathing","floor":3},{"not_picked":["Pummel","Anger"],"picked":"Flex","floor":5},{"not_picked":["Armaments","Metallicize"],"picked":"Thunderclap","floor":7},{"not_picked":["Entrench","Carnage"],"picked":"Flex","floor":10},{"not_picked":["Pummel","Flex"],"picked":"Bloodletting","floor":11},{"not_picked":["Spot Weakness","Perfected Strike"],"picked":"Thunderclap","floor":12},{"not_picked":["Carnage","Anger"],"picked":"Headbutt","floor":15},{"not_picked":["Double Tap","Dark Embrace"],"picked":"Offering","floor":16},{"not_picked":["Pommel Strike","Twin Strike"],"picked":"Iron Wave+1","floor":18},{"not_picked":["Sword Boomerang","Blood for Blood"],"picked":"Clothesline","floor":22},{"not_picked":["Disarm","Reckless Charge"],"picked":"Dropkick","floor":23}],"player_experience":46765,"relics_obtained":[{"floor":7,"key":"Dream Catcher"},{"floor":9,"key":"Smiling Mask"},{"floor":23,"key":"Meat on the Bone"},{"floor":24,"key":"Enchiridion"}],"event_choices":[{"damage_healed":0,"gold_gain":75,"player_choice":"Touch","damage_taken":8,"max_hp_gain":0,"max_hp_loss":0,"event_name":"FaceTrader","floor":4,"gold_loss":0},{"damage_healed":0,"gold_gain":75,"player_choice":"Gather Gold","damage_taken":11,"max_hp_gain":0,"max_hp_loss":0,"event_name":"World of Goop","floor":13,"gold_loss":0},{"damage_healed":0,"gold_gain":0,"player_choice":"Success","damage_taken":3,"relics_obtained":["Juzu Bracelet"],"max_hp_gain":0,"max_hp_loss":0,"event_name":"Scrap Ooze","floor":14,"gold_loss":0},{"cards_removed":["Strike_R"],"damage_healed":0,"gold_gain":0,"player_choice":"Purged","damage_taken":0,"max_hp_gain":0,"max_hp_loss":0,"event_name":"Purifier","floor":19,"gold_loss":0},{"damage_healed":0,"gold_gain":0,"player_choice":"Inject Mutagens","damage_taken":0,"relics_obtained":["MutagenicStrength"],"max_hp_gain":0,"max_hp_loss":0,"event_name":"Drug Dealer","floor":20,"gold_loss":0},{"damage_healed":0,"gold_gain":0,"player_choice":"Copied","damage_taken":0,"max_hp_gain":0,"max_hp_loss":0,"event_name":"Duplicator","floor":21,"gold_loss":0,"cards_obtained":["Offering"]},{"damage_healed":0,"gold_gain":0,"player_choice":"Obtained Book","damage_taken":16,"max_hp_gain":0,"max_hp_loss":0,"event_name":"Cursed Tome","floor":24,"gold_loss":0}],"is_beta":false,"boss_relics":[{"not_picked":["Runic Dome","Eternal Feather"],"picked":"Black Blood"}],"items_purged_floors":[],"is_endless":false,"potions_floor_spawned":[2,3,11,16,22],"killed_by":"Gremlin Leader","ascension_level":0}