{"gold_per_floor":[19,19,37,62,85,85,125,125,149,149,162,175,236,201,201,324,324,324,249,46,46,46,46,46,46,46,46,16,16,16,16,16,16,16,16,16,16,16,16,16,16,16,16,16,0,0,0,0,0,0],"floor_reached":51,"playtime":1570,"items_purged":[],"score":769,"play_id":"8613e588-7c00-4c42-a511-a7227e006e82","local_time":"20181014220927","is_ascension_mode":true,"campfire_choices":[{"data":"Electrodynamics","floor":6,"key":"SMITH"},{"data":"Defragment","floor":8,"key":"SMITH"},{"data":"Redo","floor":10,"key":"SMITH"},{"data":"Dualcast","floor":15,"key":"SMITH"},{"floor":23,"key":"REST"},{"floor":25,"key":"REST"},{"floor":32,"key":"REST"},{"floor":41,"key":"REST"},{"floor":47,"key":"REST"},{"floor":49,"key":"REST"}],"neow_cost":"NO_GOLD","seed_source_timestamp":359677220188611,"circlet_count":0,"master_deck":["Strike_B","Strike_B","Strike_B","Defend_B","Defend_B","Defend_B","Zap","Dualcast+1","Electrodynamics+1","BootSequence","Redo+1","Defragment+1","Reinforced Body","Hologram","Streamline","Echo Form","Capacitor","White Noise","Heatsinks","Discovery","Sunder+1","Chill+1","Static Discharge","Static Discharge","Rainbow","Leap+1","Melter","Ball Lightning","Secret Technique","Apotheosis","Transmutation","Hologram"],"relics":["Cracked Core","Bloody Idol","Omamori","Mummified Hand","Juzu Bracelet","Ectoplasm","Torii","Darkstone Periapt","The Courier","Strawberry","Fusion Hammer","WingedGreaves","SsserpentHead","Potion Belt","Dead Branch","Red Mask","Unceasing Top"],"potions_floor_usage":[7,16,22,22,24,48,48,50,50],"damage_taken":[{"damage":5,"enemies":"2 Louse","floor":1,"turns":2},{"damage":2,"enemies":"Jaw Worm","floor":3,"turns":2},{"damage":0,"enemies":"Small Slimes","floor":5,"turns":2},{"damage":14,"enemies":"Lagavulin","floor":7,"turns":6},{"damage":0,"enemies":"Blue Slaver","floor":11,"turns":2},{"damage":0,"enemies":"Exordium Thugs","floor":12,"turns":2},{"damage":9,"enemies":"Slime Boss","floor":16,"turns":6},{"damage":13,"enemies":"Shell Parasite","floor":18,"turns":5},{"damage":0,"enemies":"Chosen","floor":21,"turns":3},{"damage":5,"enemies":"Colosseum Slavers","floor":22,"turns":2},{"damage":43,"enemies":"Colosseum Nobs","floor":22,"turns":4},{"damage":14,"enemies":"Book of Stabbing","floor":24,"turns":4},{"damage":25,"enemies":"Automaton","floor":33,"turns":8},{"damage":7,"enemies":"3 Shapes","floor":35,"turns":4},{"damage":0,"enemies":"Mind Bloom Boss Battle","floor":37,"turns":5},{"damage":32,"enemies":"Giant Head","floor":42,"turns":7},{"damage":0,"enemies":"Mysterious Sphere","floor":48,"turns":2},{"damage":91,"enemies":"Awakened One","floor":50,"turns":10}],"seed_played":"1623145029395724051","potions_obtained":[{"floor":3,"key":"Block Potion"},{"floor":5,"key":"Block Potion"},{"floor":7,"key":"Block Potion"},{"floor":18,"key":"Poison Potion"},{"floor":22,"key":"PowerPotion"},{"floor":33,"key":"FairyPotion"},{"floor":37,"key":"Regen Potion"},{"floor":42,"key":"EntropicBrew"}],"is_trial":false,"path_per_floor":["M","?","M","T","M","R","E","R","T","R","M","M","?","?","R","B",null,"M","?","$","M","?","R","E","R","T","?","$","$","?","$","R","B",null,"M","?","?","$","?","$","R","E","T","?","?","?","R","?","R","B"],"character_chosen":"DEFECT","items_purchased":["White Noise","Heatsinks","Discovery","Static Discharge"],"campfire_rested":6,"item_purchase_floors":[20,20,20,28],"current_hp_per_floor":[70,69,67,67,67,67,53,53,53,53,53,53,53,53,53,44,69,56,56,56,56,8,28,14,34,41,41,41,41,41,41,63,38,76,69,69,69,69,69,69,76,44,44,44,44,34,55,55,72,7],"gold":0,"neow_bonus":"THREE_RARE_CARDS","is_prod":false,"is_daily":false,"chose_seed":false,"campfire_upgraded":4,"win_rate":0,"timestamp":1539580167,"path_taken":["M","?","M","?","M","R","E","R","T","R","M","M","?","?","R","BOSS","M","?","$","M","?","R","E","R","T","?","?","$","?","$","R","BOSS","M","?","?","?","?","$","R","E","T","?","?","?","R","?","R","BOSS"],"build_version":"2018-10-11","purchased_purges":0,"victory":true,"max_hp_per_floor":[75,69,69,69,69,69,69,69,69,69,69,69,69,69,69,69,69,69,69,69,69,69,69,69,69,76,76,76,76,76,76,76,76,76,76,76,76,76,76,76,76,76,76,72,72,72,72,72,72,72],"card_choices":[{"not_picked":["All For One","Rainbow"],"picked":"Electrodynamics","floor":0},{"not_picked":["Compile Driver","Reprogram"],"picked":"BootSequence","floor":1},{"not_picked":["Leap","Ball Lightning"],"picked":"Redo","floor":3},{"not_picked":["Conserve Battery","Coolheaded"],"picked":"Defragment","floor":5},{"not_picked":["Recycle","Barrage"],"picked":"Reinforced Body","floor":7},{"not_picked":["Compile Driver","Sweeping Beam"],"picked":"Hologram","floor":11},{"not_picked":["Turbo","Steam"],"picked":"Streamline","floor":12},{"not_picked":["Seek","Biased Cognition"],"picked":"Echo Form","floor":16},{"not_picked":["Barrage","Force Field"],"picked":"Capacitor","floor":18},{"not_picked":["Redo+1","Coolheaded"],"picked":"Sunder+1","floor":21},{"not_picked":["Chaos","Leap"],"picked":"Chill+1","floor":22},{"not_picked":["Meteor Strike","Turbo"],"picked":"Static Discharge","floor":24},{"not_picked":["Hyperbeam","Fission"],"picked":"Rainbow","floor":33},{"not_picked":["Sweeping Beam+1","Capacitor"],"picked":"Leap+1","floor":35},{"not_picked":["Recycle","Go for the Eyes+1"],"picked":"Melter","floor":37},{"not_picked":["Aggregate+1","Rip and Tear"],"picked":"Ball Lightning","floor":42},{"not_picked":["Bandage Up","Impatience"],"picked":"Secret Technique","floor":46},{"not_picked":["Mind Blast","Thinking Ahead"],"picked":"Apotheosis","floor":46},{"not_picked":["Bandage Up","Deep Breath"],"picked":"Transmutation","floor":46},{"not_picked":["Reinforced Body","Gash+1"],"picked":"Hologram","floor":48}],"player_experience":503609,"relics_obtained":[{"floor":4,"key":"Omamori"},{"floor":7,"key":"Mummified Hand"},{"floor":9,"key":"Juzu Bracelet"},{"floor":22,"key":"Torii"},{"floor":22,"key":"Darkstone Periapt"},{"floor":24,"key":"The Courier"},{"floor":26,"key":"Strawberry"},{"floor":37,"key":"WingedGreaves"},{"floor":42,"key":"Potion Belt"},{"floor":43,"key":"Dead Branch"},{"floor":48,"key":"Unceasing Top"}],"event_choices":[{"event_name":"Golden Idol","player_choice":"Lose Max HP","floor":2,"damage_taken":0},{"event_name":"Golden Wing","player_choice":"Gained Gold","floor":13,"damage_taken":0},{"event_name":"World of Goop","player_choice":"Left","floor":14,"damage_taken":0},{"event_name":"Beggar","player_choice":"Gave Gold","floor":19,"damage_taken":0},{"event_name":"Colosseum","player_choice":"Fight","floor":22,"damage_taken":0},{"event_name":"Colosseum","player_choice":"Fought Nobs","floor":22,"damage_taken":0},{"event_name":"Forgotten Altar","player_choice":"Gave Idol","floor":27,"damage_taken":0},{"event_name":"Vampires","player_choice":"Ignored","floor":30,"damage_taken":0},{"event_name":"Falling","player_choice":"Removed Attack","floor":36,"damage_taken":0},{"event_name":"MindBloom","player_choice":"Fight","floor":37,"damage_taken":0},{"event_name":"FaceTrader","player_choice":"Trade","floor":39,"damage_taken":0},{"event_name":"Winding Halls","player_choice":"Max HP","floor":44,"damage_taken":0},{"event_name":"Tomb of Lord Red Mask","player_choice":"Paid","floor":45,"damage_taken":0},{"event_name":"SensoryStone","player_choice":"Memory 3","floor":46,"damage_taken":0},{"event_name":"Mysterious Sphere","player_choice":"Fight","floor":48,"damage_taken":0}],"is_beta":false,"boss_relics":[{"not_picked":["Runic Dome","FrozenCore"],"picked":"Ectoplasm"},{"not_picked":["Busted Crown","Snecko Eye"],"picked":"Fusion Hammer"}],"items_purged_floors":[],"is_endless":false,"potions_floor_spawned":[3,5,7,18,22,33,37,42],"ascension_level":2}