{"gold_per_floor":[111,111,111,121,132,162,162,194,243,271,283,295,333,345,357,472,484,507,94,9,9,29,29,61,61,61,89,101,113,113,133,133,133],"floor_reached":33,"playtime":3756,"items_purged":["Strike_B"],"score":470,"play_id":"5f1b9363-fd43-4771-8256-c116223c544c","local_time":"20190331171812","is_ascension_mode":true,"campfire_choices":[{"data":"Seek","floor":7,"key":"SMITH"},{"floor":12,"key":"REST"},{"data":"Zap","floor":15,"key":"SMITH"},{"data":"Dualcast","floor":23,"key":"SMITH"},{"data":"Go for the Eyes","floor":25,"key":"SMITH"},{"floor":30,"key":"REST"},{"data":"Scrape","floor":32,"key":"SMITH"}],"neow_cost":"NONE","seed_source_timestamp":200198557582052,"circlet_count":0,"master_deck":["AscendersBane","Defend_B","Defend_B","Defend_B","Defend_B","Zap+1","Dualcast+1","Scrape+1","Dramatic Entrance","Leap","Seek+1","Rebound","Gash","Glacier","Ball Lightning","Conserve Battery","Sweeping Beam","Cold Snap","Core Surge","Go for the Eyes+1","Go for the Eyes+1","Capacitor","Turbo","Auto Shields+1","Gash+1","White Noise+1","Barrage"],"relics":["Cracked Core","NeowsBlessing","Mercury Hourglass","Dream Catcher","MawBank","Art of War","Eternal Feather","Shuriken","Bronze Scales","Letter Opener","Toxic Egg 2","Bag of Preparation"],"potions_floor_usage":[6,13,13,27,28,29,29,29,33,33],"damage_taken":[{"damage":0,"enemies":"Small Slimes","floor":1,"turns":1},{"damage":0,"enemies":"Cultist","floor":4,"turns":1},{"damage":0,"enemies":"Jaw Worm","floor":5,"turns":1},{"damage":30,"enemies":"Gremlin Nob","floor":6,"turns":4},{"damage":8,"enemies":"Lagavulin","floor":8,"turns":8},{"damage":3,"enemies":"Blue Slaver","floor":10,"turns":2},{"damage":8,"enemies":"Gremlin Nob","floor":13,"turns":3},{"damage":15,"enemies":"Hexaghost","floor":16,"turns":11},{"damage":1,"enemies":"Spheric Guardian","floor":18,"turns":3},{"damage":10,"enemies":"2 Thieves","floor":22,"turns":3},{"damage":18,"enemies":"Book of Stabbing","floor":24,"turns":6},{"damage":13,"enemies":"Gremlin Leader","floor":27,"turns":6},{"damage":18,"enemies":"Sentry and Sphere","floor":28,"turns":3},{"damage":4,"enemies":"Snecko","floor":29,"turns":5},{"damage":17,"enemies":"Snake Plant","floor":31,"turns":3},{"damage":72,"enemies":"Collector","floor":33,"turns":7}],"seed_played":"8552528098841749648","potions_obtained":[{"floor":4,"key":"SteroidPotion"},{"floor":8,"key":"Weak Potion"},{"floor":10,"key":"PowerPotion"},{"floor":13,"key":"Explosive Potion"},{"floor":24,"key":"FearPotion"},{"floor":27,"key":"Strength Potion"},{"floor":28,"key":"EntropicBrew"},{"floor":31,"key":"Poison Potion"}],"is_trial":false,"path_per_floor":["M","?","?","M","M","E","R","E","T","M","$","R","E","?","R","B",null,"M","$","?","?","M","R","E","R","T","E","M","M","R","M","R","B"],"character_chosen":"DEFECT","items_purchased":["Shuriken","Go for the Eyes","Capacitor"],"campfire_rested":2,"item_purchase_floors":[19,19,19],"current_hp_per_floor":[68,68,68,68,68,38,38,30,30,27,27,49,41,34,34,19,61,60,60,60,60,50,62,44,56,56,43,25,21,58,41,56,0],"gold":133,"neow_bonus":"THREE_ENEMY_KILL","is_prod":false,"is_daily":false,"chose_seed":false,"campfire_upgraded":5,"win_rate":0,"timestamp":1554049092,"path_taken":["M","?","?","M","?","E","R","E","T","M","$","R","E","?","R","BOSS","M","$","?","?","M","R","E","R","T","E","M","M","R","M","R","BOSS"],"build_version":"2019-01-23","purchased_purges":1,"victory":false,"max_hp_per_floor":[75,75,75,75,75,75,75,75,75,75,75,75,75,75,75,75,75,75,75,75,75,75,75,75,75,75,75,75,75,75,75,75,75],"card_choices":[{"not_picked":["Redo","Double Energy","Turbo"],"picked":"SKIP","floor":1},{"not_picked":["Sunder","Undo"],"picked":"Rebound","floor":4},{"not_picked":["Reprogram","Leap"],"picked":"Gash","floor":5},{"not_picked":["Stack","Coolheaded"],"picked":"Glacier","floor":6},{"not_picked":["Melter","Buffer"],"picked":"Ball Lightning","floor":8},{"not_picked":["Leap","Redo"],"picked":"Conserve Battery","floor":10},{"not_picked":["Hello World","Coolheaded"],"picked":"Sweeping Beam","floor":12},{"not_picked":["Recycle","Stack"],"picked":"Cold Snap","floor":13},{"not_picked":["Seek","Thunder Strike"],"picked":"Core Surge","floor":16},{"not_picked":["Beam Cell","Redo"],"picked":"Go for the Eyes+1","floor":18},{"not_picked":["Barrage","Conserve Battery","Go for the Eyes"],"picked":"SKIP","floor":22},{"not_picked":["Conserve Battery+1","Ball Lightning"],"picked":"Turbo","floor":24},{"not_picked":["Hyperbeam","Beam Cell+1"],"picked":"Auto Shields+1","floor":27},{"not_picked":["Coolheaded+1","Consume+1"],"picked":"Gash+1","floor":28},{"not_picked":["Ball Lightning","Go for the Eyes","Auto Shields+1"],"picked":"SKIP","floor":29},{"not_picked":["Redo+1","FTL"],"picked":"White Noise+1","floor":30},{"not_picked":["Stack+1","Steam+1"],"picked":"Barrage","floor":31}],"player_experience":832164,"relics_obtained":[{"floor":6,"key":"Mercury Hourglass"},{"floor":8,"key":"Dream Catcher"},{"floor":9,"key":"MawBank"},{"floor":13,"key":"Art of War"},{"floor":24,"key":"Letter Opener"},{"floor":26,"key":"Toxic Egg 2"},{"floor":27,"key":"Bag of Preparation"}],"event_choices":[{"damage_healed":0,"gold_gain":0,"cards_transformed":["Strike_B"],"player_choice":"Change","damage_taken":0,"max_hp_gain":0,"max_hp_loss":0,"event_name":"Living Wall","floor":2,"gold_loss":0,"cards_obtained":["Scrape"]},{"damage_healed":0,"gold_gain":0,"player_choice":"3 cards matched","damage_taken":0,"max_hp_gain":0,"max_hp_loss":0,"event_name":"Match and Keep!","floor":3,"gold_loss":0,"cards_obtained":["Dramatic Entrance","Leap","Seek"]},{"cards_removed":["Strike_B"],"damage_healed":0,"gold_gain":0,"player_choice":"Card Removal","damage_taken":7,"max_hp_gain":0,"max_hp_loss":0,"event_name":"Golden Wing","floor":14,"gold_loss":0},{"damage_healed":0,"gold_gain":0,"player_choice":"Obtained Relic","damage_taken":0,"relics_obtained":["Bronze Scales"],"max_hp_gain":0,"max_hp_loss":0,"event_name":"Addict","floor":20,"gold_loss":85},{"cards_removed":["Strike_B"],"damage_healed":0,"gold_gain":0,"player_choice":"Purged","damage_taken":0,"max_hp_gain":0,"max_hp_loss":0,"event_name":"Purifier","floor":21,"gold_loss":0}],"is_beta":false,"boss_relics":[{"not_picked":["Lizard Tail","White Beast Statue"],"picked":"Eternal Feather"}],"items_purged_floors":[19],"is_endless":false,"potions_floor_spawned":[4,8,10,13,24,27,28,31],"killed_by":"Collector","ascension_level":11}