{"gold_per_floor":[110,110,121,121,171,171,197,212,280,291,309,334,334,353,353,457,457,476,476,391,420,61,61,71,98,125,151,20,20,20,53,53,154,154,164,164,15,0,0,0,0,35,35,35,60,60,76,108,108,108],"floor_reached":51,"playtime":1470,"items_purged":["Shame"],"score":1016,"play_id":"88114059-55e2-4e59-ba7c-c0a35b12c4be","local_time":"20181014031741","is_ascension_mode":true,"campfire_choices":[{"data":"Zap","floor":6,"key":"SMITH"},{"data":"Storm","floor":15,"key":"SMITH"},{"data":"Loop","floor":23,"key":"SMITH"},{"data":"Loop","floor":29,"key":"SMITH"},{"data":"Defragment","floor":32,"key":"SMITH"},{"data":"White Noise","floor":40,"key":"SMITH"},{"floor":46,"key":"REST"},{"data":"Buffer","floor":49,"key":"SMITH"}],"neow_cost":"NONE","seed_source_timestamp":291870012710543,"circlet_count":0,"master_deck":["Strike_B","Strike_B+1","Strike_B","Strike_B","Defend_B","Defend_B","Defend_B+1","Defend_B","Zap+1","Dualcast","Ball Lightning","Leap","Electrodynamics+1","White Noise+1","Conserve Battery+1","Darkness+1","Rebound","Storm+1","Fission+1","Redo+1","Hologram+1","Chrysalis+1","Loop+1","Redo+1","Tempest+1","Reprogram+1","Loop+1","Hologram+1","Defragment+1","Echo Form","Madness+1","Madness+1","Heatsinks","Steam+1","Normality","Violence+1","Buffer+1","BootSequence+1","Fusion+1"],"relics":["Cracked Core","Mercury Hourglass","Bag of Preparation","Ancient Tea Set","Toxic Egg 2","Nunchaku","Cursed Key","MawBank","Regal Pillow","Bird Faced Urn","PreservedInsect","Shuriken","Vajra","Cables","Inserter","Red Mask","GremlinMask","Matryoshka","Bottled Lightning","Bottled Tornado","Blood Vial","Blue Candle"],"potions_floor_usage":[1,7,24,31,33,45,48,50,50],"damage_taken":[{"damage":2,"enemies":"2 Louse","floor":1,"turns":2},{"damage":3,"enemies":"Small Slimes","floor":3,"turns":2},{"damage":3,"enemies":"Lagavulin","floor":7,"turns":4},{"damage":0,"enemies":"Cultist","floor":8,"turns":2},{"damage":13,"enemies":"3 Louse","floor":10,"turns":2},{"damage":0,"enemies":"Looter","floor":11,"turns":2},{"damage":2,"enemies":"3 Sentries","floor":12,"turns":3},{"damage":4,"enemies":"Exordium Wildlife","floor":14,"turns":3},{"damage":2,"enemies":"Slime Boss","floor":16,"turns":5},{"damage":5,"enemies":"Chosen","floor":18,"turns":3},{"damage":7,"enemies":"2 Thieves","floor":21,"turns":4},{"damage":0,"enemies":"Snake Plant","floor":24,"turns":2},{"damage":21,"enemies":"Book of Stabbing","floor":25,"turns":4},{"damage":0,"enemies":"Gremlin Leader","floor":27,"turns":4},{"damage":10,"enemies":"Book of Stabbing","floor":31,"turns":3},{"damage":56,"enemies":"Champ","floor":33,"turns":6},{"damage":0,"enemies":"3 Shapes","floor":35,"turns":2},{"damage":60,"enemies":"Nemesis","floor":42,"turns":5},{"damage":9,"enemies":"Giant Head","floor":45,"turns":5},{"damage":0,"enemies":"Orb Walker","floor":47,"turns":2},{"damage":6,"enemies":"Nemesis","floor":48,"turns":5},{"damage":52,"enemies":"Donu and Deca","floor":50,"turns":6}],"seed_played":"4304830892886600551","potions_obtained":[{"floor":0,"key":"AttackPotion"},{"floor":0,"key":"GamblersBrew"},{"floor":0,"key":"Fruit Juice"},{"floor":1,"key":"Dexterity Potion"},{"floor":7,"key":"Ancient Potion"},{"floor":11,"key":"Block Potion"},{"floor":16,"key":"Poison Potion"},{"floor":24,"key":"FocusPotion"},{"floor":45,"key":"FearPotion"},{"floor":47,"key":"Regen Potion"},{"floor":48,"key":"Dexterity Potion"}],"is_trial":false,"path_per_floor":["M","?","M","?","T","R","E","M","T","M","M","E","?","M","R","B",null,"M","?","?","M","$","R","M","E","T","E","$","R","T","E","R","B",null,"M","?","$","?","?","R","?","E","T","?","E","R","M","E","R","B"],"character_chosen":"DEFECT","items_purchased":["Chrysalis+1","Loop","Regal Pillow","Loop","Hologram+1","Heatsinks"],"campfire_rested":1,"item_purchase_floors":[22,22,22,28,28,37],"current_hp_per_floor":[78,78,75,59,59,59,56,56,56,43,43,41,41,37,37,35,80,75,75,75,68,68,68,68,47,47,55,55,55,55,53,53,7,80,80,70,70,70,70,70,70,24,24,24,29,68,76,80,80,51],"gold":108,"neow_bonus":"THREE_SMALL_POTIONS","is_prod":false,"is_daily":false,"chose_seed":false,"campfire_upgraded":7,"win_rate":0,"timestamp":1539512261,"path_taken":["M","?","M","?","?","R","E","M","T","M","?","E","?","M","R","BOSS","M","?","?","?","$","R","M","E","T","E","$","R","?","E","R","BOSS","M","?","$","?","?","R","?","E","T","?","E","R","?","E","R","BOSS"],"build_version":"2018-10-11","purchased_purges":1,"victory":true,"max_hp_per_floor":[80,80,80,80,80,80,80,80,80,80,80,80,80,80,80,80,80,80,80,80,80,80,80,80,80,80,80,80,80,80,80,80,80,80,80,80,80,80,80,80,80,80,80,80,80,80,80,80,80,80],"card_choices":[{"not_picked":["Steam","Conserve Battery"],"picked":"Ball Lightning","floor":1},{"not_picked":["Skim","Melter"],"picked":"Leap","floor":3},{"not_picked":["Turbo","Loop"],"picked":"Electrodynamics","floor":7},{"not_picked":["Auto Shields","Stack"],"picked":"White Noise","floor":8},{"not_picked":["Recycle+1","Turbo+1"],"picked":"Conserve Battery+1","floor":10},{"not_picked":["Beam Cell","Ball Lightning"],"picked":"Darkness+1","floor":11},{"not_picked":["Consume+1","Gash"],"picked":"Rebound","floor":12},{"not_picked":["Gash","Barrage"],"picked":"Storm","floor":14},{"not_picked":["Biased Cognition","Core Surge"],"picked":"Fission+1","floor":16},{"not_picked":["Aggregate+1","Coolheaded+1"],"picked":"Redo+1","floor":18},{"not_picked":["Streamline+1","Turbo+1"],"picked":"Hologram+1","floor":21},{"not_picked":["Reprogram+1","Barrage+1"],"picked":"Redo+1","floor":24},{"not_picked":["Sunder","Seek+1"],"picked":"Tempest+1","floor":25},{"not_picked":["Gash+1","Compile Driver+1"],"picked":"Reprogram+1","floor":27},{"not_picked":["Redo+1","Scrape"],"picked":"Defragment","floor":31},{"not_picked":["Creative AI","Biased Cognition"],"picked":"Echo Form","floor":33},{"not_picked":["Undo+1","Scrape+1","Leap+1"],"picked":"SKIP","floor":35},{"not_picked":["Steam Power+1","Recycle+1"],"picked":"Steam+1","floor":42},{"not_picked":["Deep Breath+1","Secret Technique+1"],"picked":"Violence+1","floor":44},{"not_picked":["Beam Cell+1","Doom and Gloom"],"picked":"Buffer","floor":45},{"not_picked":["Cold Snap","Compile Driver+1"],"picked":"BootSequence+1","floor":47},{"not_picked":["Ball Lightning+1","Aggregate+1"],"picked":"Fusion+1","floor":48}],"player_experience":489090,"relics_obtained":[{"floor":5,"key":"Bag of Preparation"},{"floor":7,"key":"Ancient Tea Set"},{"floor":9,"key":"Toxic Egg 2"},{"floor":12,"key":"Nunchaku"},{"floor":25,"key":"Bird Faced Urn"},{"floor":26,"key":"PreservedInsect"},{"floor":27,"key":"Shuriken"},{"floor":30,"key":"Vajra"},{"floor":31,"key":"Cables"},{"floor":42,"key":"Matryoshka"},{"floor":43,"key":"Bottled Lightning"},{"floor":43,"key":"Bottled Tornado"},{"floor":45,"key":"Blood Vial"},{"floor":48,"key":"Blue Candle"}],"event_choices":[{"event_name":"Big Fish","player_choice":"Box","floor":2,"damage_taken":0},{"event_name":"Shining Light","player_choice":"Entered Light","floor":4,"damage_taken":0},{"event_name":"Upgrade Shrine","player_choice":"Upgraded","floor":13,"damage_taken":0},{"event_name":"Forgotten Altar","player_choice":"Smashed Altar","floor":19,"damage_taken":0},{"event_name":"Addict","player_choice":"Obtained Relic","floor":20,"damage_taken":0},{"event_name":"Winding Halls","player_choice":"Embrace Madness","floor":36,"damage_taken":0},{"event_name":"Tomb of Lord Red Mask","player_choice":"Paid","floor":38,"damage_taken":0},{"event_name":"FaceTrader","player_choice":"Trade","floor":39,"damage_taken":0},{"event_name":"Fountain of Cleansing","player_choice":"Removed Curse","floor":41,"damage_taken":0},{"event_name":"SensoryStone","player_choice":"Memory 1","floor":44,"damage_taken":0}],"is_beta":false,"boss_relics":[{"not_picked":["Pandora\u0027s Box","Lizard Tail"],"picked":"Cursed Key"},{"not_picked":["White Beast Statue","Runic Pyramid"],"picked":"Inserter"}],"items_purged_floors":[37],"is_endless":false,"potions_floor_spawned":[1,7,11,16,21,24,25,45,47,48],"ascension_level":1}