{"gold_per_floor":[117,134,134,152,72,72,106,120,169,187,220,235,235,254,254,352,352,364,97,109,127,137,137,137,61,85,48,48,48,48,103,103,204,204,216,2,2,2,2,31,57,57,57,107,107,31,58,89,101,113],"floor_reached":51,"playtime":1278,"items_purged":[],"score":837,"play_id":"74844306-5f43-41f3-b418-c19ccc38a460","local_time":"20181014234217","is_ascension_mode":true,"campfire_choices":[{"data":"Storm","floor":6.0,"key":"SMITH"},{"floor":15.0,"key":"REST"},{"data":"Storm","floor":23,"key":"SMITH"},{"data":"White Noise","floor":30,"key":"SMITH"},{"data":"Storm","floor":32,"key":"SMITH"},{"data":"Capacitor","floor":49,"key":"SMITH"}],"neow_cost":"NONE","seed_source_timestamp":0,"circlet_count":0,"master_deck":["Strike_B","Strike_B","Strike_B","Strike_B","Defend_B","Defend_B","Defend_B","Defend_B","Zap","Dualcast","Electrodynamics","Compile Driver","Sunder","Loop","Storm+1","Redo","Lockon","Heatsinks","Melter+1","Steam","Steam","Hologram","Biased Cognition","Defragment","Loop","Glacier","Go for the Eyes+1","Capacitor+1","Storm+1","Steam+1","White Noise+1","Self Repair","Storm+1","Self Repair","Necronomicurse","Electrodynamics","Skim+1","Loop","Capacitor+1","Buffer","BootSequence","Self Repair","White Noise+1","Consume"],"special_seed":0,"relics":["Cracked Core","Mummified Hand","Dream Catcher","Juzu Bracelet","Regal Pillow","Orrery","Toolbox","Lantern","Necronomicon","Whetstone","Bag of Marbles","Lizard Tail","Bronze Scales","Pocketwatch","Ornamental Fan","Potion Belt","Happy Flower","MawBank"],"potions_floor_usage":[33,47,50,50],"damage_taken":[{"damage":1.0,"enemies":"Cultist","floor":1.0,"turns":3.0},{"damage":10.0,"enemies":"Small Slimes","floor":2.0,"turns":2.0},{"damage":0.0,"enemies":"2 Louse","floor":4.0,"turns":1.0},{"damage":10.0,"enemies":"3 Sentries","floor":7.0,"turns":3.0},{"damage":3.0,"enemies":"Blue Slaver","floor":8.0,"turns":2.0},{"damage":12.0,"enemies":"Exordium Thugs","floor":10.0,"turns":3.0},{"damage":15.0,"enemies":"Lagavulin","floor":11.0,"turns":4.0},{"damage":18.0,"enemies":"Large Slime","floor":12.0,"turns":4.0},{"damage":0.0,"enemies":"Blue Slaver","floor":14.0,"turns":1.0},{"damage":24.0,"enemies":"The Guardian","floor":16.0,"turns":8.0},{"damage":13.0,"enemies":"3 Byrds","floor":18.0,"turns":4.0},{"damage":10.0,"enemies":"2 Thieves","floor":20.0,"turns":2.0},{"damage":4.0,"enemies":"Cultist and Chosen","floor":21.0,"turns":4.0},{"damage":6.0,"enemies":"Snake Plant","floor":22.0,"turns":3.0},{"damage":45,"enemies":"Collector","floor":33,"turns":4},{"damage":5,"enemies":"Orb Walker","floor":35,"turns":2},{"damage":9,"enemies":"Mind Bloom Boss Battle","floor":37,"turns":2},{"damage":53,"enemies":"Giant Head","floor":40,"turns":6},{"damage":0,"enemies":"3 Shapes","floor":41,"turns":1},{"damage":17,"enemies":"2 Orb Walkers","floor":47,"turns":2},{"damage":3,"enemies":"Spire Growth","floor":48,"turns":3},{"damage":101,"enemies":"Awakened One","floor":50,"turns":6}],"seed_played":"-7580724669470643871","potions_obtained":[{"floor":4.0,"key":"FocusPotion"},{"floor":8.0,"key":"LiquidBronze"},{"floor":10.0,"key":"LiquidBronze"},{"floor":12.0,"key":"SkillPotion"},{"floor":14.0,"key":"EssenceOfSteel"},{"floor":18.0,"key":"Block Potion"},{"floor":21.0,"key":"Energy Potion"},{"floor":22.0,"key":"PowerPotion"},{"floor":40,"key":"PowerPotion"},{"floor":47,"key":"Fire Potion"},{"floor":48,"key":"SpeedPotion"}],"is_trial":false,"path_per_floor":["M","M","T","M","$","R","E","M","T","M","E","M","?","M","R","B",null,"M","$","M","M","M","R","?","$","T","$","?","T","R","T","R","B",null,"M","$","?","?","$","E","M","?","T","T","?","$","E","M","R","B"],"character_chosen":"DEFECT","items_purchased":["Storm","Storm","Toolbox","Storm","Self Repair","Loop","Bronze Scales","Self Repair"],"campfire_rested":1,"item_purchase_floors":[5,19,19,25,27,36,36,46],"current_hp_per_floor":[74,64,64,64,64,64,54,51,51,39,24,6,3,3,40,16,75,62,62,52,48,42,42,67,67,67,67,51,51,51,51,51,6,75,70,70,61,61,61,22,29,66,66,66,63,63,53,63,63,52],"gold":125,"neow_bonus":"ONE_RANDOM_RARE_CARD","is_prod":false,"is_daily":false,"chose_seed":false,"campfire_upgraded":5,"win_rate":0,"timestamp":1539585737,"path_taken":["M","M","?","?","$","R","E","?","T","M","E","M","?","M","R","BOSS","M","$","M","M","M","R","?","$","T","$","?","?","R","?","R","BOSS","M","$","?","?","$","E","M","?","T","?","?","$","E","M","R","BOSS"],"build_version":"2018-10-11","purchased_purges":0,"victory":true,"max_hp_per_floor":[75,75,75,75,75,75,75,75,75,75,75,75,75,75,75,75,75,75,75,75,75,75,75,75,75,75,75,75,75,75,75,75,75,75,75,75,75,75,75,75,75,66,66,66,63,63,63,63,63,63],"card_choices":[{"not_picked":["Barrage","Turbo"],"picked":"Compile Driver","floor":1.0},{"not_picked":["Streamline","Loop"],"picked":"Sunder","floor":2.0},{"not_picked":["Double Energy","Beam Cell"],"picked":"Loop","floor":4.0},{"not_picked":["Rebound","Hyperbeam"],"picked":"Redo","floor":7.0},{"not_picked":["Compile Driver","Aggregate"],"picked":"Lockon","floor":8.0},{"not_picked":["Compile Driver","Conserve Battery"],"picked":"Heatsinks","floor":10.0},{"not_picked":["Reprogram","Rainbow"],"picked":"Melter","floor":11.0},{"not_picked":["Double Energy","Recycle"],"picked":"Steam","floor":12.0},{"not_picked":["Redo","Hologram"],"picked":"Steam","floor":14.0},{"not_picked":["Turbo","Tempest"],"picked":"Hologram","floor":15.0},{"not_picked":["Hyperbeam","Meteor Strike"],"picked":"Biased Cognition","floor":16.0},{"not_picked":["Leap","Undo"],"picked":"Redo","floor":17.0},{"not_picked":["Capacitor","Fusion"],"picked":"Defragment","floor":17.0},{"not_picked":["Sweeping Beam","Stack"],"picked":"Loop","floor":17.0},{"not_picked":["Sunder","Streamline"],"picked":"Glacier","floor":17.0},{"not_picked":["Melter","Darkness"],"picked":"Go for the Eyes","floor":17.0},{"not_picked":["Static Discharge+1","Lockon+1"],"picked":"Capacitor","floor":18.0},{"not_picked":["Turbo+1","Ball Lightning"],"picked":"Steam+1","floor":20.0},{"not_picked":["Force Field","Compile Driver"],"picked":"White Noise","floor":21.0},{"not_picked":["Compile Driver","Heatsinks"],"picked":"Self Repair","floor":22.0},{"not_picked":["All For One","Amplify"],"picked":"Electrodynamics","floor":33},{"not_picked":["Cold Snap+1","Rebound"],"picked":"Skim+1","floor":35},{"not_picked":["Go for the Eyes","Coolheaded+1"],"picked":"Capacitor+1","floor":37},{"not_picked":["Machine Learning","Go for the Eyes+1"],"picked":"Buffer","floor":40},{"not_picked":["Glacier+1","Double Energy"],"picked":"BootSequence","floor":41},{"not_picked":["Steam Power+1","FTL+1"],"picked":"White Noise+1","floor":47},{"not_picked":["Compile Driver+1","Glacier"],"picked":"Consume","floor":48}],"player_experience":505718,"relics_obtained":[{"floor":3.0,"key":"Mummified Hand"},{"floor":7.0,"key":"Dream Catcher"},{"floor":9.0,"key":"Juzu Bracelet"},{"floor":11.0,"key":"Regal Pillow"},{"floor":26,"key":"Lantern"},{"floor":28,"key":"Necronomicon"},{"floor":29,"key":"Whetstone"},{"floor":31,"key":"Bag of Marbles"},{"floor":37,"key":"Pocketwatch"},{"floor":40,"key":"Ornamental Fan"},{"floor":43,"key":"Potion Belt"},{"floor":44,"key":"Happy Flower"},{"floor":47,"key":"MawBank"}],"event_choices":[{"event_name":"Scrap Ooze","player_choice":"unsuccessful","floor":13.0,"damage_taken":3.0},{"event_name":"The Library","player_choice":"Heal","floor":24,"damage_taken":0},{"event_name":"Cursed Tome","player_choice":"Obtained Book","floor":28,"damage_taken":0},{"event_name":"MindBloom","player_choice":"Fight","floor":37,"damage_taken":0},{"event_name":"Falling","player_choice":"Removed Skill","floor":38,"damage_taken":0},{"event_name":"The Moai Head","player_choice":"Heal","floor":42,"damage_taken":0},{"event_name":"Winding Halls","player_choice":"Max HP","floor":45,"damage_taken":0}],"is_beta":false,"boss_relics":[{"not_picked":["Philosopher\u0027s Stone","Runic Dome"],"picked":"Orrery"},{"not_picked":["Runic Pyramid","Eternal Feather"],"picked":"Lizard Tail"}],"items_purged_floors":[],"is_endless":false,"potions_floor_spawned":[4,8,10,12,14,18,21,22,40,47,48],"ascension_level":3}