{"gold_per_floor":[15,15,15,25,25,25,60,60,84,34,53,65,15,32,32,136,136,150,166,166,166],"floor_reached":21,"playtime":5623,"items_purged":["Impatience","Strike_R"],"score":179,"play_id":"f1b546c0-e459-4db7-8ece-322ef52531ad","local_time":"20190414214421","is_ascension_mode":false,"campfire_choices":[{"data":"Perfected Strike","floor":6,"key":"SMITH"},{"data":"Good Instincts","floor":8,"key":"SMITH"},{"data":"Rage","floor":15,"key":"SMITH"}],"neow_cost":"NO_GOLD","seed_source_timestamp":73572430364300,"circlet_count":0,"master_deck":["Strike_R","Strike_R","Defend_R","Defend_R","Defend_R","Bash","Good Instincts+1","Perfected Strike+1","Evolve","Rage+1","Metallicize","Feed","Anger+1","Spot Weakness+1","Barricade+1","Writhe"],"relics":["Burning Blood","Sundial","Smiling Mask","Astrolabe","Dodecahedron"],"potions_floor_usage":[16,16,16,21],"damage_taken":[{"damage":6,"enemies":"Jaw Worm","floor":1,"turns":4},{"damage":2,"enemies":"2 Louse","floor":4,"turns":3},{"damage":46,"enemies":"Lagavulin","floor":7,"turns":7},{"damage":1,"enemies":"Cultist","floor":11,"turns":3},{"damage":0,"enemies":"Blue Slaver","floor":12,"turns":2},{"damage":17,"enemies":"Exordium Thugs","floor":14,"turns":6},{"damage":24,"enemies":"Hexaghost","floor":16,"turns":13},{"damage":38,"enemies":"2 Thieves","floor":18,"turns":5},{"damage":31,"enemies":"3 Byrds","floor":19,"turns":7},{"damage":37,"enemies":"Snecko","floor":21,"turns":7}],"seed_played":"1459830335257975839","potions_obtained":[{"floor":1,"key":"Block Potion"},{"floor":4,"key":"SkillPotion"},{"floor":11,"key":"EntropicBrew"}],"is_trial":false,"path_per_floor":["M","?","?","M","$","R","E","R","T","$","M","M","$","M","R","B",null,"M","M","?","M"],"character_chosen":"IRONCLAD","items_purchased":[],"campfire_rested":0,"item_purchase_floors":[],"current_hp_per_floor":[80,80,80,80,80,80,40,40,40,40,45,51,51,40,40,22,80,51,29,29,0],"gold":166,"neow_bonus":"RANDOM_COLORLESS_2","is_prod":false,"is_daily":false,"chose_seed":false,"campfire_upgraded":3,"win_rate":0.0,"timestamp":1555303461,"path_taken":["M","?","?","M","$","R","E","R","T","?","M","M","$","M","R","BOSS","M","?","?","M"],"build_version":"2019-01-23","purchased_purges":2,"victory":false,"max_hp_per_floor":[80,80,80,80,80,80,80,80,80,80,80,80,80,80,80,80,80,83,86,86,86],"card_choices":[{"not_picked":["Hemokinesis","Second Wind"],"picked":"Perfected Strike","floor":1},{"not_picked":["Shrug It Off","Uppercut","Armaments"],"picked":"SKIP","floor":4},{"not_picked":["Second Wind","Intimidate"],"picked":"Evolve","floor":7},{"not_picked":["Flex","Body Slam"],"picked":"Rage","floor":11},{"not_picked":["Clothesline","Anger","Heavy Blade"],"picked":"SKIP","floor":12},{"not_picked":["Intimidate","Headbutt"],"picked":"Metallicize","floor":14},{"not_picked":["Immolate","Bludgeon"],"picked":"Feed","floor":16},{"not_picked":["Havoc","Inflame","Metallicize"],"picked":"SKIP","floor":18},{"not_picked":["Uppercut","Sever Soul","Dual Wield"],"picked":"SKIP","floor":19}],"player_experience":68994,"relics_obtained":[{"floor":7,"key":"Sundial"},{"floor":9,"key":"Smiling Mask"}],"event_choices":[{"damage_healed":0,"gold_gain":0,"player_choice":"Ignored","damage_taken":0,"max_hp_gain":0,"max_hp_loss":0,"event_name":"Golden Wing","floor":2,"gold_loss":0},{"damage_healed":0,"gold_gain":0,"player_choice":"Ignored","damage_taken":0,"max_hp_gain":0,"max_hp_loss":0,"event_name":"Shining Light","floor":3,"gold_loss":0},{"damage_healed":0,"gold_gain":0,"player_choice":"Opened","damage_taken":0,"relics_obtained":["Dodecahedron"],"max_hp_gain":0,"max_hp_loss":0,"event_name":"The Mausoleum","floor":20,"gold_loss":0,"cards_obtained":["Writhe"]}],"is_beta":false,"boss_relics":[{"not_picked":["Runic Pyramid","Ectoplasm"],"picked":"Astrolabe"}],"items_purged_floors":[10,13],"is_endless":false,"potions_floor_spawned":[1,4,11,12,19],"killed_by":"Snecko","ascension_level":0}