{"gold_per_floor":[109,124,124,142,33,365,365,400,423,423,435,451,451,28,28,124,124,134,9,9,21,21,21,34,65,65,65,65,19,19,19,19,116,116,128,128,144,161,11,11,30,30,30,48,48,80,98,112,112,112],"floor_reached":51,"playtime":7111,"items_purged":["Defend_R","Defend_R","Strike_R","Defend_R"],"score":680,"play_id":"a24d1243-6f5b-417d-944a-f44413e4027a","local_time":"20190402202744","is_ascension_mode":false,"campfire_choices":[{"data":"Bash","floor":7,"key":"SMITH"},{"data":"Rage","floor":10,"key":"SMITH"},{"data":"Inflame","floor":13,"key":"SMITH"},{"data":"Reaper","floor":15,"key":"SMITH"},{"floor":23,"key":"REST"},{"floor":27,"key":"REST"},{"floor":32,"key":"REST"},{"floor":40,"key":"REST"},{"data":"Flex","floor":42,"key":"SMITH"},{"data":"Pummel","floor":45,"key":"SMITH"},{"floor":49,"key":"REST"}],"neow_cost":"NONE","seed_source_timestamp":1067608526763514,"circlet_count":0,"master_deck":["Strike_R+1","Strike_R+1","Strike_R","Defend_R","Bash+1","Rage+1","Clash","Pummel+1","Sever Soul","Iron Wave","Inflame+1","Reaper+1","Rage","Dropkick","Warcry","Finesse","Berserk","Intimidate","Bloodletting","Ghostly Armor","Inflame","Clash","Feed","Shrug It Off","Second Wind+1","Reaper","Flex+1","Flex+1","Armaments+1","Inflame","Flex+1","Blood for Blood+1","Dual Wield+1","Flame Barrier+1","Headbutt","Sword Boomerang+1"],"relics":["Burning Blood","Whetstone","Bronze Scales","Old Coin","Bottled Lightning","Omamori","Dream Catcher","Runic Pyramid","Nilry\u0027s Codex","Bag of Preparation","Darkstone Periapt","Regal Pillow","Velvet Choker","FossilizedHelix","Red Skull"],"potions_floor_usage":[16,33,33,46,48,50,50],"damage_taken":[{"damage":1,"enemies":"Cultist","floor":1,"turns":3},{"damage":0,"enemies":"Small Slimes","floor":2,"turns":3},{"damage":2,"enemies":"Jaw Worm","floor":4,"turns":3},{"damage":17,"enemies":"3 Sentries","floor":6,"turns":8},{"damage":11,"enemies":"Gremlin Nob","floor":8,"turns":4},{"damage":0,"enemies":"Red Slaver","floor":11,"turns":2},{"damage":0,"enemies":"Looter","floor":12,"turns":2},{"damage":23,"enemies":"The Guardian","floor":16,"turns":5},{"damage":0,"enemies":"Chosen","floor":18,"turns":4},{"damage":20,"enemies":"2 Thieves","floor":21,"turns":4},{"damage":35,"enemies":"3 Cultists","floor":24,"turns":4},{"damage":49,"enemies":"Gremlin Leader","floor":25,"turns":5},{"damage":18,"enemies":"Collector","floor":33,"turns":7},{"damage":26,"enemies":"Orb Walker","floor":35,"turns":4},{"damage":7,"enemies":"3 Shapes","floor":37,"turns":3},{"damage":50,"enemies":"Spire Growth","floor":38,"turns":4},{"damage":47,"enemies":"3 Darklings","floor":41,"turns":5},{"damage":0,"enemies":"Transient","floor":44,"turns":5},{"damage":36,"enemies":"Giant Head","floor":46,"turns":8},{"damage":93,"enemies":"4 Shapes","floor":47,"turns":5},{"damage":7,"enemies":"Jaw Worm Horde","floor":48,"turns":5},{"damage":131,"enemies":"Awakened One","floor":50,"turns":10}],"seed_played":"-1227849333504903112","potions_obtained":[{"floor":2,"key":"Block Potion"},{"floor":6,"key":"GamblersBrew"},{"floor":12,"key":"SteroidPotion"},{"floor":16,"key":"Poison Potion"},{"floor":24,"key":"Swift Potion"},{"floor":33,"key":"SkillPotion"},{"floor":38,"key":"Poison Potion"},{"floor":41,"key":"EssenceOfSteel"},{"floor":46,"key":"Regen Potion"}],"is_trial":false,"path_per_floor":["M","M","T","M","$","E","R","E","T","R","M","M","R","$","R","B",null,"M","$","?","M","$","R","M","E","T","R","T","$","?","?","R","B",null,"M","?","M","M","$","R","M","R","T","M","R","E","M","M","R","B",null],"character_chosen":"IRONCLAD","items_purchased":["Sever Soul","Dropkick","Warcry","Finesse","Dream Catcher","Shrug It Off"],"campfire_rested":5,"item_purchase_floors":[5,14,14,14,14,29],"current_hp_per_floor":[80,80,80,80,80,69,69,64,64,64,70,76,76,76,76,63,80,80,80,64,50,50,74,63,35,35,59,59,59,44,44,84,85,85,84,84,88,61,61,91,72,72,72,91,91,88,43,75,94,41],"gold":112,"neow_bonus":"RANDOM_COMMON_RELIC","is_prod":false,"is_daily":false,"chose_seed":false,"campfire_upgraded":6,"win_rate":0.0,"timestamp":1554233264,"path_taken":["M","M","?","?","$","E","R","E","T","R","?","M","R","$","R","BOSS","M","$","?","M","?","R","?","E","T","R","?","$","?","?","R","BOSS","M","?","M","M","$","R","M","R","T","M","R","E","M","M","R","BOSS"],"build_version":"2019-01-23","purchased_purges":4,"victory":true,"max_hp_per_floor":[80,80,80,80,80,80,80,80,80,80,80,80,80,80,80,80,80,80,80,80,80,80,80,80,80,80,80,80,80,85,85,85,85,85,88,88,88,91,91,91,91,91,91,91,91,91,91,94,94,94],"card_choices":[{"not_picked":["Body Slam","Bloodletting"],"picked":"Rage","floor":1},{"not_picked":["Shrug It Off","Thunderclap"],"picked":"Clash","floor":2},{"not_picked":["Rupture","Metallicize"],"picked":"Pummel","floor":4},{"not_picked":["True Grit","Shrug It Off"],"picked":"Iron Wave","floor":6},{"not_picked":["Perfected Strike","Spot Weakness"],"picked":"Inflame","floor":8},{"not_picked":["Body Slam","Perfected Strike"],"picked":"Reaper","floor":11},{"not_picked":["Headbutt","Clothesline"],"picked":"Rage","floor":12},{"not_picked":["Juggernaut","Bludgeon"],"picked":"Berserk","floor":16},{"not_picked":["Perfected Strike","Sword Boomerang"],"picked":"Intimidate","floor":18},{"not_picked":["Ghostly Armor+1","Thunderclap"],"picked":"Bloodletting","floor":21},{"not_picked":["Clothesline","Perfected Strike"],"picked":"Ghostly Armor","floor":23},{"not_picked":["Warcry+1","Clothesline+1"],"picked":"Inflame","floor":24},{"not_picked":["Feel No Pain","Twin Strike+1"],"picked":"Clash","floor":25},{"not_picked":["Sword Boomerang+1","Shrug It Off"],"picked":"Feed","floor":27},{"not_picked":["Bloodletting","Metallicize+1"],"picked":"Second Wind+1","floor":32},{"not_picked":["Offering","Limit Break"],"picked":"Reaper","floor":33},{"not_picked":["Metallicize","Battle Trance"],"picked":"Flex+1","floor":35},{"not_picked":["Iron Wave+1","Cleave+1"],"picked":"Flex","floor":37},{"not_picked":["Iron Wave","Flex"],"picked":"Armaments+1","floor":38},{"not_picked":["Heavy Blade","Thunderclap"],"picked":"Inflame","floor":40},{"not_picked":["Inflame","True Grit"],"picked":"Flex+1","floor":41},{"not_picked":["Warcry","Cleave+1"],"picked":"Blood for Blood+1","floor":44},{"not_picked":["Armaments","Ghostly Armor+1"],"picked":"Dual Wield+1","floor":46},{"not_picked":["Battle Trance","Searing Blow"],"picked":"Flame Barrier+1","floor":47},{"not_picked":["Reckless Charge","Iron Wave+1"],"picked":"Headbutt","floor":48},{"not_picked":["Bloodletting","Body Slam"],"picked":"Sword Boomerang+1","floor":49}],"player_experience":12724,"relics_obtained":[{"floor":3,"key":"Bronze Scales"},{"floor":6,"key":"Old Coin"},{"floor":8,"key":"Bottled Lightning"},{"floor":9,"key":"Omamori"},{"floor":20,"key":"Nilry\u0027s Codex"},{"floor":25,"key":"Bag of Preparation"},{"floor":26,"key":"Darkstone Periapt"},{"floor":28,"key":"Regal Pillow"},{"floor":43,"key":"FossilizedHelix"},{"floor":46,"key":"Red Skull"}],"event_choices":[{"damage_healed":0,"gold_gain":0,"player_choice":"Obtained Book","damage_taken":16,"max_hp_gain":0,"max_hp_loss":0,"event_name":"Cursed Tome","floor":20,"gold_loss":0},{"damage_healed":0,"gold_gain":0,"player_choice":"Shed Blood","damage_taken":20,"max_hp_gain":5,"max_hp_loss":0,"event_name":"Forgotten Altar","floor":30,"gold_loss":0},{"cards_removed":["Strike_R"],"damage_healed":0,"gold_gain":0,"player_choice":"Offered Basic","damage_taken":0,"max_hp_gain":0,"max_hp_loss":0,"event_name":"Bonfire Elementals","floor":31,"gold_loss":0},{"damage_healed":0,"gold_gain":0,"player_choice":"Cursed","damage_taken":0,"max_hp_gain":0,"max_hp_loss":0,"event_name":"Wheel of Change","floor":36,"gold_loss":0,"cards_obtained":["Decay"]}],"is_beta":false,"boss_relics":[{"not_picked":["Coffee Dripper","Busted Crown"],"picked":"Runic Pyramid"},{"not_picked":["Tiny House","Lizard Tail"],"picked":"Velvet Choker"}],"items_purged_floors":[5,14,19,39],"is_endless":false,"potions_floor_spawned":[2,6,12,16,24,33,38,41,46,47],"ascension_level":0}