{"gold_per_floor":[111,111,121,121,136,136,136,136,136,136,146,177,95,47,47,47],"floor_reached":16,"playtime":1351,"items_purged":["Regret"],"score":118,"play_id":"fd192470-59fd-4de0-9ef6-72602c056665","local_time":"20190414132103","is_ascension_mode":true,"campfire_choices":[{"data":"Havoc","floor":6,"key":"SMITH"},{"data":"Clothesline","floor":10,"key":"SMITH"},{"floor":15,"key":"REST"}],"neow_cost":"NONE","seed_source_timestamp":674512559344624,"circlet_count":0,"master_deck":["Strike_R","Strike_R","Strike_R","Strike_R","Strike_R+1","Defend_R","Defend_R","Defend_R+1","Defend_R","Bash","Clothesline+1","Burning Pact","Havoc+1","Shrug It Off","Armaments"],"relics":["Burning Blood","Pen Nib","Champion Belt","The Courier","Juzu Bracelet"],"potions_floor_usage":[12,12],"damage_taken":[{"damage":13,"enemies":"Jaw Worm","floor":1,"turns":4},{"damage":0,"enemies":"Small Slimes","floor":3,"turns":3},{"damage":6,"enemies":"Cultist","floor":5,"turns":3},{"damage":15,"enemies":"Blue Slaver","floor":11,"turns":4},{"damage":30,"enemies":"Lagavulin","floor":12,"turns":5},{"damage":62,"enemies":"The Guardian","floor":16,"turns":18}],"seed_played":"-5752844560094351550","potions_obtained":[{"floor":1,"key":"Poison Potion"},{"floor":5,"key":"LiquidBronze"},{"floor":11,"key":"Poison Potion"}],"is_trial":false,"path_per_floor":["M","?","M","?","M","R","?","?","T","R","M","E","$","?","R","B"],"character_chosen":"IRONCLAD","items_purchased":["Armaments"],"campfire_rested":1,"item_purchase_floors":[13],"current_hp_per_floor":[81,81,87,87,87,87,80,62,62,62,53,29,29,29,55,0],"gold":47,"neow_bonus":"TEN_PERCENT_HP_BONUS","is_prod":false,"is_daily":false,"chose_seed":false,"campfire_upgraded":2,"win_rate":0,"timestamp":1555262463,"path_taken":["M","?","M","?","M","R","?","?","T","R","?","E","$","?","R","BOSS"],"build_version":"2019-01-23","purchased_purges":1,"victory":false,"max_hp_per_floor":[88,88,88,88,88,88,88,88,88,88,88,88,88,88,88,88],"card_choices":[{"not_picked":["Seeing Red","Twin Strike"],"picked":"Clothesline","floor":1},{"not_picked":["Rupture","Wild Strike"],"picked":"Burning Pact","floor":3},{"not_picked":["Rampage","Infernal Blade"],"picked":"Havoc","floor":5},{"not_picked":["Iron Wave","Double Tap","Heavy Blade"],"picked":"SKIP","floor":11},{"not_picked":["Whirlwind","Inflame"],"picked":"Shrug It Off","floor":12}],"player_experience":299095,"relics_obtained":[{"floor":9,"key":"The Courier"},{"floor":12,"key":"Juzu Bracelet"}],"event_choices":[{"damage_healed":0,"gold_gain":0,"player_choice":"Ignored","damage_taken":0,"max_hp_gain":0,"max_hp_loss":0,"event_name":"Liars Game","floor":2,"gold_loss":0},{"damage_healed":0,"gold_gain":0,"player_choice":"Box","damage_taken":0,"relics_obtained":["Pen Nib"],"max_hp_gain":0,"max_hp_loss":0,"event_name":"Big Fish","floor":4,"gold_loss":0,"cards_obtained":["Regret"]},{"damage_healed":0,"gold_gain":0,"player_choice":"Success","damage_taken":7,"relics_obtained":["Champion Belt"],"max_hp_gain":0,"max_hp_loss":0,"event_name":"Scrap Ooze","floor":7,"gold_loss":0},{"damage_healed":0,"gold_gain":0,"player_choice":"Entered Light","damage_taken":18,"max_hp_gain":0,"max_hp_loss":0,"event_name":"Shining Light","floor":8,"gold_loss":0,"cards_upgraded":["Defend_R","Strike_R"]},{"damage_healed":0,"gold_gain":0,"player_choice":"Left Gold","damage_taken":0,"max_hp_gain":0,"max_hp_loss":0,"event_name":"World of Goop","floor":14,"gold_loss":48}],"is_beta":false,"boss_relics":[],"items_purged_floors":[13],"is_endless":false,"potions_floor_spawned":[1,5,11],"killed_by":"The Guardian","ascension_level":4}