{"gold_per_floor":[114,128,146,146,167,198,198,237,262,262,262,306,306,330,330,330],"floor_reached":16,"playtime":790,"items_purged":[],"score":174,"play_id":"105c8f9b-eed1-47a6-acaa-e03c6b05e254","local_time":"20190306025618","is_ascension_mode":true,"campfire_choices":[{"floor":7,"key":"REST"},{"floor":10,"key":"REST"},{"data":"Bash","floor":15,"key":"SMITH"}],"neow_cost":"NONE","seed_source_timestamp":133200684103876,"circlet_count":0,"master_deck":["Strike_R","Strike_R","Strike_R","Strike_R","Defend_R","Defend_R","Defend_R","Defend_R","Bash+1","Pommel Strike","Ghostly Armor","Cleave","Spot Weakness","Iron Wave","Parasite","Intimidate","Headbutt"],"relics":["Burning Blood","Golden Idol","Smiling Mask","Juzu Bracelet","Anchor","Strawberry","Magic Flower"],"potions_floor_usage":[6,6,16],"damage_taken":[{"damage":4,"enemies":"Jaw Worm","floor":1,"turns":4},{"damage":16,"enemies":"2 Louse","floor":2,"turns":3},{"damage":1,"enemies":"Cultist","floor":3,"turns":3},{"damage":12,"enemies":"Looter","floor":5,"turns":3},{"damage":40,"enemies":"Lagavulin","floor":6,"turns":7},{"damage":38,"enemies":"Gremlin Nob","floor":8,"turns":5},{"damage":30,"enemies":"3 Sentries","floor":12,"turns":6},{"damage":2,"enemies":"3 Louse","floor":14,"turns":3},{"damage":45,"enemies":"Hexaghost","floor":16,"turns":9}],"seed_played":"-2458276412737262566","potions_obtained":[{"floor":2,"key":"BloodPotion"},{"floor":3,"key":"SpeedPotion"},{"floor":12,"key":"Weak Potion"}],"is_trial":false,"path_per_floor":["M","M","M","?","M","E","R","E","T","R","?","E","T","M","R","B"],"character_chosen":"IRONCLAD","items_purchased":[],"campfire_rested":2,"item_purchase_floors":[],"current_hp_per_floor":[74,64,69,49,43,17,41,9,9,33,53,36,36,43,43,0],"gold":330,"neow_bonus":"REMOVE_CARD","is_prod":false,"is_daily":false,"chose_seed":false,"campfire_upgraded":1,"win_rate":0,"timestamp":1551858978,"path_taken":["M","M","M","?","M","E","R","E","T","R","?","E","?","M","R","BOSS"],"build_version":"2019-01-23","purchased_purges":0,"victory":false,"max_hp_per_floor":[80,80,80,80,80,80,80,80,80,80,80,87,87,87,87,87],"card_choices":[{"not_picked":["Thunderclap","Shrug It Off"],"picked":"Pommel Strike","floor":1},{"not_picked":["Havoc","Warcry"],"picked":"Ghostly Armor","floor":2},{"not_picked":["True Grit","Havoc","Searing Blow"],"picked":"SKIP","floor":3},{"not_picked":["Pommel Strike","Power Through"],"picked":"Cleave","floor":5},{"not_picked":["Flex","Inflame"],"picked":"Spot Weakness","floor":6},{"not_picked":["Sever Soul","True Grit"],"picked":"Iron Wave","floor":8},{"not_picked":["Pommel Strike","Body Slam"],"picked":"Intimidate","floor":12},{"not_picked":["Cleave","Dark Embrace"],"picked":"Headbutt","floor":14}],"player_experience":228671,"relics_obtained":[{"floor":6,"key":"Smiling Mask"},{"floor":8,"key":"Juzu Bracelet"},{"floor":9,"key":"Anchor"},{"floor":12,"key":"Strawberry"},{"floor":13,"key":"Magic Flower"}],"event_choices":[{"damage_healed":0,"gold_gain":0,"player_choice":"Take Damage","damage_taken":20,"relics_obtained":["Golden Idol"],"max_hp_gain":0,"max_hp_loss":0,"event_name":"Golden Idol","floor":4,"gold_loss":0},{"damage_healed":20,"gold_gain":0,"player_choice":"Healed and dodged fight","damage_taken":0,"max_hp_gain":0,"max_hp_loss":0,"event_name":"Mushrooms","floor":11,"gold_loss":0,"cards_obtained":["Parasite"]}],"is_beta":false,"boss_relics":[],"items_purged_floors":[],"is_endless":false,"potions_floor_spawned":[2,3,12],"killed_by":"Hexaghost","ascension_level":9}