{"gold_per_floor":[109,126,178,103,119,150,150,162,162,62,62,82,159,173,173,173],"floor_reached":16,"playtime":802,"items_purged":["Strike_G","Strike_G"],"score":112,"play_id":"7aea8865-fc20-4b92-9ce2-116ad825a76f","local_time":"20181010132558","is_ascension_mode":true,"campfire_choices":[{"data":"Underhanded Strike","floor":7,"key":"SMITH"},{"floor":11,"key":"REST"},{"data":"Prepared","floor":15,"key":"SMITH"}],"neow_cost":"","seed_source_timestamp":1612802312981180,"circlet_count":0,"master_deck":["Defend_G","Defend_G","Defend_G","Defend_G","Defend_G","Strike_G","Strike_G","Strike_G","Survivor","Neutralize","Underhanded Strike+1","Reflex","Prepared+1","Eviscerate","Acrobatics","Underhanded Strike"],"relics":["Ring of the Snake","Shuriken","Frozen Egg 2","Gremlin Horn"],"potions_floor_usage":[8,14,16,16],"damage_taken":[{"damage":0,"enemies":"Small Slimes","floor":1,"turns":4},{"damage":3,"enemies":"Cultist","floor":2,"turns":5},{"damage":2,"enemies":"2 Louse","floor":5,"turns":3},{"damage":29,"enemies":"3 Sentries","floor":6,"turns":15},{"damage":10,"enemies":"Gremlin Gang","floor":8,"turns":4},{"damage":0,"enemies":"Blue Slaver","floor":12,"turns":5},{"damage":4,"enemies":"Exordium Thugs","floor":14,"turns":7},{"damage":67,"enemies":"The Guardian","floor":16,"turns":16}],"seed_played":"918053315589115234","potions_obtained":[{"floor":2,"key":"SneckoOil"},{"floor":6,"key":"AttackPotion"},{"floor":8,"key":"PowerPotion"},{"floor":12,"key":"Block Potion"}],"is_trial":false,"path_per_floor":["M","M","?","$","M","E","R","M","T","$","R","M","T","M","R"],"character_chosen":"THE_SILENT","items_purchased":[],"campfire_rested":1,"item_purchase_floors":[],"current_hp_per_floor":[70,67,67,67,65,36,36,26,26,26,47,47,47,43,43,0],"gold":173,"neow_bonus":"","is_prod":false,"is_daily":false,"chose_seed":false,"campfire_upgraded":2,"win_rate":0,"timestamp":1539192358,"path_taken":["M","M","?","$","?","E","R","M","T","$","R","M","?","?","R","BOSS"],"build_version":"2018-10-04v2","purchased_purges":2,"victory":false,"max_hp_per_floor":[70,70,70,70,70,70,70,70,70,70,70,70,70,70,70,70],"card_choices":[{"not_picked":["Bane","Finisher"],"picked":"Underhanded Strike","floor":1},{"not_picked":["Predator","Bane"],"picked":"Reflex","floor":2},{"not_picked":["Underhanded Strike","Bane"],"picked":"Prepared","floor":5},{"not_picked":["Deadly Poison","Dash"],"picked":"Eviscerate","floor":6},{"not_picked":["Tactician","Skewer"],"picked":"Acrobatics","floor":8},{"not_picked":["Deflect","Bane","Poisoned Stab"],"picked":"SKIP","floor":12},{"not_picked":["Slice","Blade Dance"],"picked":"Underhanded Strike","floor":14}],"player_experience":208053,"relics_obtained":[{"floor":6,"key":"Shuriken"},{"floor":9,"key":"Frozen Egg 2"},{"floor":13,"key":"Gremlin Horn"}],"event_choices":[{"event_name":"Golden Wing","player_choice":"Gained Gold","floor":3,"damage_taken":0}],"is_beta":false,"boss_relics":[],"items_purged_floors":[4,10],"is_endless":false,"potions_floor_spawned":[2,6,8,12],"killed_by":"The Guardian","ascension_level":2}