{"gold_per_floor":[112,131,56,69,69,69,101,101,126,126,126,157,174,208,208,280,280,297,212,227,243,45,45,45,45,45,45,78,92,92,127,127,203,203,218,10,232,232,244,244,260,285,285,285],"floor_reached":44,"playtime":2460,"items_purged":["Strike_R+1"],"score":944,"play_id":"9437a24f-6a98-47f2-bcec-28f7efb6b39e","local_time":"20190401010214","is_ascension_mode":true,"campfire_choices":[{"data":"Bash","floor":6.0,"key":"SMITH"},{"data":"Immolate","floor":8.0,"key":"SMITH"},{"data":"Metallicize","floor":10.0,"key":"SMITH"},{"data":"Feel No Pain","floor":15.0,"key":"SMITH"},{"data":"Barricade","floor":23.0,"key":"SMITH"},{"data":"Corruption","floor":25.0,"key":"SMITH"},{"data":"Metallicize","floor":27.0,"key":"SMITH"},{"floor":30.0,"key":"REST"},{"floor":32.0,"key":"REST"},{"floor":40.0,"key":"REST"}],"neow_cost":"PERCENT_DAMAGE","seed_source_timestamp":714271485392377,"circlet_count":0,"master_deck":["AscendersBane","Strike_R+1","Defend_R+1","Defend_R+1","Defend_R+1","Defend_R+1","Bash+1","Metallicize+1","Headbutt","Iron Wave","Immolate+1","Anger","Feel No Pain+1","Metallicize+1","Barricade+1","Corruption+1","Infernal Blade","Entrench","Apotheosis","Iron Wave","Clothesline+1","Fiend Fire","Body Slam","Feed","True Grit+1"],"special_seed":0,"relics":["Burning Blood","Strawberry","Ancient Tea Set","Anchor","Pantograph","Sozu","Smiling Mask","Darkstone Periapt","Happy Flower","Red Mask","Eternal Feather","Oddly Smooth Stone","Orichalcum","Self Forming Clay"],"potions_floor_usage":[44],"damage_taken":[{"damage":3.0,"enemies":"2 Louse","floor":1.0,"turns":4.0},{"damage":0.0,"enemies":"Jaw Worm","floor":2.0,"turns":6.0},{"damage":1.0,"enemies":"Small Slimes","floor":4.0,"turns":6.0},{"damage":26.0,"enemies":"Gremlin Nob","floor":7.0,"turns":4.0},{"damage":5.0,"enemies":"3 Sentries","floor":12.0,"turns":4.0},{"damage":0.0,"enemies":"3 Louse","floor":13.0,"turns":3.0},{"damage":17.0,"enemies":"Lagavulin","floor":14.0,"turns":6.0},{"damage":32.0,"enemies":"Slime Boss","floor":16.0,"turns":8.0},{"damage":16.0,"enemies":"Shell Parasite","floor":18.0,"turns":5.0},{"damage":3.0,"enemies":"3 Byrds","floor":20.0,"turns":3.0},{"damage":19.0,"enemies":"Shelled Parasite and Fungi","floor":21.0,"turns":4.0},{"damage":41.0,"enemies":"Slavers","floor":28.0,"turns":5.0},{"damage":5.0,"enemies":"Centurion and Healer","floor":29.0,"turns":7.0},{"damage":27.0,"enemies":"Masked Bandits","floor":31.0,"turns":6.0},{"damage":26.0,"enemies":"Collector","floor":33.0,"turns":11.0},{"damage":0.0,"enemies":"3 Shapes","floor":35.0,"turns":7.0},{"damage":56.0,"enemies":"3 Darklings","floor":39.0,"turns":8.0},{"damage":0.0,"enemies":"Maw","floor":41.0,"turns":9.0},{"damage":70.0,"enemies":"Nemesis","floor":42.0,"turns":15.0},{"damage":46,"enemies":"Transient","floor":44,"turns":5}],"seed_played":"-6693187362522219274","potions_obtained":[{"floor":1.0,"key":"Swift Potion"},{"floor":4.0,"key":"Explosive Potion"},{"floor":12.0,"key":"Block Potion"},{"floor":14.0,"key":"GamblersBrew"}],"is_trial":false,"path_per_floor":["M","M","?","M","?","R","E","R","T","R","?","E","M","E","R","B",null,"M","?","M","M","$","R","?","R","T","R","E","M","R","?","R","B",null,"M","$","?","?","M","R","M","E","T","M"],"character_chosen":"IRONCLAD","items_purchased":["Apotheosis","Oddly Smooth Stone"],"campfire_rested":3,"item_purchase_floors":[22,36],"current_hp_per_floor":[53,59,59,64,66,66,46,46,46,46,51,52,58,47,47,46,77,67,67,70,57,57,57,57,57,57,57,22,23,49,28,54,59,80,86,86,86,86,36,74,80,16,16,0],"gold":285,"neow_bonus":"REMOVE_TWO","is_prod":false,"is_daily":false,"chose_seed":false,"campfire_upgraded":7,"win_rate":0,"timestamp":1554102134,"path_taken":["M","M","?","M","?","R","E","R","T","R","?","E","M","E","R","BOSS","M","?","M","M","$","R","?","R","T","R","E","M","R","?","R","BOSS","M","$","?","?","M","R","M","E","T","M"],"build_version":"2019-03-15","purchased_purges":1,"victory":false,"max_hp_per_floor":[75,75,75,75,82,82,82,82,82,82,87,87,87,87,87,87,87,87,87,87,87,87,87,87,87,87,87,87,87,87,87,87,87,87,87,87,87,87,87,87,87,87,87,87],"card_choices":[{"not_picked":["Burning Pact","Pommel Strike"],"picked":"Metallicize","floor":1.0},{"not_picked":["Thunderclap","Havoc"],"picked":"Headbutt","floor":2.0},{"not_picked":["Ghostly Armor","Reckless Charge"],"picked":"Iron Wave","floor":4.0},{"not_picked":["Searing Blow","Flex"],"picked":"Immolate","floor":7.0},{"not_picked":["Headbutt","Clash"],"picked":"Anger","floor":12.0},{"not_picked":["Uppercut","Second Wind"],"picked":"Feel No Pain","floor":13.0},{"not_picked":["Anger","Rage"],"picked":"Metallicize","floor":14.0},{"not_picked":["Reaper","Juggernaut"],"picked":"Barricade","floor":16.0},{"not_picked":["Body Slam","Dropkick"],"picked":"Corruption","floor":18.0},{"not_picked":["Wild Strike","Clash"],"picked":"Infernal Blade","floor":20.0},{"not_picked":["Sword Boomerang","Second Wind"],"picked":"Entrench","floor":21.0},{"not_picked":["Sword Boomerang","Thunderclap"],"picked":"Iron Wave","floor":28.0},{"not_picked":["Warcry","Clash"],"picked":"Clothesline+1","floor":29.0},{"not_picked":["Corruption","Carnage"],"picked":"Body Slam","floor":31.0},{"not_picked":["Feed","Double Tap"],"picked":"Fiend Fire","floor":33.0},{"not_picked":["Perfected Strike","Clothesline"],"picked":"Body Slam","floor":35.0},{"not_picked":["Thunderclap","Hemokinesis","Heavy Blade"],"picked":"SKIP","floor":39.0},{"not_picked":["Iron Wave","Havoc"],"picked":"Feed","floor":41.0},{"not_picked":["Battle Trance","Uppercut"],"picked":"True Grit+1","floor":42.0}],"player_experience":2708912,"relics_obtained":[{"floor":7.0,"key":"Ancient Tea Set"},{"floor":12.0,"key":"Anchor"},{"floor":14.0,"key":"Pantograph"},{"floor":26.0,"key":"Darkstone Periapt"},{"floor":28.0,"key":"Happy Flower"},{"floor":31.0,"key":"Red Mask"},{"floor":42.0,"key":"Orichalcum"},{"floor":43.0,"key":"Self Forming Clay"}],"event_choices":[{"cards_removed":["Strike_R"],"damage_healed":0.0,"max_hp_gain":0.0,"max_hp_loss":0.0,"gold_gain":0.0,"event_name":"The Cleric","player_choice":"Card Removal","floor":3.0,"gold_loss":75.0,"damage_taken":0.0},{"damage_healed":0.0,"max_hp_gain":0.0,"max_hp_loss":0.0,"gold_gain":0.0,"event_name":"Scrap Ooze","player_choice":"Success","floor":5.0,"gold_loss":0.0,"damage_taken":5.0,"relics_obtained":["Strawberry"]},{"damage_healed":0.0,"max_hp_gain":5.0,"max_hp_loss":0.0,"gold_gain":0.0,"event_name":"Big Fish","player_choice":"Donut","floor":11.0,"gold_loss":0.0,"damage_taken":0.0},{"damage_healed":0.0,"max_hp_gain":0.0,"max_hp_loss":0.0,"gold_gain":0.0,"event_name":"Addict","player_choice":"Obtained Relic","floor":19.0,"gold_loss":85.0,"damage_taken":0.0,"relics_obtained":["Smiling Mask"]},{"damage_healed":0.0,"max_hp_gain":0.0,"max_hp_loss":0.0,"gold_gain":0.0,"event_name":"Back to Basics","player_choice":"Simplicity","floor":24.0,"gold_loss":0.0,"damage_taken":0.0,"cards_upgraded":["Strike_R","Strike_R","Defend_R","Defend_R","Defend_R","Defend_R"]},{"damage_healed":0.0,"max_hp_gain":0.0,"max_hp_loss":0.0,"gold_gain":0.0,"event_name":"Masked Bandits","player_choice":"Fought Bandits","floor":31.0,"gold_loss":0.0,"damage_taken":0.0},{"damage_healed":0.0,"max_hp_gain":0.0,"max_hp_loss":0.0,"gold_gain":222.0,"event_name":"Tomb of Lord Red Mask","player_choice":"Wore Mask","floor":37.0,"gold_loss":0.0,"damage_taken":0.0},{"cards_removed":["Body Slam"],"damage_healed":0.0,"max_hp_gain":0.0,"max_hp_loss":0.0,"gold_gain":0.0,"event_name":"Falling","player_choice":"Removed Attack","floor":38.0,"gold_loss":0.0,"damage_taken":0.0}],"is_beta":true,"boss_relics":[{"not_picked":["Runic Pyramid","White Beast Statue"],"picked":"Sozu"},{"not_picked":["Runic Cube","Velvet Choker"],"picked":"Eternal Feather"}],"items_purged_floors":[36],"is_endless":false,"potions_floor_spawned":[1,4,12,14,20,29,33,35,42],"killed_by":"Transient","ascension_level":20}