{"gold_per_floor":[116,41,41,59,73,107,107,141,141,152,172,172,184,66,66,145,145,161,161,161,172,188,188,221,221],"floor_reached":25,"playtime":1582,"items_purged":["Strike_B"],"score":466,"play_id":"88af5e5d-1cfc-4838-9cbc-f14dd847bb11","local_time":"20190407214057","is_ascension_mode":true,"campfire_choices":[{"data":"Zap","floor":7.0,"key":"SMITH"},{"data":"Barrage","floor":12.0,"key":"SMITH"},{"data":"Capacitor","floor":15.0,"key":"SMITH"},{"floor":23,"key":"REST"}],"neow_cost":"NONE","seed_source_timestamp":178579473522983,"circlet_count":0,"master_deck":["AscendersBane","Strike_B","Strike_B","Defend_B","Defend_B","Defend_B","Defend_B","Zap+1","Dualcast","Hologram","Loop","Cold Snap","Genetic Algorithm","Coolheaded","Seek","Chill","Barrage+1","Hologram","Ball Lightning","Capacitor+1","Creative AI","FTL+1","Genetic Algorithm","Defragment","Storm","Conserve Battery"],"special_seed":0,"relics":["Cracked Core","NeowsBlessing","Pen Nib","Prayer Wheel","Meat on the Bone","Fusion Hammer","Ice Cream"],"potions_floor_usage":[18,21,22,24],"damage_taken":[{"damage":0.0,"enemies":"Jaw Worm","floor":1.0,"turns":1.0},{"damage":0.0,"enemies":"Small Slimes","floor":4.0,"turns":1.0},{"damage":0.0,"enemies":"Cultist","floor":5.0,"turns":1.0},{"damage":10.0,"enemies":"3 Sentries","floor":6.0,"turns":3.0},{"damage":15.0,"enemies":"Lagavulin","floor":8.0,"turns":8.0},{"damage":9.0,"enemies":"Blue Slaver","floor":10.0,"turns":3.0},{"damage":21.0,"enemies":"Large Slime","floor":11.0,"turns":7.0},{"damage":0.0,"enemies":"2 Fungi Beasts","floor":13.0,"turns":3.0},{"damage":4.0,"enemies":"Slime Boss","floor":16.0,"turns":7.0},{"damage":0,"enemies":"Chosen","floor":18,"turns":4},{"damage":25,"enemies":"3 Byrds","floor":21,"turns":6},{"damage":22,"enemies":"Snecko","floor":22,"turns":5},{"damage":52,"enemies":"Gremlin Leader","floor":24,"turns":5},{"damage":17,"enemies":"Snake Plant","floor":25,"turns":1}],"seed_played":"4223727991755303218","potions_obtained":[{"floor":1.0,"key":"Block Potion"},{"floor":3.0,"key":"AttackPotion"},{"floor":8.0,"key":"Explosive Potion"},{"floor":11.0,"key":"Swift Potion"},{"floor":18,"key":"Block Potion"},{"floor":21,"key":"Regen Potion"},{"floor":24,"key":"Strength Potion"}],"is_trial":false,"path_per_floor":["M","?","?","M","M","E","R","E","T","M","M","R","M","$","R","B",null,"M","?","?","M","M","R","E","M"],"character_chosen":"DEFECT","items_purchased":["Capacitor"],"campfire_rested":1,"item_purchase_floors":[14],"current_hp_per_floor":[64,64,64,64,64,54,54,39,39,42,33,33,45,45,45,41,64,64,64,44,31,35,57,17,0],"gold":221,"neow_bonus":"THREE_ENEMY_KILL","is_prod":false,"is_daily":false,"chose_seed":false,"campfire_upgraded":3,"win_rate":0,"timestamp":1554694857,"path_taken":["M","?","?","M","?","E","R","E","T","M","M","R","M","$","R","BOSS","M","?","?","M","M","R","E","M"],"build_version":"2019-04-04","purchased_purges":1,"victory":false,"max_hp_per_floor":[71,71,71,71,71,71,71,71,71,71,71,71,71,71,71,71,71,71,71,76,76,76,76,76,76],"card_choices":[{"not_picked":["Undo","Sweeping Beam"],"picked":"Hologram","floor":1.0},{"not_picked":["Sweeping Beam","Melter"],"picked":"Loop","floor":4.0},{"not_picked":["Streamline","Beam Cell"],"picked":"Cold Snap","floor":5.0},{"not_picked":["Conserve Battery","Recycle"],"picked":"Genetic Algorithm","floor":6.0},{"not_picked":["Lockon","Leap"],"picked":"Coolheaded","floor":8.0},{"not_picked":["Coolheaded","Cold Snap"],"picked":"Seek","floor":10.0},{"not_picked":["Darkness","Redo"],"picked":"Chill","floor":10.0},{"not_picked":["Rebound","Ball Lightning"],"picked":"Barrage","floor":11.0},{"not_picked":["Turbo","Rebound","Fission"],"picked":"SKIP","floor":11.0},{"not_picked":["Force Field","Sweeping Beam"],"picked":"Hologram","floor":13.0},{"not_picked":["Conserve Battery","Rebound"],"picked":"Ball Lightning","floor":13.0},{"not_picked":["Thunder Strike","Rainbow"],"picked":"Creative AI","floor":16.0},{"not_picked":["Skim","Darkness"],"picked":"FTL+1","floor":18},{"not_picked":["Hello World+1","Ball Lightning"],"picked":"Genetic Algorithm","floor":18},{"not_picked":["Leap","Rebound"],"picked":"Defragment","floor":21},{"not_picked":["Stack","Rebound+1","Barrage"],"picked":"SKIP","floor":21},{"not_picked":["Compile Driver","Streamline"],"picked":"Storm","floor":22},{"not_picked":["Reprogram","Steam Power","Streamline+1"],"picked":"SKIP","floor":22},{"not_picked":["Beam Cell","Reprogram"],"picked":"Conserve Battery","floor":24}],"player_experience":2788446,"relics_obtained":[{"floor":6.0,"key":"Pen Nib"},{"floor":8.0,"key":"Prayer Wheel"},{"floor":9.0,"key":"Meat on the Bone"},{"floor":24,"key":"Ice Cream"}],"event_choices":[{"cards_removed":["Strike_B"],"damage_healed":0.0,"max_hp_gain":0.0,"max_hp_loss":0.0,"gold_gain":0.0,"event_name":"The Cleric","player_choice":"Card Removal","floor":2.0,"gold_loss":75.0,"damage_taken":0.0},{"damage_healed":0.0,"max_hp_gain":0.0,"max_hp_loss":0.0,"gold_gain":0.0,"event_name":"Lab","player_choice":"Got Potions","floor":3.0,"gold_loss":0.0,"damage_taken":0.0},{"damage_healed":0,"gold_gain":0,"player_choice":"Ignored","damage_taken":0,"max_hp_gain":0,"max_hp_loss":0,"event_name":"The Mausoleum","floor":19,"gold_loss":0},{"damage_healed":0,"gold_gain":0,"player_choice":"Shed Blood","damage_taken":25,"max_hp_gain":5,"max_hp_loss":0,"event_name":"Forgotten Altar","floor":20,"gold_loss":0}],"is_beta":true,"boss_relics":[{"not_picked":["Tiny House","Velvet Choker"],"picked":"Fusion Hammer"}],"items_purged_floors":[14],"is_endless":false,"potions_floor_spawned":[1,8,11,16,18,21,24],"killed_by":"Snake Plant","ascension_level":20}