{"gold_per_floor":[109,119,129,129,143,170,170,204,204,26,88,88,114,132,132,227,227,243,275,275,275,286,301,301],"floor_reached":24,"playtime":1069,"items_purged":["Strike_R"],"score":335,"play_id":"f84b310b-4d1d-469b-aa3c-d86f3e9bcddd","local_time":"20190309021045","is_ascension_mode":true,"campfire_choices":[{"floor":7,"key":"REST"},{"data":"Uppercut","floor":15,"key":"SMITH"}],"neow_cost":"NONE","seed_source_timestamp":389387458306051,"circlet_count":0,"master_deck":["AscendersBane","Strike_R+1","Strike_R+1","Strike_R+1","Defend_R+1","Defend_R+1","Defend_R+1","Defend_R+1","Bash+1","Uppercut+1","Clothesline","Cleave+1","Headbutt","Armaments","Rampage","Iron Wave","Heavy Blade","Demon Form","Heavy Blade","Clothesline+1","Spot Weakness"],"relics":["Burning Blood","Omamori","Vajra","The Courier","Pear","Whetstone","Shovel","Torii","Velvet Choker","Red Mask","FossilizedHelix"],"potions_floor_usage":[6,16,16,18,24],"damage_taken":[{"damage":12,"enemies":"Small Slimes","floor":1,"turns":3},{"damage":4,"enemies":"Cultist","floor":2,"turns":3},{"damage":4,"enemies":"2 Louse","floor":3,"turns":2},{"damage":19,"enemies":"Looter","floor":5,"turns":3},{"damage":30,"enemies":"3 Sentries","floor":6,"turns":6},{"damage":18,"enemies":"Gremlin Nob","floor":8,"turns":4},{"damage":10,"enemies":"3 Sentries","floor":11,"turns":5},{"damage":25,"enemies":"Lagavulin","floor":13,"turns":5},{"damage":12,"enemies":"2 Fungi Beasts","floor":14,"turns":2},{"damage":16,"enemies":"Slime Boss","floor":16,"turns":7},{"damage":30,"enemies":"2 Thieves","floor":18,"turns":3},{"damage":43,"enemies":"Masked Bandits","floor":19,"turns":4},{"damage":0,"enemies":"Spheric Guardian","floor":22,"turns":3},{"damage":18,"enemies":"Snake Plant","floor":23,"turns":3},{"damage":13,"enemies":"Slavers","floor":24,"turns":3}],"seed_played":"7101748637872908864","potions_obtained":[{"floor":2,"key":"Poison Potion"},{"floor":5,"key":"AttackPotion"},{"floor":11,"key":"Explosive Potion"},{"floor":14,"key":"Poison Potion"},{"floor":16,"key":"FearPotion"},{"floor":23,"key":"SkillPotion"}],"is_trial":false,"path_per_floor":["M","M","M","?","M","E","R","E","T","$","?","?","E","M","R","B",null,"M","?","?","?","M","M","E"],"character_chosen":"IRONCLAD","items_purchased":["Whetstone"],"campfire_rested":1,"item_purchase_floors":[10],"current_hp_per_floor":[66,68,70,70,57,33,57,45,55,55,51,73,54,48,48,38,77,53,16,16,16,22,10,0],"gold":301,"neow_bonus":"TRANSFORM_CARD","is_prod":false,"is_daily":false,"chose_seed":false,"campfire_upgraded":1,"win_rate":0,"timestamp":1552115445,"path_taken":["M","M","M","?","M","E","R","E","T","?","?","?","E","M","R","BOSS","M","?","?","?","?","?","E"],"build_version":"2019-01-23","purchased_purges":1,"victory":false,"max_hp_per_floor":[80,80,80,80,80,80,80,80,90,90,90,90,90,90,90,90,90,90,90,90,90,90,90,90],"card_choices":[{"not_picked":["Perfected Strike","Heavy Blade"],"picked":"Clothesline","floor":1},{"not_picked":["Thunderclap","Iron Wave"],"picked":"Cleave","floor":2},{"not_picked":["Clothesline","Twin Strike"],"picked":"Headbutt","floor":3},{"not_picked":["Bloodletting","Wild Strike","Clash"],"picked":"SKIP","floor":5},{"not_picked":["Rage","Searing Blow"],"picked":"Armaments","floor":6},{"not_picked":["Berserk","Heavy Blade"],"picked":"Rampage","floor":8},{"not_picked":["Blood for Blood","True Grit"],"picked":"Iron Wave","floor":11},{"not_picked":["Iron Wave","Sever Soul","Seeing Red"],"picked":"SKIP","floor":13},{"not_picked":["Iron Wave","Burning Pact"],"picked":"Heavy Blade","floor":14},{"not_picked":["Barricade","Reaper"],"picked":"Demon Form","floor":16},{"not_picked":["Perfected Strike","Evolve","Wild Strike"],"picked":"SKIP","floor":18},{"not_picked":["Thunderclap","Body Slam"],"picked":"Heavy Blade","floor":19},{"not_picked":["Clash+1","Warcry"],"picked":"Clothesline+1","floor":22},{"not_picked":["Brutality","Sword Boomerang"],"picked":"Spot Weakness","floor":23}],"player_experience":255023,"relics_obtained":[{"floor":6,"key":"Vajra"},{"floor":8,"key":"The Courier"},{"floor":9,"key":"Pear"},{"floor":11,"key":"Shovel"},{"floor":13,"key":"Torii"},{"floor":19,"key":"Red Mask"}],"event_choices":[{"damage_healed":0,"gold_gain":0,"player_choice":"Gave Potion","damage_taken":0,"relics_obtained":["Omamori"],"max_hp_gain":0,"max_hp_loss":0,"event_name":"WeMeetAgain","floor":4,"gold_loss":0},{"damage_healed":0,"gold_gain":0,"player_choice":"Searched \u00271\u0027 times","damage_taken":0,"max_hp_gain":0,"max_hp_loss":0,"event_name":"Dead Adventurer","floor":11,"gold_loss":0},{"damage_healed":22,"gold_gain":0,"player_choice":"Healed and dodged fight","damage_taken":0,"max_hp_gain":0,"max_hp_loss":0,"event_name":"Mushrooms","floor":12,"gold_loss":0,"cards_obtained":["Parasite"]},{"damage_healed":0,"gold_gain":0,"player_choice":"Fought Bandits","damage_taken":0,"max_hp_gain":0,"max_hp_loss":0,"event_name":"Masked Bandits","floor":19,"gold_loss":0},{"damage_healed":0,"gold_gain":0,"player_choice":"Opened","damage_taken":0,"relics_obtained":["FossilizedHelix"],"max_hp_gain":0,"max_hp_loss":0,"event_name":"The Mausoleum","floor":20,"gold_loss":0,"cards_obtained":["Writhe"]},{"damage_healed":0,"gold_gain":0,"player_choice":"Simplicity","damage_taken":0,"max_hp_gain":0,"max_hp_loss":0,"event_name":"Back to Basics","floor":21,"gold_loss":0,"cards_upgraded":["Strike_R","Strike_R","Strike_R","Defend_R","Defend_R","Defend_R","Defend_R"]}],"is_beta":false,"boss_relics":[{"not_picked":["Runic Cube","Black Star"],"picked":"Velvet Choker"}],"items_purged_floors":[10],"is_endless":false,"potions_floor_spawned":[2,5,11,14,16,23],"killed_by":"Slavers","ascension_level":11}