{"gold_per_floor":[117,117,135,153,24,68,68,146,226,250,32,45,45,70,70,166,166,187,9,9,9,9,9,49,49,105,105],"floor_reached":27,"playtime":1431,"items_purged":["Injury","Strike_R"],"score":424,"play_id":"7929ff31-fc24-4e80-b56f-09ffa6712e89","local_time":"20190410045701","is_ascension_mode":true,"campfire_choices":[{"floor":7,"key":"REST"},{"data":"Uppercut","floor":15,"key":"SMITH"},{"floor":23,"key":"REST"},{"floor":25,"key":"REST"}],"neow_cost":"NONE","seed_source_timestamp":204856307653575,"circlet_count":0,"master_deck":["AscendersBane","Strike_R+1","Strike_R+1","Strike_R+1","Strike_R+1","Defend_R+1","Defend_R+1","Defend_R+1","Defend_R+1","Bash","Cleave","Headbutt","Armaments","Battle Trance","Shrug It Off","Double Tap","Metallicize","Feel No Pain","Uppercut+1","Flame Barrier","Demon Form","Limit Break"],"relics":["Burning Blood","Anchor","Golden Idol","Dream Catcher","Nunchaku","Meat on the Bone","Busted Crown","Ancient Tea Set","Tiny Chest"],"potions_floor_usage":[6,8,16,16,18,22],"damage_taken":[{"damage":2,"enemies":"Small Slimes","floor":1,"turns":4},{"damage":17,"enemies":"Jaw Worm","floor":3,"turns":4},{"damage":6,"enemies":"2 Louse","floor":4,"turns":3},{"damage":23,"enemies":"3 Sentries","floor":6,"turns":8},{"damage":27,"enemies":"Gremlin Nob","floor":8,"turns":5},{"damage":2,"enemies":"2 Fungi Beasts","floor":10,"turns":2},{"damage":23,"enemies":"Exordium Thugs","floor":12,"turns":5},{"damage":1,"enemies":"3 Louse","floor":14,"turns":3},{"damage":32,"enemies":"The Guardian","floor":16,"turns":15},{"damage":28,"enemies":"Spheric Guardian","floor":18,"turns":8},{"damage":51,"enemies":"Slavers","floor":24,"turns":6},{"damage":71,"enemies":"Gremlin Leader","floor":27,"turns":5}],"seed_played":"-1118995390557256573","potions_obtained":[{"floor":6,"key":"PowerPotion"},{"floor":10,"key":"PowerPotion"},{"floor":12,"key":"Strength Potion"},{"floor":16,"key":"BloodPotion"},{"floor":18,"key":"Fruit Juice"}],"is_trial":false,"path_per_floor":["M","?","M","M","$","E","R","?","T","M","$","M","$","M","R","B",null,"M","$","?","?","$","R","E","R","T","E"],"character_chosen":"IRONCLAD","items_purchased":["Block Potion","Feel No Pain","Uppercut","Limit Break"],"campfire_rested":3,"item_purchase_floors":[5,11,11,19],"current_hp_per_floor":[72,72,61,61,61,44,66,45,45,49,49,44,44,49,49,35,65,50,50,50,43,48,72,39,63,63,0],"gold":105,"neow_bonus":"RANDOM_COMMON_RELIC","is_prod":false,"is_daily":false,"chose_seed":false,"campfire_upgraded":1,"win_rate":0,"timestamp":1554886621,"path_taken":["M","?","M","M","$","E","R","?","T","M","$","M","?","M","R","BOSS","M","$","?","?","$","R","E","R","T","E"],"build_version":"2019-01-23","purchased_purges":2,"victory":false,"max_hp_per_floor":[75,75,75,75,75,75,75,75,75,75,75,75,75,75,75,75,75,75,75,75,75,80,80,80,80,80,80],"card_choices":[{"not_picked":["Warcry","Pommel Strike"],"picked":"Cleave","floor":1},{"not_picked":["Cleave","Dropkick"],"picked":"Headbutt","floor":3},{"not_picked":["Infernal Blade","Wild Strike"],"picked":"Armaments","floor":4},{"not_picked":["Anger","Thunderclap"],"picked":"Battle Trance","floor":6},{"not_picked":["Twin Strike","Thunderclap"],"picked":"Shrug It Off","floor":7},{"not_picked":["Dual Wield","Shrug It Off"],"picked":"Double Tap","floor":8},{"not_picked":["Anger","Entrench"],"picked":"Metallicize","floor":10},{"not_picked":["Sword Boomerang","Body Slam"],"picked":"Flame Barrier","floor":12},{"not_picked":["Armaments","Searing Blow","Sword Boomerang"],"picked":"SKIP","floor":14},{"not_picked":["Limit Break","Dark Embrace"],"picked":"Demon Form","floor":16},{"not_picked":["Clothesline"],"picked":"SKIP","floor":18},{"not_picked":["Berserk"],"picked":"SKIP","floor":24}],"player_experience":342532,"relics_obtained":[{"floor":6,"key":"Dream Catcher"},{"floor":8,"key":"Nunchaku"},{"floor":9,"key":"Meat on the Bone"},{"floor":24,"key":"Ancient Tea Set"},{"floor":26,"key":"Tiny Chest"}],"event_choices":[{"damage_healed":0,"gold_gain":0,"player_choice":"Take Wound","damage_taken":0,"relics_obtained":["Golden Idol"],"max_hp_gain":0,"max_hp_loss":0,"event_name":"Golden Idol","floor":2,"gold_loss":0,"cards_obtained":["Injury"]},{"damage_healed":0,"gold_gain":0,"player_choice":"Searched \u00271\u0027 times","damage_taken":0,"max_hp_gain":0,"max_hp_loss":0,"event_name":"Dead Adventurer","floor":8,"gold_loss":0},{"damage_healed":0,"gold_gain":0,"player_choice":"Simplicity","damage_taken":0,"max_hp_gain":0,"max_hp_loss":0,"event_name":"Back to Basics","floor":20,"gold_loss":0,"cards_upgraded":["Strike_R","Strike_R","Strike_R","Strike_R","Defend_R","Defend_R","Defend_R","Defend_R"]},{"damage_healed":0,"gold_gain":0,"player_choice":"","damage_taken":7,"max_hp_gain":0,"max_hp_loss":0,"event_name":"Knowing Skull","floor":21,"potions_obtained":[],"gold_loss":0,"cards_obtained":[]}],"is_beta":false,"boss_relics":[{"not_picked":["Pandora\u0027s Box","Empty Cage"],"picked":"Busted Crown"}],"items_purged_floors":[5,11],"is_endless":false,"potions_floor_spawned":[6,10,12,16,18],"killed_by":"Gremlin Leader","ascension_level":17}