{"gold_per_floor":[209,209,6,17,117,146,146,172,247,247,260,260,276,295,295,395,395,413,413,206,206,206,206,223,275,275,200,219,219],"floor_reached":29,"playtime":1317,"items_purged":["Strike_R"],"score":420,"play_id":"cd73742f-7de2-4cdd-b2d3-7cb443d994d5","local_time":"20190314050920","is_ascension_mode":true,"campfire_choices":[{"data":"Shockwave","floor":7,"key":"SMITH"},{"floor":10,"key":"REST"},{"data":"Pommel Strike","floor":15,"key":"SMITH"},{"data":"Limit Break","floor":23,"key":"SMITH"}],"neow_cost":"NONE","seed_source_timestamp":828251493444954,"circlet_count":0,"master_deck":["AscendersBane","Defend_R","Defend_R+1","Defend_R","Bash","Sword Boomerang+1","Sword Boomerang+1","Shockwave+1","Uppercut","Pommel Strike+1","Cleave","Shrug It Off","Immolate","Limit Break+1","Reaper+1","Intimidate+1","Dark Embrace+1","Headbutt+1","Bite","Bite","Bite","Bite","Bite","Ghostly","Ghostly","Ghostly","Ghostly","Ghostly","Armaments+1"],"relics":["Burning Blood","DollysMirror","Smiling Mask","Dream Catcher","Gremlin Horn","Astrolabe","Enchiridion","Strawberry","War Paint","Question Card"],"potions_floor_usage":[8,16,16],"damage_taken":[{"damage":1,"enemies":"Cultist","floor":1,"turns":4},{"damage":2,"enemies":"Small Slimes","floor":4,"turns":3},{"damage":29,"enemies":"Gremlin Nob","floor":6,"turns":4},{"damage":25,"enemies":"3 Sentries","floor":8,"turns":5},{"damage":4,"enemies":"Jaw Worm","floor":11,"turns":3},{"damage":10,"enemies":"3 Louse","floor":13,"turns":2},{"damage":8,"enemies":"Looter","floor":14,"turns":2},{"damage":69,"enemies":"The Guardian","floor":16,"turns":9},{"damage":36,"enemies":"2 Thieves","floor":18,"turns":4},{"damage":27,"enemies":"Shell Parasite","floor":24,"turns":8},{"damage":24,"enemies":"Chosen and Byrds","floor":28,"turns":7},{"damage":35,"enemies":"Sentry and Sphere","floor":29,"turns":5}],"seed_played":"-167757626022443757","potions_obtained":[{"floor":6,"key":"Fire Potion"},{"floor":11,"key":"Poison Potion"},{"floor":13,"key":"BloodPotion"},{"floor":14,"key":"Weak Potion"},{"floor":16,"key":"PowerPotion"}],"is_trial":false,"path_per_floor":["M","?","$","M","?","E","R","E","T","R","M","?","M","M","R","B",null,"M","?","$","?","?","R","M","T","T","?","M","M"],"character_chosen":"IRONCLAD","items_purchased":["DollysMirror","Strawberry"],"campfire_rested":1,"item_purchase_floors":[3,20],"current_hp_per_floor":[77,61,61,65,65,42,42,23,23,47,49,75,71,69,69,14,64,41,25,32,32,30,30,15,15,15,15,20,0],"gold":219,"neow_bonus":"HUNDRED_GOLD","is_prod":false,"is_daily":false,"chose_seed":false,"campfire_upgraded":3,"win_rate":0,"timestamp":1552554560,"path_taken":["M","?","$","M","?","E","R","E","T","R","?","?","M","M","R","BOSS","M","?","$","?","?","R","M","?","T","?","M","M"],"build_version":"2019-01-23","purchased_purges":1,"victory":false,"max_hp_per_floor":[80,80,80,80,80,80,80,80,80,80,80,80,80,80,80,80,80,80,80,87,60,30,30,30,30,30,30,30,30],"card_choices":[{"not_picked":["Body Slam","Anger"],"picked":"Sword Boomerang","floor":1},{"not_picked":["Blood for Blood","Fire Breathing","Twin Strike"],"picked":"SKIP","floor":4},{"not_picked":["Searing Blow","Warcry"],"picked":"Shockwave","floor":6},{"not_picked":["Body Slam","True Grit"],"picked":"Uppercut","floor":8},{"not_picked":["Thunderclap","Heavy Blade"],"picked":"Pommel Strike","floor":10},{"not_picked":["True Grit","Clash"],"picked":"Cleave","floor":11},{"not_picked":["Clothesline","Havoc"],"picked":"Shrug It Off","floor":13},{"not_picked":["Flex","Hemokinesis"],"picked":"Immolate","floor":14},{"not_picked":["Barricade","Feed"],"picked":"Limit Break","floor":16},{"not_picked":["Wild Strike","Heavy Blade"],"picked":"Headbutt+1","floor":18},{"not_picked":["Heavy Blade","True Grit"],"picked":"Armaments","floor":24},{"not_picked":["Fire Breathing","Heavy Blade","Double Tap","Second Wind"],"picked":"SKIP","floor":28}],"player_experience":288169,"relics_obtained":[{"floor":6,"key":"Smiling Mask"},{"floor":8,"key":"Dream Catcher"},{"floor":9,"key":"Gremlin Horn"},{"floor":19,"key":"Enchiridion"},{"floor":25,"key":"War Paint"},{"floor":26,"key":"Question Card"}],"event_choices":[{"damage_healed":0,"gold_gain":0,"player_choice":"Entered Light","damage_taken":16,"max_hp_gain":0,"max_hp_loss":0,"event_name":"Shining Light","floor":2,"gold_loss":0,"cards_upgraded":["Sword Boomerang","Strike_R"]},{"damage_healed":0,"gold_gain":100,"player_choice":"Pray","damage_taken":0,"max_hp_gain":0,"max_hp_loss":0,"event_name":"Golden Shrine","floor":5,"gold_loss":0},{"damage_healed":26,"gold_gain":0,"player_choice":"Banana","damage_taken":0,"max_hp_gain":0,"max_hp_loss":0,"event_name":"Big Fish","floor":12,"gold_loss":0},{"damage_healed":0,"gold_gain":0,"player_choice":"Obtained Book","damage_taken":16,"max_hp_gain":0,"max_hp_loss":0,"event_name":"Cursed Tome","floor":19,"gold_loss":0},{"damage_healed":0,"gold_gain":0,"player_choice":"Became a vampire","damage_taken":0,"max_hp_gain":0,"max_hp_loss":27,"event_name":"Vampires","floor":21,"gold_loss":0,"cards_obtained":["Bite","Bite","Bite","Bite","Bite"]},{"damage_healed":0,"gold_gain":0,"player_choice":"Became a Ghost","damage_taken":0,"max_hp_gain":0,"max_hp_loss":30,"event_name":"Ghosts","floor":22,"gold_loss":0,"cards_obtained":["Ghostly","Ghostly","Ghostly","Ghostly","Ghostly"]},{"cards_removed":["Defend_R"],"damage_healed":0,"gold_gain":0,"player_choice":"Gave Gold","damage_taken":0,"max_hp_gain":0,"max_hp_loss":0,"event_name":"Beggar","floor":27,"gold_loss":75}],"is_beta":false,"boss_relics":[{"not_picked":["Runic Dome","Philosopher\u0027s Stone"],"picked":"Astrolabe"}],"items_purged_floors":[20],"is_endless":false,"potions_floor_spawned":[6,11,13,14,16],"killed_by":"Sentry and Sphere","ascension_level":12}