{"path_per_floor":["M","?","$","?","M","E","T","M","T","$","?","?","R","E","R"],"character_chosen":"THE_SILENT","items_purchased":["Dramatic Entrance","Deflect","Strength Potion"],"gold_per_floor":[112,112,20,20,37,65,65,83,106,11,41,70,70,100,100],"floor_reached":16,"campfire_rested":2,"playtime":3770,"current_hp_per_floor":[56,56,56,56,55,40,40,39,39,39,39,24,47,17,40],"items_purged":[],"gold":100,"score":143,"play_id":"abdf8215-83d5-4f3d-b568-c3e30627d108","is_prod":false,"is_daily":false,"is_ascension_mode":true,"campfire_upgraded":0,"path_taken":["M","?","$","?","?","E","?","M","T","$","?","?","R","E","R","BOSS"],"build_version":"2018-02-22-PROD2","purchased_purges":0,"victory":false,"master_deck":["Defend_G+1","Defend_G","Defend_G","Defend_G+1","Defend_G","Strike_G","Strike_G","Strike_G","Strike_G","Strike_G","Survivor","Neutralize","Caltrops+1","Dramatic Entrance","Flying Knee","Backstab","Backstab","Deflect","Infinite Blades","Sucker Punch"],"max_hp_per_floor":[70,70,70,70,70,77,77,77,77,77,77,77,77,77,77],"relics":["Ring of the Snake","Strawberry","Sundial","War Paint","Odd Mushroom","Tough Bandages"],"card_choices":[{"not_picked":["Deflect","Catalyst"],"picked":"Caltrops"},{"not_picked":["Heel Hook","Cloak And Dagger"],"picked":"Flying Knee"},{"not_picked":["Expertise","Well Laid Plans"],"picked":"Backstab"},{"not_picked":["Expertise","Dodge and Roll"],"picked":"Backstab"},{"not_picked":["Quick Slash","PiercingWail"],"picked":"Infinite Blades"},{"not_picked":["Setup","Acrobatics"],"picked":"Sucker Punch"}],"player_experience":273251,"potions_floor_usage":[12,14],"damage_taken":[{"damage":7,"enemies":"Jaw Worm","floor":1,"turns":6},{"damage":1,"enemies":"Cultist","floor":5,"turns":3},{"damage":22,"enemies":"3 Sentries","floor":6,"turns":9},{"damage":1,"enemies":"Small Slimes","floor":8,"turns":2},{"damage":15,"enemies":"The Mushroom Lair","floor":12,"turns":3},{"damage":30,"enemies":"Gremlin Nob","floor":14,"turns":4},{"damage":37,"enemies":"Slime Boss","floor":16,"turns":9}],"event_choices":[{"event_name":"Upgrade Shrine","player_choice":"Upgraded","floor":2,"damage_taken":0},{"event_name":"The Cleric","player_choice":"Leave","floor":4,"damage_taken":0},{"event_name":"Dead Adventurer","player_choice":"Searched \u00271\u0027 times","floor":11,"damage_taken":0},{"event_name":"Mushrooms","player_choice":"Fought Mushrooms","floor":12,"damage_taken":0}],"boss_relics":[],"potions_floor_spawned":[5,12],"seed_played":"-88870664322216827","killed_by":"Slime Boss","ascension_level":7,"is_trial":false}