{"gold_per_floor":[118,49,49,49,14,14,26,59,83,83,116,116,148,166,166,264,264,280,295,27,0,0,30,30,30,30,30,30,30,46,46,46,46],"floor_reached":33,"playtime":1037,"items_purged":["Defend_B"],"score":393,"play_id":"2fef74b2-c853-4c13-8501-bede56fc758c","local_time":"20181016105947","is_ascension_mode":true,"campfire_choices":[{"data":"Scrape","floor":10,"key":"SMITH"},{"floor":12,"key":"REST"},{"floor":15,"key":"REST"},{"floor":27,"key":"REST"},{"data":"Coolheaded","floor":32,"key":"SMITH"}],"neow_cost":"","seed_source_timestamp":492852098991471,"circlet_count":0,"master_deck":["Strike_B","Strike_B","Strike_B","Strike_B","Defend_B+1","Defend_B+1","Defend_B","Zap","Dualcast","Auto Shields","Coolheaded+1","Leap","Glacier","Gash","Scrape+1","Stack","Rebound","Cold Snap","Echo Form","Scrape","Static Discharge","Sweeping Beam","Self Repair","Self Repair","Fusion","Scrape","Undo+1","Rebound+1"],"relics":["Cracked Core","Question Card","Smiling Mask","Bronze Scales","Juzu Bracelet","Orrery","PreservedInsect","Ginger","Pear","Molten Egg 2","Nloth\u0027s Gift"],"potions_floor_usage":[13,33,33,33],"damage_taken":[{"damage":1,"enemies":"Cultist","floor":1,"turns":3},{"damage":0,"enemies":"Small Slimes","floor":7,"turns":3},{"damage":18,"enemies":"3 Sentries","floor":8,"turns":11},{"damage":40,"enemies":"Gremlin Nob","floor":11,"turns":5},{"damage":0,"enemies":"3 Sentries","floor":13,"turns":9},{"damage":0,"enemies":"2 Louse","floor":14,"turns":2},{"damage":34,"enemies":"Hexaghost","floor":16,"turns":14},{"damage":1,"enemies":"Chosen","floor":18,"turns":6},{"damage":26,"enemies":"Spheric Guardian","floor":19,"turns":8},{"damage":48,"enemies":"Book of Stabbing","floor":23,"turns":5},{"damage":20,"enemies":"Snecko","floor":30,"turns":6},{"damage":82,"enemies":"Collector","floor":33,"turns":9}],"seed_played":"-1755085461230539687","potions_obtained":[{"floor":11,"key":"SkillPotion"},{"floor":16,"key":"EssenceOfSteel"},{"floor":18,"key":"SpeedPotion"}],"is_trial":false,"path_per_floor":["M","$","?","?","$","?","M","E","T","R","E","R","E","M","R","B",null,"M","M","$","?","$","E","?","?","T","R","T","$","M","?","R"],"character_chosen":"DEFECT","items_purchased":["Coolheaded","Gash","Glacier","PreservedInsect","EssenceOfSteel"],"campfire_rested":3,"item_purchase_floors":[2,2,5,20,20],"current_hp_per_floor":[67,67,67,67,67,67,67,49,49,49,9,31,31,31,53,19,61,74,62,62,62,62,14,14,39,49,74,74,74,82,82,82,0],"gold":46,"neow_bonus":"","is_prod":false,"is_daily":false,"chose_seed":false,"campfire_upgraded":2,"win_rate":0,"timestamp":1539712787,"path_taken":["M","?","?","?","$","?","M","E","T","R","E","R","E","M","R","BOSS","M","M","$","?","$","E","?","?","T","R","?","$","M","?","R","BOSS"],"build_version":"2018-10-11","purchased_purges":1,"victory":false,"max_hp_per_floor":[75,75,75,75,75,75,75,75,75,75,75,75,75,75,75,75,75,75,75,75,75,75,75,75,75,85,85,85,85,85,85,85,85],"card_choices":[{"not_picked":["Conserve Battery","Hello World"],"picked":"Auto Shields","floor":1},{"not_picked":["Compile Driver","BootSequence","Redo"],"picked":"Gash","floor":7},{"not_picked":["Go for the Eyes","Hologram","Undo"],"picked":"Scrape","floor":8},{"not_picked":["Static Discharge","Fusion","Turbo"],"picked":"Stack","floor":11},{"not_picked":["Double Energy","Melter","Consume"],"picked":"Rebound","floor":13},{"not_picked":["Tempest","Chill","Recycle"],"picked":"Cold Snap","floor":14},{"not_picked":["Buffer","Creative AI","All For One"],"picked":"Echo Form","floor":16},{"not_picked":["Redo","Ball Lightning","Hologram"],"picked":"Scrape","floor":17},{"not_picked":["Redo","Rip and Tear","Barrage"],"picked":"Static Discharge","floor":17},{"not_picked":["Stack","Darkness","Turbo"],"picked":"Sweeping Beam","floor":17},{"not_picked":["Force Field","Chaos","Biased Cognition"],"picked":"Self Repair","floor":17},{"not_picked":["Turbo","Aggregate","Cold Snap"],"picked":"Self Repair","floor":17},{"not_picked":["Steam","Aggregate+1","Stack+1"],"picked":"Fusion","floor":18},{"not_picked":["Compile Driver+1","Barrage","Leap"],"picked":"Scrape","floor":19},{"not_picked":["Streamline","Redo","Compile Driver+1"],"picked":"Undo+1","floor":23},{"not_picked":["Capacitor","Conserve Battery","Static Discharge"],"picked":"Rebound+1","floor":30}],"player_experience":527413,"relics_obtained":[{"floor":8,"key":"War Paint"},{"floor":9,"key":"Smiling Mask"},{"floor":11,"key":"Bronze Scales"},{"floor":13,"key":"Juzu Bracelet"},{"floor":23,"key":"Ginger"},{"floor":26,"key":"Pear"},{"floor":28,"key":"Molten Egg 2"}],"event_choices":[{"event_name":"WeMeetAgain","player_choice":"Card","floor":3,"damage_taken":0},{"event_name":"Match and Keep!","player_choice":"1 cards matched","floor":4,"damage_taken":0},{"event_name":"The Cleric","player_choice":"Leave","floor":6,"damage_taken":0},{"event_name":"Masked Bandits","player_choice":"Paid Fearfully","floor":21,"damage_taken":0},{"event_name":"Vampires","player_choice":"Ignored","floor":24,"damage_taken":0},{"event_name":"The Library","player_choice":"Heal","floor":25,"damage_taken":0},{"event_name":"N\u0027loth","player_choice":"Traded a War Paint","floor":31,"damage_taken":0}],"is_beta":false,"boss_relics":[{"not_picked":["Ectoplasm","Busted Crown"],"picked":"Orrery"}],"items_purged_floors":[20],"is_endless":false,"potions_floor_spawned":[11,16,18],"killed_by":"Collector","ascension_level":6}