{"gold_per_floor":[112,112,112,112,37,37,68,68,115,148,163,163,183,219,219,345,345,363,363],"floor_reached":19,"playtime":481,"items_purged":["Strike_R"],"score":267,"play_id":"3b8b30d0-88d6-4e6f-b5ab-796431905258","local_time":"20190314225020","is_ascension_mode":true,"campfire_choices":[{"data":"Wild Strike","floor":6,"key":"SMITH"},{"data":"Bash","floor":12,"key":"SMITH"},{"data":"Inflame","floor":15,"key":"SMITH"}],"neow_cost":"NONE","seed_source_timestamp":23429337381000,"circlet_count":0,"master_deck":["Strike_R","Strike_R","Strike_R","Strike_R","Defend_R","Defend_R","Defend_R","Defend_R","Bash+1","Wild Strike+1","Juggernaut","Sword Boomerang","Ghostly Armor","Body Slam","Inflame+1","Exhume","Pommel Strike","Inflame","Combust","Seeing Red","Twin Strike","Dual Wield+1"],"relics":["Burning Blood","NeowsBlessing","Golden Idol","Centennial Puzzle","Dream Catcher","Bottled Flame","Spirit Poop","Letter Opener","PreservedInsect","Orrery"],"potions_floor_usage":[16,19],"damage_taken":[{"damage":0,"enemies":"Jaw Worm","floor":1,"turns":1},{"damage":0,"enemies":"Lagavulin","floor":7,"turns":1},{"damage":0,"enemies":"Gremlin Nob","floor":10,"turns":1},{"damage":3,"enemies":"2 Louse","floor":11,"turns":2},{"damage":0,"enemies":"Small Slimes","floor":13,"turns":3},{"damage":10,"enemies":"3 Sentries","floor":14,"turns":6},{"damage":81,"enemies":"The Guardian","floor":16,"turns":11},{"damage":33,"enemies":"Shell Parasite","floor":18,"turns":5},{"damage":62,"enemies":"Masked Bandits","floor":19,"turns":5}],"seed_played":"-3860234063843894727","potions_obtained":[{"floor":7,"key":"FearPotion"},{"floor":13,"key":"Regen Potion"}],"is_trial":false,"path_per_floor":["M","?","?","?","$","R","E","?","T","E","M","R","M","E","R","B",null,"M","?"],"character_chosen":"IRONCLAD","items_purchased":[],"campfire_rested":0,"item_purchase_floors":[],"current_hp_per_floor":[80,74,74,56,56,56,62,62,62,68,71,71,74,70,70,10,74,47,0],"gold":363,"neow_bonus":"THREE_ENEMY_KILL","is_prod":false,"is_daily":false,"chose_seed":false,"campfire_upgraded":3,"win_rate":0,"timestamp":1552629020,"path_taken":["M","?","?","?","$","R","E","?","T","E","M","R","?","E","R","BOSS","M","?"],"build_version":"2019-02-06","purchased_purges":1,"victory":false,"max_hp_per_floor":[80,74,74,74,74,74,74,74,74,74,74,74,74,74,74,74,74,74,74],"card_choices":[{"not_picked":["Havoc","Entrench"],"picked":"Wild Strike","floor":1},{"not_picked":["Pommel Strike","Headbutt"],"picked":"Juggernaut","floor":7},{"not_picked":["Anger","Brutality"],"picked":"Sword Boomerang","floor":10},{"not_picked":["Havoc","Headbutt"],"picked":"Ghostly Armor","floor":11},{"not_picked":["Wild Strike","Rage"],"picked":"Body Slam","floor":13},{"not_picked":["Seeing Red","Combust"],"picked":"Inflame","floor":14},{"not_picked":["Berserk","Juggernaut"],"picked":"Exhume","floor":16},{"not_picked":["Armaments","Headbutt"],"picked":"Pommel Strike","floor":17},{"not_picked":["Fire Breathing","Power Through"],"picked":"Inflame","floor":17},{"not_picked":["Evolve","Rampage"],"picked":"Combust","floor":17},{"not_picked":["Flex","Blood for Blood"],"picked":"Seeing Red","floor":17},{"not_picked":["Warcry","Heavy Blade"],"picked":"Twin Strike","floor":17},{"not_picked":["Headbutt","Blood for Blood"],"picked":"Dual Wield+1","floor":18}],"player_experience":565923,"relics_obtained":[{"floor":7,"key":"Bottled Flame"},{"floor":10,"key":"Letter Opener"},{"floor":14,"key":"PreservedInsect"}],"event_choices":[{"damage_healed":0,"gold_gain":0,"player_choice":"Lose Max HP","damage_taken":0,"relics_obtained":["Golden Idol"],"max_hp_gain":0,"max_hp_loss":6,"event_name":"Golden Idol","floor":2,"gold_loss":0},{"damage_healed":0,"gold_gain":0,"player_choice":"Box","damage_taken":0,"relics_obtained":["Centennial Puzzle"],"max_hp_gain":0,"max_hp_loss":0,"event_name":"Big Fish","floor":3,"gold_loss":0,"cards_obtained":["Regret"]},{"damage_healed":0,"gold_gain":0,"player_choice":"Success","damage_taken":18,"relics_obtained":["Dream Catcher"],"max_hp_gain":0,"max_hp_loss":0,"event_name":"Scrap Ooze","floor":4,"gold_loss":0},{"cards_removed":["Regret"],"damage_healed":0,"gold_gain":0,"player_choice":"Offered Curse","damage_taken":0,"relics_obtained":["Spirit Poop"],"max_hp_gain":0,"max_hp_loss":0,"event_name":"Bonfire Elementals","floor":8,"gold_loss":0},{"damage_healed":0,"gold_gain":0,"player_choice":"Fought Bandits","damage_taken":0,"max_hp_gain":0,"max_hp_loss":0,"event_name":"Masked Bandits","floor":19,"gold_loss":0}],"is_beta":true,"boss_relics":[{"not_picked":["Eternal Feather","Cursed Key"],"picked":"Orrery"}],"items_purged_floors":[5],"is_endless":false,"potions_floor_spawned":[7,13],"killed_by":"Masked Bandits","ascension_level":3}