{"gold_per_floor":[113,131,102,26,26,57,57,23,23,38,49,49,23,33,33,107,107,117,135,10,109,109,109,120,120,120,135,0,0],"floor_reached":29,"playtime":632,"items_purged":["Decay"],"score":379,"play_id":"3ab5b7a2-2865-4094-9ac2-0fb13b65ebf2","local_time":"20181020183924","is_ascension_mode":true,"campfire_choices":[{"floor":7,"key":"DIG"},{"floor":12,"key":"DIG"},{"floor":15,"key":"DIG"},{"floor":23,"key":"REST"},{"floor":25,"key":"DIG"}],"neow_cost":"TEN_PERCENT_HP_LOSS","seed_source_timestamp":866437814824937,"circlet_count":0,"master_deck":["Strike_R","Strike_R","Strike_R","Strike_R","Strike_R","Defend_R","Defend_R+1","Defend_R+1","Defend_R","Bash","AscendersBane","Cleave","Seeing Red","Thunderclap","Shrug It Off","True Grit","Infernal Blade","Armaments","Spot Weakness","Heavy Blade","Warcry","Exhume","Perfected Strike","Iron Wave+1","Spot Weakness"],"relics":["Burning Blood","Shovel","Pocketwatch","Omamori","Letter Opener","Mercury Hourglass","War Paint","Cursed Key","FaceOfCleric","Strawberry","Bottled Lightning"],"potions_floor_usage":[6,16,24,24],"damage_taken":[{"damage":14,"enemies":"Small Slimes","floor":1,"turns":4},{"damage":7,"enemies":"2 Louse","floor":2,"turns":3},{"damage":29,"enemies":"3 Sentries","floor":6,"turns":8},{"damage":0,"enemies":"Cultist","floor":10,"turns":2},{"damage":6,"enemies":"3 Louse","floor":11,"turns":3},{"damage":0,"enemies":"Lots of Slimes","floor":14,"turns":1},{"damage":23,"enemies":"The Guardian","floor":16,"turns":8},{"damage":41,"enemies":"Chosen","floor":18,"turns":5},{"damage":21,"enemies":"3 Byrds","floor":19,"turns":3},{"damage":10,"enemies":"Centurion and Healer","floor":24,"turns":5},{"damage":12,"enemies":"Cultist and Chosen","floor":27,"turns":4},{"damage":32,"enemies":"Sentry and Sphere","floor":29,"turns":5}],"seed_played":"-8967827534431501671","potions_obtained":[{"floor":2,"key":"SkillPotion"},{"floor":6,"key":"FearPotion"},{"floor":11,"key":"FearPotion"},{"floor":19,"key":"SteroidPotion"},{"floor":24,"key":"Dexterity Potion"}],"is_trial":false,"path_per_floor":["M","M","?","$","?","E","R","$","T","M","M","R","$","M","R","B",null,"M","M","$","?","?","R","M","R","T","M","?"],"character_chosen":"IRONCLAD","items_purchased":["Thunderclap","Shrug It Off","Infernal Blade","Heavy Blade","Fire Potion"],"campfire_rested":1,"item_purchase_floors":[4,4,8,13,20],"current_hp_per_floor":[60,59,59,59,59,36,36,36,36,42,42,42,42,48,48,31,59,24,9,9,9,9,29,26,33,33,28,28,0],"gold":0,"neow_bonus":"ONE_RARE_RELIC","is_prod":false,"is_daily":false,"chose_seed":false,"campfire_upgraded":0,"win_rate":0,"timestamp":1540085964,"path_taken":["M","M","?","$","?","E","R","$","T","?","M","R","?","?","R","BOSS","M","M","$","?","?","R","M","R","T","?","?","?"],"build_version":"2018-10-18","purchased_purges":1,"victory":false,"max_hp_per_floor":[68,68,68,68,68,68,68,68,68,68,68,68,68,68,68,68,68,68,68,68,68,68,68,69,76,76,77,77,77],"card_choices":[{"not_picked":["Thunderclap","Combust"],"picked":"Cleave","floor":1},{"not_picked":["Pommel Strike","Rupture"],"picked":"Seeing Red","floor":2},{"not_picked":["Iron Wave","Corruption"],"picked":"True Grit","floor":6},{"not_picked":["Twin Strike","Sword Boomerang"],"picked":"Armaments","floor":10},{"not_picked":["Shrug It Off","Warcry"],"picked":"Spot Weakness","floor":11},{"not_picked":["Corruption","Searing Blow"],"picked":"Warcry","floor":14},{"not_picked":["Double Tap","Brutality"],"picked":"Exhume","floor":16},{"not_picked":["True Grit","Shrug It Off"],"picked":"Perfected Strike","floor":18},{"not_picked":["Battle Trance","Perfected Strike"],"picked":"Iron Wave+1","floor":19},{"not_picked":["Clothesline","Anger","Shockwave"],"picked":"SKIP","floor":24},{"not_picked":["Wild Strike","Twin Strike"],"picked":"Spot Weakness","floor":27}],"player_experience":582528,"relics_obtained":[{"floor":6,"key":"Pocketwatch"},{"floor":7,"key":"Omamori"},{"floor":9,"key":"Letter Opener"},{"floor":12,"key":"Mercury Hourglass"},{"floor":15,"key":"War Paint"},{"floor":25,"key":"Strawberry"},{"floor":26,"key":"Bottled Lightning"}],"event_choices":[{"damage_healed":0,"gold_gain":0,"player_choice":"Left Gold","damage_taken":0,"max_hp_gain":0,"max_hp_loss":0,"event_name":"World of Goop","floor":3,"gold_loss":29},{"damage_healed":0,"gold_gain":0,"player_choice":"Cursed","damage_taken":0,"max_hp_gain":0,"max_hp_loss":0,"event_name":"Wheel of Change","floor":5,"gold_loss":0,"cards_obtained":["Decay"]},{"damage_healed":0,"gold_gain":99,"player_choice":"Stole From Cult","damage_taken":0,"max_hp_gain":0,"max_hp_loss":0,"event_name":"Nest","floor":21,"gold_loss":0},{"damage_healed":0,"gold_gain":0,"player_choice":"Trade","damage_taken":0,"relics_obtained":["FaceOfCleric"],"max_hp_gain":0,"max_hp_loss":0,"event_name":"FaceTrader","floor":22,"gold_loss":0},{"damage_healed":0,"gold_gain":0,"player_choice":"Paid Fearfully","damage_taken":0,"max_hp_gain":0,"max_hp_loss":0,"event_name":"Masked Bandits","floor":28,"gold_loss":135}],"is_beta":false,"boss_relics":[{"not_picked":["Runic Dome","White Beast Statue"],"picked":"Cursed Key"}],"items_purged_floors":[20],"is_endless":false,"potions_floor_spawned":[2,6,11,19,24],"killed_by":"Sentry and Sphere","ascension_level":14}