{"gold_per_floor":[112,125,125,8,8,38,38,14,14,39,51,67,99,109,109,212,212,223,223,233,233,233,249,249,349,349,25,45,45],"floor_reached":29,"playtime":715,"items_purged":["Decay"],"score":267,"play_id":"5ef7f4b4-aae9-4d59-8d16-bd972566cfd8","local_time":"20181014051932","is_ascension_mode":true,"campfire_choices":[{"floor":7,"key":"REST"},{"floor":15,"key":"REST"},{"floor":24,"key":"REST"}],"neow_cost":"NONE","seed_source_timestamp":299958513554677,"circlet_count":0,"master_deck":["Strike_B+1","Strike_B+1","Strike_B+1","Strike_B+1","Defend_B+1","Defend_B+1","Defend_B+1","Defend_B+1","Zap","Dualcast","Rebound","Capacitor","Core Surge","Gash","FTL","Barrage","Gash","Go for the Eyes","Sunder","FTL","Echo Form","Seek","Steam","J.A.X.","White Noise","RitualDagger","Go for the Eyes","Reboot","Scrape+1","Gash+1"],"relics":["Cracked Core","Pen Nib","Lantern","Cables","StoneCalendar","Strawberry","Nuclear Battery","Ice Cream","The Courier","Singing Bowl","Molten Egg 2"],"potions_floor_usage":[13,16,16,25],"damage_taken":[{"damage":2,"enemies":"Jaw Worm","floor":1,"turns":3},{"damage":0,"enemies":"Cultist","floor":2,"turns":2},{"damage":40,"enemies":"Lagavulin","floor":6,"turns":8},{"damage":30,"enemies":"Gremlin Nob","floor":10,"turns":4},{"damage":3,"enemies":"Small Slimes","floor":11,"turns":2},{"damage":0,"enemies":"Exordium Wildlife","floor":12,"turns":2},{"damage":13,"enemies":"Lagavulin","floor":13,"turns":5},{"damage":8,"enemies":"Exordium Thugs","floor":14,"turns":2},{"damage":2,"enemies":"Slime Boss","floor":16,"turns":5},{"damage":25,"enemies":"2 Thieves","floor":18,"turns":3},{"damage":15,"enemies":"Chosen","floor":20,"turns":3},{"damage":15,"enemies":"Centurion and Healer","floor":23,"turns":5},{"damage":18,"enemies":"Colosseum Slavers","floor":25,"turns":4},{"damage":26,"enemies":"Colosseum Nobs","floor":25,"turns":4},{"damage":9,"enemies":"Snecko","floor":28,"turns":4},{"damage":6,"enemies":"Cultist and Chosen","floor":29,"turns":1}],"seed_played":"-6922633168575943292","potions_obtained":[{"floor":1,"key":"SpeedPotion"},{"floor":2,"key":"Fire Potion"},{"floor":10,"key":"Weak Potion"},{"floor":12,"key":"Fire Potion"},{"floor":18,"key":"FocusPotion"}],"is_trial":false,"path_per_floor":["M","M","?","$","?","E","R","$","T","E","M","M","E","M","R","B",null,"M","?","M","?","?","M","R","?","T","$","M"],"character_chosen":"DEFECT","items_purchased":["Core Surge","Gash","Barrage","Molten Egg 2","Scrape+1"],"campfire_rested":3,"item_purchase_floors":[4,4,8,27,27],"current_hp_per_floor":[80,80,80,80,73,33,57,57,57,27,24,24,18,10,36,34,89,64,64,49,49,43,28,54,10,10,10,1,0],"gold":45,"neow_bonus":"TEN_PERCENT_HP_BONUS","is_prod":false,"is_daily":false,"chose_seed":false,"campfire_upgraded":0,"win_rate":0,"timestamp":1539519572,"path_taken":["M","M","?","$","?","E","R","?","T","E","?","?","E","M","R","BOSS","M","?","M","?","?","M","R","?","T","?","?","M"],"build_version":"2018-10-11","purchased_purges":1,"victory":false,"max_hp_per_floor":[82,82,82,82,82,82,82,82,82,82,82,82,89,89,89,89,89,89,89,89,89,89,89,89,89,89,89,89,89],"card_choices":[{"not_picked":["Chill","Turbo"],"picked":"Rebound","floor":1},{"not_picked":["Conserve Battery","Rebound"],"picked":"Capacitor","floor":2},{"not_picked":["Sweeping Beam","Cold Snap"],"picked":"FTL","floor":6},{"not_picked":["Recycle","Beam Cell"],"picked":"Gash","floor":10},{"not_picked":["Streamline","Sweeping Beam"],"picked":"Go for the Eyes","floor":11},{"not_picked":["Consume","Beam Cell"],"picked":"Sunder","floor":12},{"not_picked":["Ball Lightning","Fusion"],"picked":"FTL","floor":13},{"not_picked":["Tempest","Compile Driver"],"picked":"Echo Form","floor":14},{"not_picked":["Biased Cognition","Hyperbeam"],"picked":"Seek","floor":16},{"not_picked":["Turbo","Compile Driver"],"picked":"Steam","floor":18},{"not_picked":["Redo","Streamline"],"picked":"White Noise","floor":20},{"not_picked":["Genetic Algorithm","Streamline"],"picked":"Go for the Eyes","floor":23},{"not_picked":["Glacier","Sunder"],"picked":"Reboot","floor":25},{"not_picked":["Turbo+1","Streamline+1"],"picked":"Gash+1","floor":28}],"player_experience":496387,"relics_obtained":[{"floor":6,"key":"Lantern"},{"floor":9,"key":"Cables"},{"floor":10,"key":"StoneCalendar"},{"floor":13,"key":"Strawberry"},{"floor":25,"key":"Ice Cream"},{"floor":25,"key":"The Courier"},{"floor":26,"key":"Singing Bowl"}],"event_choices":[{"event_name":"Wheel of Change","player_choice":"Curse","floor":3,"damage_taken":0},{"event_name":"Scrap Ooze","player_choice":"success","floor":5,"damage_taken":7},{"event_name":"Drug Dealer","player_choice":"Got JAX","floor":19,"damage_taken":0},{"event_name":"Back to Basics","player_choice":"Simplicity","floor":21,"damage_taken":0},{"event_name":"Nest","player_choice":"Joined the Cult","floor":22,"damage_taken":0},{"event_name":"Colosseum","player_choice":"Fight","floor":25,"damage_taken":0},{"event_name":"Colosseum","player_choice":"Fought Nobs","floor":25,"damage_taken":0}],"is_beta":false,"boss_relics":[{"not_picked":["Tiny House","Fusion Hammer"],"picked":"Nuclear Battery"}],"items_purged_floors":[27],"is_endless":false,"potions_floor_spawned":[1,2,10,12,18],"killed_by":"Cultist and Chosen","ascension_level":2}