{"gold_per_floor":[215,230,230,63,21,47,67,92,92,92,92,162,162,187,187,313,313,332,257,257,280,2,45,45,61,61,94,114,114,114,135,135,258,258,278,0,0,0],"floor_reached":38,"playtime":2357,"items_purged":["Strike_R","Strike_R"],"score":672,"play_id":"304f8a9e-d5c6-4af3-bf89-82ec37775cc6","local_time":"20190316074156","is_ascension_mode":true,"campfire_choices":[{"data":"Armaments","floor":10,"key":"SMITH"},{"floor":13,"key":"REST"},{"data":"Rampage","floor":15,"key":"SMITH"},{"floor":24,"key":"REST"},{"floor":32,"key":"REST"}],"neow_cost":"NONE","seed_source_timestamp":1009164130636592,"circlet_count":0,"master_deck":["AscendersBane","Defend_R","Defend_R","Defend_R","Defend_R","Bash","Pommel Strike","Inflame","Cleave","Armaments+1","Rampage+1","Sword Boomerang","Feed","Clothesline","Iron Wave","Bludgeon","Battle Trance","Carnage","Shockwave+1","Shrug It Off","Headbutt+1","Demon Form","Disarm"],"relics":["Burning Blood","Anchor","Mummified Hand","Calipers","Orichalcum","Golden Idol","Potion Belt","Fusion Hammer","MutagenicStrength","Bag of Marbles","Ice Cream","Bird Faced Urn","Enchiridion","Empty Cage","Red Mask"],"potions_floor_usage":[6,12,16,18,23,23,35,38,38,38],"damage_taken":[{"damage":12,"enemies":"Small Slimes","floor":1,"turns":4},{"damage":6,"enemies":"2 Louse","floor":2,"turns":3},{"damage":16,"enemies":"Gremlin Nob","floor":6,"turns":3},{"damage":0,"enemies":"Jaw Worm","floor":7,"turns":3},{"damage":15,"enemies":"3 Sentries","floor":8,"turns":7},{"damage":17,"enemies":"Gremlin Nob","floor":12,"turns":5},{"damage":1,"enemies":"Exordium Wildlife","floor":14,"turns":3},{"damage":42,"enemies":"Hexaghost","floor":16,"turns":8},{"damage":9,"enemies":"3 Byrds","floor":18,"turns":5},{"damage":1,"enemies":"Spheric Guardian","floor":21,"turns":3},{"damage":25,"enemies":"Gremlin Leader","floor":23,"turns":5},{"damage":6,"enemies":"3 Cultists","floor":25,"turns":4},{"damage":11,"enemies":"Slavers","floor":27,"turns":3},{"damage":10,"enemies":"Shelled Parasite and Fungi","floor":28,"turns":4},{"damage":0,"enemies":"Snake Plant","floor":31,"turns":1},{"damage":36,"enemies":"Champ","floor":33,"turns":8},{"damage":38,"enemies":"3 Darklings","floor":35,"turns":4},{"damage":69,"enemies":"Donu and Deca","floor":38,"turns":7}],"seed_played":"7298385542760024481","potions_obtained":[{"floor":1,"key":"FearPotion"},{"floor":8,"key":"SkillPotion"},{"floor":12,"key":"Regen Potion"},{"floor":16,"key":"SpeedPotion"},{"floor":18,"key":"Energy Potion"},{"floor":21,"key":"Poison Potion"},{"floor":25,"key":"Block Potion"},{"floor":27,"key":"Swift Potion"},{"floor":33,"key":"Strength Potion"},{"floor":35,"key":"Block Potion"}],"is_trial":false,"path_per_floor":["M","M","?","$","?","E","M","E","T","R","?","?","R","M","R","B",null,"M","?","?","M","$","E","R","M","T","E","M","?","?","M","R","B",null,"M","?","?","B"],"character_chosen":"IRONCLAD","items_purchased":["Inflame","Cleave","Bludgeon","Battle Trance"],"campfire_rested":3,"item_purchase_floors":[4,4,22,22],"current_hp_per_floor":[66,66,54,54,54,44,50,41,41,41,41,30,52,57,57,36,65,65,65,65,70,70,51,74,77,77,75,77,77,61,71,87,57,80,52,52,52,0],"gold":0,"neow_bonus":"HUNDRED_GOLD","is_prod":false,"is_daily":false,"chose_seed":false,"campfire_upgraded":2,"win_rate":0,"timestamp":1552736516,"path_taken":["M","M","?","$","?","E","M","E","T","R","?","?","R","M","R","BOSS","M","?","?","?","$","E","R","M","T","E","M","?","?","M","R","BOSS","M","?","?","BOSS"],"build_version":"2019-01-23","purchased_purges":2,"victory":false,"max_hp_per_floor":[80,80,80,80,80,80,80,80,80,80,74,74,74,74,74,74,74,77,77,77,77,77,77,77,80,80,83,87,87,87,87,87,87,87,87,87,87,87],"card_choices":[{"not_picked":["Rupture","Wild Strike"],"picked":"Pommel Strike","floor":1},{"not_picked":["Reckless Charge","Havoc","Warcry"],"picked":"SKIP","floor":2},{"not_picked":["Havoc","Cleave"],"picked":"Armaments","floor":6},{"not_picked":["Thunderclap","Havoc","Blood for Blood"],"picked":"SKIP","floor":7},{"not_picked":["Dropkick","Iron Wave"],"picked":"Rampage","floor":8},{"not_picked":["Anger","Corruption"],"picked":"Sword Boomerang","floor":12},{"not_picked":["Sentinel","Twin Strike","Dual Wield"],"picked":"SKIP","floor":14},{"not_picked":["Juggernaut","Fiend Fire"],"picked":"Feed","floor":16},{"not_picked":["Cleave","Sever Soul"],"picked":"Clothesline","floor":18},{"not_picked":["Blood for Blood","Reckless Charge"],"picked":"Iron Wave","floor":21},{"not_picked":["Hemokinesis","True Grit","Havoc"],"picked":"SKIP","floor":23},{"not_picked":["Uppercut","Burning Pact"],"picked":"Carnage","floor":25},{"not_picked":["Pommel Strike+1","Twin Strike"],"picked":"Shockwave+1","floor":27},{"not_picked":["Sword Boomerang","Rupture+1","Body Slam"],"picked":"SKIP","floor":28},{"not_picked":["Rupture","Cleave+1"],"picked":"Headbutt+1","floor":31},{"not_picked":["Exhume","Reaper"],"picked":"Demon Form","floor":33},{"not_picked":["Pommel Strike","Wild Strike"],"picked":"Disarm","floor":35}],"player_experience":289486,"relics_obtained":[{"floor":6,"key":"Mummified Hand"},{"floor":8,"key":"Calipers"},{"floor":9,"key":"Orichalcum"},{"floor":12,"key":"Potion Belt"},{"floor":23,"key":"Bag of Marbles"},{"floor":26,"key":"Ice Cream"},{"floor":27,"key":"Bird Faced Urn"},{"floor":30,"key":"Enchiridion"}],"event_choices":[{"damage_healed":0,"gold_gain":0,"player_choice":"Success","damage_taken":12,"relics_obtained":["Anchor"],"max_hp_gain":0,"max_hp_loss":0,"event_name":"Scrap Ooze","floor":3,"gold_loss":0},{"damage_healed":0,"gold_gain":0,"player_choice":"Left Gold","damage_taken":0,"max_hp_gain":0,"max_hp_loss":0,"event_name":"World of Goop","floor":5,"gold_loss":42},{"damage_healed":0,"gold_gain":0,"player_choice":"Lose Max HP","damage_taken":0,"relics_obtained":["Golden Idol"],"max_hp_gain":0,"max_hp_loss":6,"event_name":"Golden Idol","floor":11,"gold_loss":0},{"damage_healed":0,"gold_gain":0,"player_choice":"Searched \u00271\u0027 times","damage_taken":0,"max_hp_gain":0,"max_hp_loss":0,"event_name":"Dead Adventurer","floor":12,"gold_loss":0},{"cards_removed":["Strike_R"],"damage_healed":0,"gold_gain":0,"player_choice":"Gave Gold","damage_taken":0,"max_hp_gain":0,"max_hp_loss":0,"event_name":"Beggar","floor":19,"gold_loss":75},{"damage_healed":0,"gold_gain":0,"player_choice":"Inject Mutagens","damage_taken":0,"relics_obtained":["MutagenicStrength"],"max_hp_gain":0,"max_hp_loss":0,"event_name":"Drug Dealer","floor":20,"gold_loss":0},{"damage_healed":0,"gold_gain":0,"player_choice":"Read","damage_taken":0,"max_hp_gain":0,"max_hp_loss":0,"event_name":"The Library","floor":29,"gold_loss":0,"cards_obtained":["Shrug It Off"]},{"damage_healed":0,"gold_gain":0,"player_choice":"Obtained Book","damage_taken":16,"max_hp_gain":0,"max_hp_loss":0,"event_name":"Cursed Tome","floor":30,"gold_loss":0},{"damage_healed":0,"gold_gain":0,"player_choice":"Paid","damage_taken":0,"relics_obtained":["Red Mask"],"max_hp_gain":0,"max_hp_loss":0,"event_name":"Tomb of Lord Red Mask","floor":36,"gold_loss":278},{"damage_healed":0,"gold_gain":0,"player_choice":"Took Portal","damage_taken":0,"max_hp_gain":0,"max_hp_loss":0,"event_name":"SecretPortal","floor":37,"gold_loss":0}],"is_beta":false,"boss_relics":[{"not_picked":["Eternal Feather","Black Star"],"picked":"Fusion Hammer"},{"not_picked":["Lizard Tail","Tiny House"],"picked":"Empty Cage"}],"items_purged_floors":[4,22],"is_endless":false,"potions_floor_spawned":[1,8,12,16,18,21,25,27,33,35],"killed_by":"Donu and Deca","ascension_level":12}