{"gold_per_floor":[117,135,135,148,161,161,189,189,213,213,247,52,52,92,92,213,213,234,267,283,283,140,140,211,211,211,245,245,281,0,21,21,142,142,185,244,304,338,356,409,409,772,772,772,772,795,530,48,48,68],"floor_reached":51,"playtime":2904,"items_purged":["Writhe","Strike_R"],"score":854,"play_id":"f5a9087e-11d2-4412-815a-ff64456c856b","local_time":"20190416072306","is_ascension_mode":false,"campfire_choices":[{"data":"Bash","floor":6,"key":"SMITH"},{"data":"Armaments","floor":13,"key":"SMITH"},{"floor":15,"key":"REST"},{"data":"Corruption","floor":23,"key":"SMITH"},{"data":"Shockwave","floor":25,"key":"SMITH"},{"data":"Limit Break","floor":32,"key":"SMITH"},{"floor":41,"key":"REST"},{"floor":49,"key":"REST"}],"neow_cost":"NONE","seed_source_timestamp":331222872050400,"circlet_count":0,"master_deck":["Strike_R+1","Strike_R","Strike_R","Strike_R","Defend_R+1","Defend_R","Defend_R","Bash+1","Power Through","Perfected Strike+1","Headbutt","Thunderclap","Shrug It Off","Perfected Strike","Armaments+1","True Grit","Shockwave+1","Feed","Clothesline+1","Corruption+1","Armaments+1","Uppercut","Juggernaut","Feel No Pain","Limit Break+1","HandOfGreed","Iron Wave","True Grit","Dark Embrace","Iron Wave","Battle Trance+1","Pommel Strike","Infernal Blade+1","Flame Barrier+1","Spot Weakness+1","Whirlwind+1","Headbutt+1","Spot Weakness","Barricade","Shockwave+1"],"relics":["Burning Blood","Dream Catcher","Boot","Golden Idol","PreservedInsect","Bag of Preparation","Question Card","Mark of Pain","Red Mask","Shuriken","Tiny Chest","Calipers","Orichalcum","Letter Opener","Fusion Hammer","WingedGreaves","Singing Bowl","Old Coin","Darkstone Periapt","Oddly Smooth Stone","Champion Belt"],"potions_floor_usage":[7,27,29,33,33,40,46,50,50],"damage_taken":[{"damage":1,"enemies":"Jaw Worm","floor":1,"turns":3},{"damage":10,"enemies":"Small Slimes","floor":2,"turns":3},{"damage":0,"enemies":"2 Louse","floor":4,"turns":3},{"damage":0,"enemies":"Looter","floor":5,"turns":3},{"damage":21,"enemies":"Lagavulin","floor":7,"turns":7},{"damage":27,"enemies":"Gremlin Nob","floor":11,"turns":4},{"damage":14,"enemies":"3 Sentries","floor":14,"turns":5},{"damage":31,"enemies":"The Guardian","floor":16,"turns":10},{"damage":1,"enemies":"Shell Parasite","floor":18,"turns":6},{"damage":15,"enemies":"Masked Bandits","floor":19,"turns":5},{"damage":16,"enemies":"Spheric Guardian","floor":20,"turns":4},{"damage":8,"enemies":"Book of Stabbing","floor":24,"turns":4},{"damage":10,"enemies":"Slavers","floor":27,"turns":4},{"damage":24,"enemies":"Gremlin Leader","floor":29,"turns":7},{"damage":5,"enemies":"Snake Plant","floor":31,"turns":3},{"damage":39,"enemies":"Collector","floor":33,"turns":11},{"damage":0,"enemies":"3 Darklings","floor":35,"turns":5},{"damage":1,"enemies":"3 Shapes","floor":36,"turns":9},{"damage":27,"enemies":"2 Orb Walkers","floor":37,"turns":6},{"damage":27,"enemies":"Jaw Worm Horde","floor":38,"turns":6},{"damage":0,"enemies":"Transient","floor":39,"turns":5},{"damage":53,"enemies":"Reptomancer","floor":40,"turns":6},{"damage":28,"enemies":"Giant Head","floor":42,"turns":7},{"damage":35,"enemies":"Spire Growth","floor":46,"turns":4},{"damage":34,"enemies":"Awakened One","floor":50,"turns":10}],"seed_played":"-2332396220490134554","potions_obtained":[{"floor":4,"key":"SteroidPotion"},{"floor":5,"key":"FearPotion"},{"floor":11,"key":"Swift Potion"},{"floor":18,"key":"Ancient Potion"},{"floor":37,"key":"FearPotion"},{"floor":38,"key":"SkillPotion"},{"floor":40,"key":"FairyPotion"}],"is_trial":false,"path_per_floor":["M","M","?","M","M","R","E","?","T","?","E","$","R","E","R","B",null,"M","?","M","?","$","R","E","R","T","E","?","E","$","M","R","B",null,"M","M","?","M","M","E","R","E","T","T","?","M","$","$","R","B",null],"character_chosen":"IRONCLAD","items_purchased":["Armaments","Bag of Preparation","Uppercut","SpeedPotion","HandOfGreed","Iron Wave","Weak Potion","Ancient Potion","Spot Weakness","Barricade","Champion Belt","Energy Potion"],"campfire_rested":3,"item_purchase_floors":[12,12,22,30,30,30,47,47,47,48,48,48],"current_hp_per_floor":[88,84,77,83,88,88,73,55,55,55,34,34,34,26,50,25,81,81,75,68,68,68,68,70,70,70,70,70,55,55,56,56,27,102,102,105,84,66,72,25,57,37,37,37,37,8,8,8,41,13],"gold":68,"neow_bonus":"TEN_PERCENT_HP_BONUS","is_prod":false,"is_daily":false,"chose_seed":false,"campfire_upgraded":5,"win_rate":1,"timestamp":1555424586,"path_taken":["M","M","?","M","M","R","E","?","T","?","E","$","R","E","R","BOSS","M","?","M","?","$","R","E","R","T","E","?","E","$","M","R","BOSS","M","?","?","M","M","E","R","E","T","?","?","M","$","$","R","BOSS"],"build_version":"2019-01-23","purchased_purges":2,"victory":true,"max_hp_per_floor":[88,88,88,88,88,88,88,88,88,81,81,81,81,81,81,81,81,81,84,87,87,87,87,91,91,91,95,95,98,98,98,98,102,102,102,105,105,108,108,108,108,110,110,110,110,110,110,110,110,110],"card_choices":[{"not_picked":["Warcry","Burning Pact"],"picked":"Power Through","floor":1},{"not_picked":["Intimidate","Clash"],"picked":"Perfected Strike","floor":2},{"not_picked":["Warcry","Cleave"],"picked":"Headbutt","floor":4},{"not_picked":["Clash","Corruption"],"picked":"Thunderclap","floor":5},{"not_picked":["Limit Break","Whirlwind"],"picked":"Shrug It Off","floor":7},{"not_picked":["Ghostly Armor","True Grit"],"picked":"Perfected Strike","floor":11},{"not_picked":["Wild Strike","Twin Strike"],"picked":"True Grit","floor":14},{"not_picked":["Flame Barrier","True Grit","Wild Strike"],"picked":"Shockwave","floor":15},{"not_picked":["Dark Embrace","Impervious","Berserk"],"picked":"Feed","floor":16},{"not_picked":["Bloodletting","Anger","Heavy Blade+1"],"picked":"Clothesline+1","floor":18},{"not_picked":["Perfected Strike","Flex+1","Combust"],"picked":"Corruption","floor":19},{"not_picked":["Ghostly Armor","Twin Strike","Pommel Strike"],"picked":"Armaments+1","floor":20},{"not_picked":["Sword Boomerang+1","Flex","Clash"],"picked":"Juggernaut","floor":24},{"not_picked":["True Grit","Sword Boomerang","Sever Soul+1"],"picked":"Feel No Pain","floor":27},{"not_picked":["True Grit+1","Anger+1","Headbutt"],"picked":"Limit Break","floor":29},{"not_picked":["Sword Boomerang","Pommel Strike","Infernal Blade"],"picked":"True Grit","floor":31},{"not_picked":["Barricade","Reaper","Double Tap"],"picked":"Dark Embrace","floor":33},{"not_picked":["Havoc","Heavy Blade","Cleave+1"],"picked":"Iron Wave","floor":35},{"not_picked":["Infernal Blade","Thunderclap+1","Warcry+1"],"picked":"Battle Trance+1","floor":36},{"not_picked":["Rampage","Body Slam","Flex"],"picked":"Pommel Strike","floor":37},{"not_picked":["Armaments","Clash+1","Bloodletting"],"picked":"Infernal Blade+1","floor":38},{"not_picked":["Wild Strike","Havoc+1","Warcry+1"],"picked":"Flame Barrier+1","floor":39},{"not_picked":["Heavy Blade+1","Seeing Red","Whirlwind"],"picked":"Spot Weakness+1","floor":40},{"not_picked":["Infernal Blade","Sword Boomerang+1","Rampage"],"picked":"Whirlwind+1","floor":41},{"not_picked":["Sword Boomerang+1","Evolve","Intimidate+1","Cleave"],"picked":"Singing Bowl","floor":42},{"not_picked":["Wild Strike+1","Infernal Blade+1","Twin Strike+1"],"picked":"Headbutt+1","floor":46},{"not_picked":["Flame Barrier","Anger","Limit Break"],"picked":"Shockwave+1","floor":49}],"player_experience":376893,"relics_obtained":[{"floor":7,"key":"Dream Catcher"},{"floor":9,"key":"Boot"},{"floor":11,"key":"PreservedInsect"},{"floor":14,"key":"Question Card"},{"floor":19,"key":"Red Mask"},{"floor":24,"key":"Tiny Chest"},{"floor":26,"key":"Calipers"},{"floor":27,"key":"Orichalcum"},{"floor":29,"key":"Letter Opener"},{"floor":37,"key":"WingedGreaves"},{"floor":40,"key":"Singing Bowl"},{"floor":42,"key":"Old Coin"},{"floor":43,"key":"Darkstone Periapt"},{"floor":44,"key":"Oddly Smooth Stone"}],"event_choices":[{"cards_removed":["Defend_R"],"damage_healed":0,"gold_gain":0,"player_choice":"Card Removal","damage_taken":7,"max_hp_gain":0,"max_hp_loss":0,"event_name":"Golden Wing","floor":3,"gold_loss":0},{"damage_healed":0,"gold_gain":0,"player_choice":"Entered Light","damage_taken":18,"max_hp_gain":0,"max_hp_loss":0,"event_name":"Shining Light","floor":8,"gold_loss":0,"cards_upgraded":["Strike_R","Defend_R"]},{"damage_healed":0,"gold_gain":0,"player_choice":"Lose Max HP","damage_taken":0,"relics_obtained":["Golden Idol"],"max_hp_gain":0,"max_hp_loss":7,"event_name":"Golden Idol","floor":10,"gold_loss":0},{"damage_healed":0,"gold_gain":0,"player_choice":"Fought Bandits","damage_taken":0,"max_hp_gain":0,"max_hp_loss":0,"event_name":"Masked Bandits","floor":19,"gold_loss":0},{"damage_healed":0,"gold_gain":0,"player_choice":"Opened","damage_taken":0,"relics_obtained":["Shuriken"],"max_hp_gain":0,"max_hp_loss":0,"event_name":"The Mausoleum","floor":21,"gold_loss":0,"cards_obtained":["Writhe"]},{"damage_healed":0,"gold_gain":0,"player_choice":"Ignored","damage_taken":0,"max_hp_gain":0,"max_hp_loss":0,"event_name":"NoteForYourself","floor":28,"gold_loss":0},{"damage_healed":0,"gold_gain":0,"player_choice":"Fight","damage_taken":0,"max_hp_gain":0,"max_hp_loss":0,"event_name":"Mysterious Sphere","floor":37,"gold_loss":0},{"damage_healed":0,"gold_gain":0,"player_choice":"Forge","damage_taken":0,"max_hp_gain":0,"max_hp_loss":0,"event_name":"Accursed Blacksmith","floor":45,"gold_loss":0,"cards_upgraded":["Perfected Strike"]}],"is_beta":false,"boss_relics":[{"not_picked":["Busted Crown","White Beast Statue"],"picked":"Mark of Pain"},{"not_picked":["Eternal Feather","Pandora\u0027s Box"],"picked":"Fusion Hammer"}],"items_purged_floors":[22,47],"is_endless":false,"potions_floor_spawned":[4,5,11,18,20,37,38,40],"ascension_level":0}