{"gold_per_floor":[115,128,128,145,165,198,213,238,238,238,271,286,286,302,302,403,403,416,427,427,407,299,299,325,337,349,395,418,448,66,84,84,186,186,197,197,197,212,212,212,245,114,114,114,128,128,146,175,175,175,175,175,36,64,64],"floor_reached":56,"playtime":10492,"items_purged":["Pain","Regret","Strike_R","Strike_R"],"score":1339,"play_id":"42793e80-d733-4b8a-87d8-e4cb944b10d4","local_time":"20190411111810","is_ascension_mode":true,"campfire_choices":[{"floor":15.0,"key":"RECALL"},{"data":"Brutality","floor":23.0,"key":"SMITH"},{"floor":25.0,"key":"REST"},{"floor":32,"key":"REST"},{"floor":40,"key":"REST"},{"floor":44,"key":"REST"},{"floor":49,"key":"REST"},{"floor":52,"key":"REST"}],"neow_cost":"NONE","seed_source_timestamp":0,"circlet_count":0,"master_deck":["Strike_R","Strike_R","Defend_R","Defend_R","Defend_R","Defend_R","Bash","Anger","Dual Wield","Second Wind","Iron Wave","Clothesline","Brutality+1","True Grit","Clash","Dropkick","Bash","Clash","Headbutt","Clash","Anger","Juggernaut","Pommel Strike+1","Feel No Pain","RitualDagger","Rupture","Armaments+1","Corruption","Battle Trance","Shrug It Off+1","Apotheosis","Shrug It Off","Inflame","Feel No Pain+1","Dark Embrace","Searing Blow+1","Madness","Madness","Blind","Thinking Ahead","Secret Weapon","Metallicize","Clash+1","Inflame","Havoc+1","Power Through","Warcry","Inflame","Metallicize","Juggernaut"],"special_seed":0,"relics":["Burning Blood","WarpedTongs","Blood Vial","Mummified Hand","Sundial","Pantograph","Runic Cube","MawBank","Self Forming Clay","Kunai","Fusion Hammer","NlothsMask","Smiling Mask","Gremlin Horn","Centennial Puzzle"],"potions_floor_usage":[33,48,55],"damage_taken":[{"damage":1.0,"enemies":"Jaw Worm","floor":1.0,"turns":4.0},{"damage":1.0,"enemies":"Cultist","floor":2.0,"turns":3.0},{"damage":3.0,"enemies":"Small Slimes","floor":4.0,"turns":4.0},{"damage":3.0,"enemies":"Exordium Thugs","floor":5.0,"turns":5.0},{"damage":9.0,"enemies":"3 Sentries","floor":6.0,"turns":7.0},{"damage":9.0,"enemies":"3 Louse","floor":7.0,"turns":5.0},{"damage":27.0,"enemies":"Lagavulin","floor":8.0,"turns":7.0},{"damage":3.0,"enemies":"Gremlin Nob","floor":11.0,"turns":3.0},{"damage":2.0,"enemies":"Gremlin Gang","floor":12.0,"turns":3.0},{"damage":12.0,"enemies":"Lots of Slimes","floor":14.0,"turns":5.0},{"damage":71.0,"enemies":"Hexaghost","floor":16.0,"turns":9.0},{"damage":11.0,"enemies":"Shell Parasite","floor":18.0,"turns":5.0},{"damage":13.0,"enemies":"Chosen","floor":19.0,"turns":2.0},{"damage":40.0,"enemies":"Gremlin Leader","floor":24.0,"turns":5.0},{"damage":35.0,"enemies":"Slavers","floor":27.0,"turns":4.0},{"damage":12.0,"enemies":"Snecko","floor":28.0,"turns":3.0},{"damage":13.0,"enemies":"Cultist and Chosen","floor":29.0,"turns":5.0},{"damage":4,"enemies":"3 Cultists","floor":31,"turns":5},{"damage":23,"enemies":"Champ","floor":33,"turns":6},{"damage":3,"enemies":"Orb Walker","floor":35,"turns":3},{"damage":19,"enemies":"3 Darklings","floor":38,"turns":3},{"damage":38,"enemies":"Nemesis","floor":41,"turns":6},{"damage":13,"enemies":"Writhing Mass","floor":45,"turns":4},{"damage":19,"enemies":"Jaw Worm Horde","floor":47,"turns":3},{"damage":25,"enemies":"Reptomancer","floor":48,"turns":4},{"damage":66,"enemies":"Time Eater","floor":50,"turns":9},{"damage":27,"enemies":"Shield and Spear","floor":54,"turns":5},{"damage":27,"enemies":"The Heart","floor":55,"turns":5}],"seed_played":"6141399217630883497","potions_obtained":[{"floor":1.0,"key":"Explosive Potion"},{"floor":2.0,"key":"FearPotion"},{"floor":5.0,"key":"Regen Potion"},{"floor":8.0,"key":"SneckoOil"},{"floor":12.0,"key":"SteroidPotion"},{"floor":16.0,"key":"PowerPotion"},{"floor":19.0,"key":"Strength Potion"},{"floor":21.0,"key":"Explosive Potion"},{"floor":27.0,"key":"Poison Potion"},{"floor":29.0,"key":"LiquidBronze"},{"floor":47,"key":"Poison Potion"}],"is_trial":false,"path_per_floor":["M","M","?","M","M","E","M","E","T","?","E","M","?","M","R","B",null,"M","M","?","?","$","R","E","R","T","E","M","M","$","M","R","B",null,"M","?","?","M","?","R","E","$","T","R","M","?","M","E","R","B",null,"R","$","E","B",null],"character_chosen":"IRONCLAD","items_purchased":["Rupture","Apotheosis","Shrug It Off","Inflame","Inflame","Metallicize","Block Potion"],"campfire_rested":6,"item_purchase_floors":[22,30,30,30,42,53,53],"current_hp_per_floor":[80,80,80,80,80,80,77,58,58,58,63,69,69,65,65,15,80,75,70,64,64,64,64,32,56,56,29,25,20,20,24,48,58,80,80,70,60,49,49,73,43,43,43,67,62,62,51,34,58,20,80,80,80,59,59],"gold":64,"neow_bonus":"TRANSFORM_CARD","is_prod":false,"is_daily":false,"chose_seed":false,"campfire_upgraded":1,"win_rate":0,"timestamp":1554977890,"path_taken":["M","M","?","?","?","E","M","E","T","?","E","?","?","M","R","BOSS","M","M","?","?","$","R","E","R","T","E","?","M","?","M","R","BOSS","M","?","?","M","?","R","E","$","T","R","?","?","?","E","R","BOSS","R","$","E","BOSS"],"build_version":"2019-01-23","purchased_purges":4,"victory":true,"max_hp_per_floor":[80,80,80,80,80,80,80,80,80,80,80,80,80,80,80,80,80,80,80,80,80,80,80,80,80,80,80,80,80,80,80,80,80,80,80,80,80,80,80,80,80,80,80,80,80,80,80,80,80,80,80,80,80,80,80],"card_choices":[{"not_picked":["Wild Strike","Anger"],"picked":"Dual Wield","floor":1.0},{"not_picked":["Bloodletting","Burning Pact"],"picked":"Second Wind","floor":2.0},{"not_picked":["Entrench","Twin Strike"],"picked":"Iron Wave","floor":4.0},{"not_picked":["Iron Wave","Whirlwind"],"picked":"Clothesline","floor":5.0},{"not_picked":["Impervious","Flex"],"picked":"Brutality","floor":6.0},{"not_picked":["Clash","Pommel Strike"],"picked":"True Grit","floor":7.0},{"not_picked":["Twin Strike","Searing Blow"],"picked":"Clash","floor":8.0},{"not_picked":["Shrug It Off","Limit Break"],"picked":"Headbutt","floor":11.0},{"not_picked":["True Grit","Headbutt"],"picked":"Clash","floor":12.0},{"not_picked":["Whirlwind","Havoc"],"picked":"Anger","floor":14.0},{"not_picked":["Offering","Barricade"],"picked":"Juggernaut","floor":16.0},{"not_picked":["Clothesline+1","Sword Boomerang+1"],"picked":"Pommel Strike+1","floor":18.0},{"not_picked":["Body Slam","Armaments"],"picked":"Feel No Pain","floor":19.0},{"not_picked":["Body Slam","Twin Strike"],"picked":"Armaments+1","floor":24.0},{"not_picked":["Sword Boomerang","Warcry"],"picked":"Corruption","floor":27.0},{"not_picked":["Uppercut+1","Ghostly Armor"],"picked":"Battle Trance","floor":28.0},{"not_picked":["Dropkick","Blood for Blood"],"picked":"Shrug It Off+1","floor":29.0},{"not_picked":["Iron Wave","Body Slam+1"],"picked":"Feel No Pain+1","floor":31},{"not_picked":["Limit Break","Offering"],"picked":"Dark Embrace","floor":33},{"not_picked":["Pummel","Carnage+1"],"picked":"Searing Blow+1","floor":35},{"not_picked":["Dramatic Entrance","Swift Strike"],"picked":"Blind","floor":37},{"not_picked":["Transmutation","Madness"],"picked":"Thinking Ahead","floor":37},{"not_picked":["Trip","Discovery"],"picked":"Secret Weapon","floor":37},{"not_picked":["Pommel Strike","Infernal Blade+1"],"picked":"Metallicize","floor":38},{"not_picked":["Battle Trance","Clothesline+1"],"picked":"Clash+1","floor":41},{"not_picked":["Bludgeon","Clothesline+1"],"picked":"Havoc+1","floor":45},{"not_picked":["Flex","Entrench+1"],"picked":"Warcry","floor":47},{"not_picked":["Iron Wave+1","Cleave"],"picked":"Inflame","floor":48},{"not_picked":["True Grit+1","Spot Weakness+1"],"picked":"Juggernaut","floor":54}],"player_experience":89108,"relics_obtained":[{"floor":6.0,"key":"Blood Vial"},{"floor":8.0,"key":"Mummified Hand"},{"floor":11.0,"key":"Sundial"},{"floor":24.0,"key":"MawBank"},{"floor":26.0,"key":"Self Forming Clay"},{"floor":27.0,"key":"Kunai"},{"floor":41,"key":"Smiling Mask"},{"floor":48,"key":"Gremlin Horn"},{"floor":54,"key":"Centennial Puzzle"}],"event_choices":[{"damage_healed":0.0,"max_hp_gain":0.0,"max_hp_loss":0.0,"gold_gain":0.0,"event_name":"Accursed Blacksmith","player_choice":"Rummage","floor":3.0,"gold_loss":0.0,"damage_taken":0.0,"relics_obtained":["WarpedTongs"],"cards_obtained":["Pain"]},{"damage_healed":0.0,"max_hp_gain":0.0,"max_hp_loss":0.0,"gold_gain":0.0,"event_name":"Match and Keep!","player_choice":"3 cards matched","floor":10.0,"gold_loss":0.0,"damage_taken":0.0,"cards_obtained":["Dropkick","Bash","Clash"]},{"damage_healed":0.0,"max_hp_gain":0.0,"max_hp_loss":0.0,"gold_gain":0.0,"event_name":"Big Fish","player_choice":"Box","floor":13.0,"gold_loss":0.0,"damage_taken":0.0,"relics_obtained":["Pantograph"],"cards_obtained":["Regret"]},{"damage_healed":0.0,"max_hp_gain":0.0,"max_hp_loss":0.0,"gold_gain":0.0,"event_name":"Nest","player_choice":"Joined the Cult","floor":20.0,"gold_loss":0.0,"damage_taken":6.0,"cards_obtained":["RitualDagger"]},{"damage_healed":0.0,"max_hp_gain":0.0,"max_hp_loss":0.0,"gold_gain":0.0,"event_name":"The Woman in Blue","player_choice":"Bought 1 Potion","floor":21.0,"gold_loss":0.0,"damage_taken":0.0},{"damage_healed":0,"gold_gain":0,"player_choice":"Embrace Madness","damage_taken":10,"max_hp_gain":0,"max_hp_loss":0,"event_name":"Winding Halls","floor":36,"gold_loss":0,"cards_obtained":["Madness","Madness"]},{"damage_healed":0,"gold_gain":0,"player_choice":"Memory 3","damage_taken":10,"max_hp_gain":0,"max_hp_loss":0,"event_name":"SensoryStone","floor":37,"gold_loss":0},{"damage_healed":0,"gold_gain":0,"player_choice":"Trade","damage_taken":0,"relics_obtained":["NlothsMask"],"max_hp_gain":0,"max_hp_loss":0,"event_name":"FaceTrader","floor":39,"gold_loss":0},{"damage_healed":0,"gold_gain":0,"player_choice":"1 cards matched","damage_taken":0,"max_hp_gain":0,"max_hp_loss":0,"event_name":"Match and Keep!","floor":46,"gold_loss":0,"cards_obtained":["Power Through"]}],"is_beta":false,"boss_relics":[{"not_picked":["Philosopher\u0027s Stone","Tiny House"],"picked":"Runic Cube"},{"not_picked":["Eternal Feather","Busted Crown"],"picked":"Fusion Hammer"}],"items_purged_floors":[22,30,42,53],"is_endless":false,"potions_floor_spawned":[1,2,5,8,12,16,19,27,29,47],"ascension_level":1}