{"gold_per_floor":[115,135,135,24,37,37,66,16,71,102,102,117,135,145,145,242,242,256,271,186,186,186,186,0,0,0,99,130,143,143,163,163,163],"floor_reached":33,"playtime":1697,"items_purged":["Strike_R"],"score":383,"play_id":"ef1a126d-f8a1-4660-8857-e28fe56e4275","local_time":"20190305034125","is_ascension_mode":true,"campfire_choices":[{"data":"Armaments","floor":6,"key":"SMITH"},{"data":"Pommel Strike","floor":11,"key":"SMITH"},{"data":"Shockwave","floor":15,"key":"SMITH"},{"floor":23,"key":"REST"},{"data":"Feed","floor":25,"key":"SMITH"},{"floor":30,"key":"REST"},{"data":"Inflame","floor":32,"key":"SMITH"}],"neow_cost":"NONE","seed_source_timestamp":48602658118337,"circlet_count":0,"master_deck":["Defend_R","Defend_R","Defend_R","Defend_R","Bash","Twin Strike","Pommel Strike+1","Uppercut","Armaments+1","Immolate","Disarm","Inflame+1","Whirlwind","Shockwave+1","Feed+1","Whirlwind+1","Rampage","Bite","Bite","Bite","Bite","Bite","Carnage+1"],"relics":["Burning Blood","Bronze Scales","Centennial Puzzle","Strawberry","Red Skull","Black Star","Singing Bowl","Anchor","Ancient Tea Set","Molten Egg 2"],"potions_floor_usage":[10,33,33],"damage_taken":[{"damage":1,"enemies":"Cultist","floor":1,"turns":3},{"damage":7,"enemies":"Jaw Worm","floor":2,"turns":3},{"damage":7,"enemies":"Small Slimes","floor":5,"turns":3},{"damage":15,"enemies":"Gremlin Nob","floor":7,"turns":4},{"damage":15,"enemies":"Lagavulin","floor":10,"turns":4},{"damage":0,"enemies":"Exordium Wildlife","floor":12,"turns":1},{"damage":13,"enemies":"Large Slime","floor":13,"turns":6},{"damage":0,"enemies":"2 Fungi Beasts","floor":14,"turns":2},{"damage":28,"enemies":"Slime Boss","floor":16,"turns":5},{"damage":16,"enemies":"Shell Parasite","floor":18,"turns":5},{"damage":22,"enemies":"2 Thieves","floor":19,"turns":2},{"damage":37,"enemies":"Book of Stabbing","floor":28,"turns":7},{"damage":27,"enemies":"Snake Plant","floor":29,"turns":3},{"damage":9,"enemies":"Chosen and Byrds","floor":31,"turns":4},{"damage":92,"enemies":"Champ","floor":33,"turns":11}],"seed_played":"-168050001795656629","potions_obtained":[{"floor":2,"key":"BloodPotion"},{"floor":7,"key":"Energy Potion"},{"floor":10,"key":"Swift Potion"},{"floor":12,"key":"Explosive Potion"},{"floor":16,"key":"Ancient Potion"}],"is_trial":false,"path_per_floor":["M","M","?","$","M","R","E","?","T","E","R","M","M","M","R","B",null,"M","M","?","?","?","R","?","R","T","?","E","M","R","M","R","B"],"character_chosen":"IRONCLAD","items_purchased":["Uppercut"],"campfire_rested":2,"item_purchase_floors":[4],"current_hp_per_floor":[77,76,76,76,75,75,66,66,73,64,64,70,63,69,69,47,77,67,51,51,51,41,60,60,60,60,60,48,37,58,67,67,0],"gold":163,"neow_bonus":"RANDOM_COMMON_RELIC","is_prod":false,"is_daily":false,"chose_seed":false,"campfire_upgraded":5,"win_rate":0,"timestamp":1551775285,"path_taken":["M","M","?","$","M","R","E","?","T","E","R","M","M","M","R","BOSS","M","M","?","?","?","R","?","R","T","?","E","M","R","M","R","BOSS"],"build_version":"2019-01-23","purchased_purges":1,"victory":false,"max_hp_per_floor":[80,80,80,80,80,80,80,80,87,87,87,87,87,87,87,87,87,87,87,87,60,65,65,65,65,65,65,67,71,71,77,77,77],"card_choices":[{"not_picked":["Cleave","Sword Boomerang"],"picked":"Twin Strike","floor":1},{"not_picked":["Havoc","Entrench"],"picked":"Pommel Strike","floor":2},{"not_picked":["Cleave","Thunderclap"],"picked":"Armaments","floor":5},{"not_picked":["Rampage","Pommel Strike"],"picked":"Immolate","floor":7},{"not_picked":["Havoc","Flex"],"picked":"Disarm","floor":10},{"not_picked":["True Grit","Heavy Blade"],"picked":"Inflame","floor":12},{"not_picked":["True Grit","Pommel Strike"],"picked":"Whirlwind","floor":13},{"not_picked":["Heavy Blade","Cleave"],"picked":"Shockwave","floor":14},{"not_picked":["Exhume","Fiend Fire"],"picked":"Feed","floor":16},{"not_picked":["Thunderclap","Entrench"],"picked":"Whirlwind+1","floor":18},{"not_picked":["Corruption","Sever Soul"],"picked":"Rampage","floor":19},{"not_picked":["Iron Wave","True Grit","Power Through"],"picked":"Singing Bowl","floor":28},{"not_picked":["Pommel Strike+1","Havoc"],"picked":"Carnage+1","floor":29},{"not_picked":["Sentinel","Intimidate","Perfected Strike+1"],"picked":"Singing Bowl","floor":31}],"player_experience":206952,"relics_obtained":[{"floor":7,"key":"Centennial Puzzle"},{"floor":9,"key":"Strawberry"},{"floor":10,"key":"Red Skull"},{"floor":26,"key":"Anchor"},{"floor":28,"key":"Ancient Tea Set"},{"floor":28,"key":"Molten Egg 2"}],"event_choices":[{"cards_removed":["Strike_R"],"damage_healed":0,"gold_gain":0,"player_choice":"Forget","damage_taken":0,"max_hp_gain":0,"max_hp_loss":0,"event_name":"Living Wall","floor":3,"gold_loss":0},{"cards_removed":["Strike_R"],"damage_healed":0,"gold_gain":0,"player_choice":"Card Removal","damage_taken":0,"max_hp_gain":0,"max_hp_loss":0,"event_name":"The Cleric","floor":8,"gold_loss":50},{"damage_healed":0,"gold_gain":0,"player_choice":"Obtained Relic","damage_taken":0,"relics_obtained":["Singing Bowl"],"max_hp_gain":0,"max_hp_loss":0,"event_name":"Addict","floor":20,"gold_loss":85},{"damage_healed":0,"gold_gain":0,"player_choice":"Became a vampire","damage_taken":0,"max_hp_gain":0,"max_hp_loss":27,"event_name":"Vampires","floor":21,"gold_loss":0,"cards_obtained":["Bite","Bite","Bite","Bite","Bite"]},{"damage_healed":0,"gold_gain":0,"player_choice":"Shed Blood","damage_taken":15,"max_hp_gain":5,"max_hp_loss":0,"event_name":"Forgotten Altar","floor":22,"gold_loss":0},{"damage_healed":0,"gold_gain":0,"player_choice":"Paid Fearfully","damage_taken":0,"max_hp_gain":0,"max_hp_loss":0,"event_name":"Masked Bandits","floor":24,"gold_loss":186},{"damage_healed":0,"gold_gain":99,"player_choice":"Stole From Cult","damage_taken":0,"max_hp_gain":0,"max_hp_loss":0,"event_name":"Nest","floor":27,"gold_loss":0}],"is_beta":false,"boss_relics":[{"not_picked":["Black Blood","Philosopher\u0027s Stone"],"picked":"Black Star"}],"items_purged_floors":[4],"is_endless":false,"potions_floor_spawned":[2,7,10,12,13,16,29],"killed_by":"Champ","ascension_level":6}