{"gold_per_floor":[12,12,12,28,43,70,70,101,101,101,132,142,142,51,51,129,129,143,109,289,289,304,304,333,333,333,56,56,67,78,78,78,78],"floor_reached":33,"playtime":835,"items_purged":["Shame"],"score":481,"play_id":"02ce86f2-ab88-4448-a6d4-76e012d6557e","local_time":"20181022115835","is_ascension_mode":true,"campfire_choices":[{"data":"Armaments","floor":7,"key":"SMITH"},{"floor":10,"key":"REST"},{"data":"Uppercut","floor":15,"key":"SMITH"},{"floor":23,"key":"REST"},{"floor":32,"key":"REST"}],"neow_cost":"NO_GOLD","seed_source_timestamp":1014984068119824,"circlet_count":0,"master_deck":["Strike_R","Strike_R","Strike_R","Strike_R","Strike_R","Defend_R","Defend_R","Defend_R","Defend_R","Bash","AscendersBane","Armaments+1","Iron Wave","Headbutt","Cleave","Uppercut+1","Limit Break","Flex","Dropkick","Exhume","Twin Strike","Infernal Blade","Heavy Blade+1","Twin Strike","Flex","Shame","Sword Boomerang","Necronomicurse","Whirlwind+1"],"relics":["Burning Blood","Nunchaku","NlothsMask","Potion Belt","Bag of Marbles","Lantern","Cursed Key","Nloth\u0027s Gift","Ancient Tea Set","Red Skull","Dream Catcher","Necronomicon"],"potions_floor_usage":[11,19,19,22,24,24,33,33],"damage_taken":[{"damage":13,"enemies":"Jaw Worm","floor":1,"turns":5},{"damage":10,"enemies":"Small Slimes","floor":4,"turns":4},{"damage":0,"enemies":"2 Louse","floor":5,"turns":4},{"damage":40,"enemies":"Lagavulin","floor":6,"turns":6},{"damage":21,"enemies":"3 Sentries","floor":8,"turns":7},{"damage":10,"enemies":"Lagavulin","floor":11,"turns":5},{"damage":12,"enemies":"Exordium Thugs","floor":12,"turns":5},{"damage":41,"enemies":"The Guardian","floor":16,"turns":11},{"damage":3,"enemies":"Chosen","floor":18,"turns":3},{"damage":23,"enemies":"2 Thieves","floor":19,"turns":5},{"damage":0,"enemies":"Snecko","floor":22,"turns":3},{"damage":23,"enemies":"Slavers","floor":24,"turns":5},{"damage":9,"enemies":"Centurion and Healer","floor":29,"turns":2},{"damage":12,"enemies":"Cultist and Chosen","floor":30,"turns":2},{"damage":46,"enemies":"Champ","floor":33,"turns":3}],"seed_played":"-5985806675549028110","potions_obtained":[{"floor":6,"key":"Regen Potion"},{"floor":8,"key":"Strength Potion"},{"floor":11,"key":"EssenceOfSteel"},{"floor":12,"key":"Dexterity Potion"},{"floor":16,"key":"Swift Potion"},{"floor":19,"key":"SteroidPotion"},{"floor":22,"key":"Strength Potion"},{"floor":29,"key":"Dexterity Potion"}],"is_trial":false,"path_per_floor":["M","?","?","M","M","E","R","E","T","R","E","M","?","$","R","B",null,"M","M","?","?","M","R","E","?","T","$","?","M","M","?","R"],"character_chosen":"IRONCLAD","items_purchased":["Flex","Dropkick","Flex","Red Skull"],"campfire_rested":3,"item_purchase_floors":[14,14,27,27],"current_hp_per_floor":[61,61,61,57,63,29,29,14,14,36,32,26,51,51,51,16,60,63,46,25,25,31,53,36,36,36,36,36,33,27,11,33,0],"gold":78,"neow_bonus":"ONE_RARE_RELIC","is_prod":false,"is_daily":false,"chose_seed":false,"campfire_upgraded":2,"win_rate":0,"timestamp":1540234715,"path_taken":["M","?","?","?","M","E","R","E","T","R","E","M","?","$","R","BOSS","M","M","?","?","M","R","E","?","T","$","?","?","M","?","R","BOSS"],"build_version":"2018-10-18","purchased_purges":1,"victory":false,"max_hp_per_floor":[75,75,75,75,75,75,75,75,75,75,75,75,75,75,75,75,75,75,75,75,75,75,75,75,75,75,75,75,75,75,75,75,75],"card_choices":[{"not_picked":["Clothesline","Havoc"],"picked":"Armaments","floor":1},{"not_picked":["Dual Wield","Havoc"],"picked":"Iron Wave","floor":4},{"not_picked":["Dual Wield","Clothesline"],"picked":"Headbutt","floor":5},{"not_picked":["Dual Wield","Flame Barrier"],"picked":"Cleave","floor":6},{"not_picked":["Corruption","Sentinel"],"picked":"Uppercut","floor":8},{"not_picked":["Immolate","Feel No Pain"],"picked":"Limit Break","floor":11},{"not_picked":["Sword Boomerang","Warcry","Body Slam"],"picked":"SKIP","floor":12},{"not_picked":["Barricade","Fiend Fire"],"picked":"Exhume","floor":16},{"not_picked":["Heavy Blade","Clash+1"],"picked":"Twin Strike","floor":18},{"not_picked":["Iron Wave","Power Through"],"picked":"Infernal Blade","floor":19},{"not_picked":["Headbutt","Rage+1"],"picked":"Heavy Blade+1","floor":22},{"not_picked":["Metallicize+1","Clothesline"],"picked":"Twin Strike","floor":24},{"not_picked":["Havoc","True Grit"],"picked":"Sword Boomerang","floor":29},{"not_picked":["Heavy Blade","Juggernaut","Blood for Blood"],"picked":"SKIP","floor":30},{"not_picked":["Shrug It Off","Flex"],"picked":"Whirlwind+1","floor":32}],"player_experience":612771,"relics_obtained":[{"floor":6,"key":"Potion Belt"},{"floor":8,"key":"Bag of Marbles"},{"floor":11,"key":"Lantern"},{"floor":24,"key":"Bottled Lightning"},{"floor":26,"key":"Ancient Tea Set"},{"floor":31,"key":"Necronomicon"}],"event_choices":[{"damage_healed":0,"gold_gain":0,"player_choice":"Leave","damage_taken":0,"max_hp_gain":0,"max_hp_loss":0,"event_name":"The Cleric","floor":2,"gold_loss":0},{"damage_healed":0,"gold_gain":0,"player_choice":"Trade","damage_taken":0,"relics_obtained":["NlothsMask"],"max_hp_gain":0,"max_hp_loss":0,"event_name":"FaceTrader","floor":3,"gold_loss":0},{"damage_healed":25,"gold_gain":0,"player_choice":"Banana","damage_taken":0,"max_hp_gain":0,"max_hp_loss":0,"event_name":"Big Fish","floor":13,"gold_loss":0},{"damage_healed":0,"gold_gain":180,"player_choice":"GOLD GOLD ","damage_taken":21,"max_hp_gain":0,"max_hp_loss":0,"event_name":"Knowing Skull","floor":20,"potions_obtained":[],"gold_loss":0,"cards_obtained":[]},{"damage_healed":0,"gold_gain":0,"player_choice":"Ignored","damage_taken":0,"max_hp_gain":0,"max_hp_loss":0,"event_name":"Ghosts","floor":21,"gold_loss":0},{"damage_healed":0,"gold_gain":0,"player_choice":"Traded Relic","damage_taken":0,"relics_obtained":["Nloth\u0027s Gift"],"max_hp_gain":0,"max_hp_loss":0,"event_name":"N\u0027loth","floor":25,"relics_lost":["Bottled Lightning"],"gold_loss":0},{"damage_healed":0,"gold_gain":0,"player_choice":"Stole Relic","damage_taken":0,"relics_obtained":["Dream Catcher"],"max_hp_gain":0,"max_hp_loss":0,"event_name":"Addict","floor":28,"gold_loss":0,"cards_obtained":["Shame"]},{"damage_healed":0,"gold_gain":0,"player_choice":"Obtained Book","damage_taken":16,"max_hp_gain":0,"max_hp_loss":0,"event_name":"Cursed Tome","floor":31,"gold_loss":0}],"is_beta":false,"boss_relics":[{"not_picked":["Runic Dome","Black Blood"],"picked":"Cursed Key"}],"items_purged_floors":[27],"is_endless":false,"potions_floor_spawned":[6,8,11,12,16,19,22,29],"killed_by":"Champ","ascension_level":14}