{"gold_per_floor":[110,123,137,137,137,137,149,161,161,187,206,206,239,258,258,258],"floor_reached":16,"playtime":680,"items_purged":[],"score":114,"play_id":"e80643d3-523a-420f-8b7b-6deb38a77ddb","local_time":"20181012104924","is_ascension_mode":false,"campfire_choices":[{"data":"Entrench","floor":6,"key":"SMITH"},{"data":"Disarm","floor":12,"key":"SMITH"},{"floor":15,"key":"REST"}],"neow_cost":"NONE","seed_source_timestamp":153417157269999,"circlet_count":0,"master_deck":["Strike_R","Strike_R","Strike_R","Strike_R","Strike_R+1","Defend_R","Defend_R","Defend_R","Defend_R+1","Bash","Shrug It Off","Entrench+1","Shrug It Off","Pommel Strike","Disarm+1","Rampage","True Grit","Feel No Pain+1"],"relics":["Burning Blood","Frozen Egg 2","Omamori","Sundial"],"potions_floor_usage":[13,16,16],"damage_taken":[{"damage":0,"enemies":"Cultist","floor":1,"turns":3},{"damage":6,"enemies":"Jaw Worm","floor":2,"turns":4},{"damage":0,"enemies":"2 Louse","floor":3,"turns":5},{"damage":0,"enemies":"Looter","floor":7,"turns":5},{"damage":4,"enemies":"Blue Slaver","floor":8,"turns":4},{"damage":34,"enemies":"Gremlin Nob","floor":10,"turns":5},{"damage":0,"enemies":"Large Slime","floor":11,"turns":5},{"damage":25,"enemies":"3 Sentries","floor":13,"turns":13},{"damage":4,"enemies":"2 Fungi Beasts","floor":14,"turns":5},{"damage":57,"enemies":"Slime Boss","floor":16,"turns":20}],"seed_played":"2560060478436842425","potions_obtained":[{"floor":1,"key":"Strength Potion"},{"floor":3,"key":"Energy Potion"},{"floor":13,"key":"Ancient Potion"}],"is_trial":false,"path_per_floor":["M","M","M","?","?","R","M","M","T","E","M","R","E","M","R"],"character_chosen":"IRONCLAD","items_purchased":[],"campfire_rested":1,"item_purchase_floors":[],"current_hp_per_floor":[80,80,80,80,64,64,70,72,72,44,50,50,31,33,57,0],"gold":258,"neow_bonus":"THREE_CARDS","is_prod":false,"is_daily":false,"chose_seed":false,"campfire_upgraded":2,"win_rate":0,"timestamp":1539355764,"path_taken":["M","M","?","?","?","R","M","?","T","E","M","R","E","M","R","BOSS"],"build_version":"2018-10-11","purchased_purges":0,"victory":false,"max_hp_per_floor":[80,80,80,80,80,80,80,80,80,80,80,80,80,80,80,80],"card_choices":[{"not_picked":["Sword Boomerang","Whirlwind"],"picked":"Shrug It Off","floor":0},{"not_picked":["Pommel Strike","Seeing Red"],"picked":"Entrench","floor":1},{"not_picked":["Clothesline","Warcry"],"picked":"Shrug It Off","floor":2},{"not_picked":["Bloodletting","Shockwave","Iron Wave"],"picked":"SKIP","floor":3},{"not_picked":["Evolve","Headbutt"],"picked":"Pommel Strike","floor":7},{"not_picked":["Warcry","Shrug It Off"],"picked":"Disarm","floor":8},{"not_picked":["Berserk+1","Burning Pact","Dual Wield"],"picked":"SKIP","floor":10},{"not_picked":["Infernal Blade","Sever Soul"],"picked":"Rampage","floor":11},{"not_picked":["Sword Boomerang","Whirlwind"],"picked":"True Grit","floor":13},{"not_picked":["Pommel Strike","Sword Boomerang"],"picked":"Feel No Pain+1","floor":14}],"player_experience":233979,"relics_obtained":[{"floor":9,"key":"Frozen Egg 2"},{"floor":10,"key":"Omamori"},{"floor":13,"key":"Sundial"}],"event_choices":[{"event_name":"Liars Game","player_choice":"disagreed","floor":4,"damage_taken":0},{"event_name":"Shining Light","player_choice":"Entered Light","floor":5,"damage_taken":0}],"is_beta":false,"boss_relics":[],"items_purged_floors":[],"is_endless":false,"potions_floor_spawned":[1,3,13],"killed_by":"Slime Boss","ascension_level":0}