{"gold_per_floor":[114,124,137,152,152,180,180,180,205,205,155,155,171,199,199,199],"floor_reached":16,"playtime":1615,"items_purged":[],"score":127,"play_id":"e1e59bfc-6fca-4b8a-b3f4-b67f0e44dd3a","local_time":"20190402150046","is_ascension_mode":true,"campfire_choices":[{"data":"Intimidate","floor":8,"key":"SMITH"},{"data":"Bash","floor":10,"key":"SMITH"},{"data":"Cleave","floor":12,"key":"SMITH"},{"data":"Body Slam","floor":15,"key":"SMITH"}],"neow_cost":"NONE","seed_source_timestamp":366897098870136,"circlet_count":0,"master_deck":["Strike_R","Strike_R","Strike_R","Defend_R","Defend_R","Defend_R","Defend_R","Bash+1","Intimidate+1","Anger","Heavy Blade","Cleave+1","Twin Strike","Pain","Metallicize","Body Slam+1"],"relics":["Burning Blood","Juzu Bracelet","WarpedTongs","Blood Vial","Art of War"],"potions_floor_usage":[14,16],"damage_taken":[{"damage":3,"enemies":"Cultist","floor":1,"turns":4},{"damage":0,"enemies":"Jaw Worm","floor":2,"turns":3},{"damage":5,"enemies":"Small Slimes","floor":3,"turns":3},{"damage":27,"enemies":"Exordium Wildlife","floor":4,"turns":5},{"damage":30,"enemies":"3 Sentries","floor":6,"turns":8},{"damage":5,"enemies":"Lots of Slimes","floor":13,"turns":2},{"damage":15,"enemies":"Gremlin Nob","floor":14,"turns":4},{"damage":42,"enemies":"The Guardian","floor":16,"turns":13}],"seed_played":"-6464163286773681345","potions_obtained":[{"floor":6,"key":"Weak Potion"},{"floor":14,"key":"Weak Potion"}],"is_trial":false,"path_per_floor":["M","M","M","M","?","E","?","R","T","R","?","R","M","E","R","B"],"character_chosen":"IRONCLAD","items_purchased":[],"campfire_rested":0,"item_purchase_floors":[],"current_hp_per_floor":[80,80,80,59,64,40,40,40,40,40,40,40,43,36,36,0],"gold":199,"neow_bonus":"TRANSFORM_CARD","is_prod":false,"is_daily":false,"chose_seed":false,"campfire_upgraded":4,"win_rate":0,"timestamp":1554213646,"path_taken":["M","M","?","M","?","E","?","R","T","R","?","R","M","E","R","BOSS"],"build_version":"2019-01-23","purchased_purges":0,"victory":false,"max_hp_per_floor":[80,80,80,80,85,85,85,85,85,85,85,85,85,85,85,85],"card_choices":[{"not_picked":["Headbutt","Wild Strike"],"picked":"Anger","floor":1},{"not_picked":["Sword Boomerang","Flex"],"picked":"Heavy Blade","floor":2},{"not_picked":["Headbutt","Heavy Blade"],"picked":"Cleave","floor":3},{"not_picked":["Thunderclap","Limit Break"],"picked":"Twin Strike","floor":4},{"not_picked":["Cleave","Clash","Dropkick"],"picked":"SKIP","floor":6},{"not_picked":["Reckless Charge","Thunderclap"],"picked":"Metallicize","floor":13},{"not_picked":["Cleave","Burning Pact"],"picked":"Body Slam","floor":14}],"player_experience":885781,"relics_obtained":[{"floor":6,"key":"Juzu Bracelet"},{"floor":9,"key":"Blood Vial"},{"floor":14,"key":"Art of War"}],"event_choices":[{"damage_healed":0,"gold_gain":0,"player_choice":"Donut","damage_taken":0,"max_hp_gain":5,"max_hp_loss":0,"event_name":"Big Fish","floor":5,"gold_loss":0},{"damage_healed":0,"gold_gain":0,"player_choice":"Rummage","damage_taken":0,"relics_obtained":["WarpedTongs"],"max_hp_gain":0,"max_hp_loss":0,"event_name":"Accursed Blacksmith","floor":7,"gold_loss":0,"cards_obtained":["Pain"]},{"cards_removed":["Strike_R"],"damage_healed":0,"gold_gain":0,"player_choice":"Card Removal","damage_taken":0,"max_hp_gain":0,"max_hp_loss":0,"event_name":"The Cleric","floor":11,"gold_loss":50}],"is_beta":false,"boss_relics":[],"items_purged_floors":[],"is_endless":false,"potions_floor_spawned":[6,14],"killed_by":"The Guardian","ascension_level":3}