{"gold_per_floor":[111,11,23,41,90,125,125,48,48,74,93,113,13,47,47,124,124,141,154,69,83,83],"floor_reached":22,"playtime":1038,"items_purged":["Strike_G","Strike_G"],"score":371,"play_id":"db5f1985-7d28-4d60-a36c-911e82f261ce","local_time":"20190105153536","is_ascension_mode":true,"campfire_choices":[{"data":"Underhanded Strike","floor":7.0,"key":"SMITH"},{"data":"Tactician","floor":15.0,"key":"SMITH"}],"neow_cost":"NONE","seed_source_timestamp":0,"circlet_count":0,"master_deck":["AscendersBane","Survivor","Neutralize","Leg Sweep","Underhanded Strike+1","Poisoned Stab","Calculated Gamble","Deadly Poison","Footwork","Quick Slash","Dagger Spray","Tactician+1","Adrenaline","Night Terror","Concentrate","PiercingWail","Terror","Corpse Explosion","Caltrops","Footwork","Deflect","Acrobatics","Footwork","Reflex"],"special_seed":0,"relics":["Ring of the Snake","NeowsBlessing","Oddly Smooth Stone","Letter Opener","Torii","Bag of Marbles","Mercury Hourglass","Pandora\u0027s Box","Bird Faced Urn"],"potions_floor_usage":[21],"damage_taken":[{"damage":0.0,"enemies":"Cultist","floor":1.0,"turns":1.0},{"damage":0.0,"enemies":"Jaw Worm","floor":3.0,"turns":1.0},{"damage":0.0,"enemies":"Small Slimes","floor":4.0,"turns":1.0},{"damage":11.0,"enemies":"3 Sentries","floor":6.0,"turns":8.0},{"damage":2.0,"enemies":"Lagavulin","floor":10.0,"turns":7.0},{"damage":0.0,"enemies":"Looter","floor":11.0,"turns":3.0},{"damage":1.0,"enemies":"3 Louse","floor":12.0,"turns":3.0},{"damage":11.0,"enemies":"3 Sentries","floor":14.0,"turns":7.0},{"damage":3.0,"enemies":"Slime Boss","floor":16.0,"turns":13.0},{"damage":17,"enemies":"Shell Parasite","floor":18,"turns":5},{"damage":19,"enemies":"2 Thieves","floor":19,"turns":3},{"damage":35,"enemies":"Shelled Parasite and Fungi","floor":21,"turns":8},{"damage":7,"enemies":"Colosseum Slavers","floor":22,"turns":1}],"seed_played":"3785274293217209002","potions_obtained":[{"floor":4.0,"key":"Explosive Potion"},{"floor":10.0,"key":"Swift Potion"},{"floor":14.0,"key":"Regen Potion"},{"floor":19,"key":"LiquidBronze"}],"is_trial":false,"path_per_floor":["M","$","M","M","T","E","R","$","T","E","M","M","$","E","R","B",null,"M","M","?","M","?"],"character_chosen":"THE_SILENT","items_purchased":["Underhanded Strike","Footwork"],"campfire_rested":0,"item_purchase_floors":[2,8],"current_hp_per_floor":[59,59,59,59,59,48,48,48,48,46,46,45,45,34,34,31,57,40,21,21,5,0],"gold":83,"neow_bonus":"THREE_ENEMY_KILL","is_prod":false,"is_daily":false,"chose_seed":false,"campfire_upgraded":2,"win_rate":0,"timestamp":1546731336,"path_taken":["M","$","M","M","?","E","R","?","T","E","M","M","$","E","R","BOSS","M","M","?","M","?"],"build_version":"2019-01-03v4","purchased_purges":2,"victory":false,"max_hp_per_floor":[66,66,66,66,66,66,66,66,66,66,66,66,66,66,66,66,66,66,66,66,66,66],"card_choices":[{"not_picked":["Prepared","Flechettes"],"picked":"Leg Sweep","floor":1.0},{"not_picked":["Outmaneuver","Slice"],"picked":"Poisoned Stab","floor":3.0},{"not_picked":["Flying Knee","Backflip"],"picked":"Calculated Gamble","floor":4.0},{"not_picked":["All Out Attack","Blur"],"picked":"Deadly Poison","floor":6.0},{"not_picked":["Tools of the Trade","Sucker Punch"],"picked":"Quick Slash","floor":10.0},{"not_picked":["Cloak And Dagger","Outmaneuver"],"picked":"Dagger Spray","floor":11.0},{"not_picked":["Slice","Quick Slash","Bane"],"picked":"SKIP","floor":12.0},{"not_picked":["All Out Attack","Terror"],"picked":"Tactician","floor":14.0},{"not_picked":["After Image","Unload"],"picked":"Adrenaline","floor":16.0},{"not_picked":["PiercingWail","Poisoned Stab+1"],"picked":"Acrobatics","floor":18},{"not_picked":["Prepared+1","Poisoned Stab"],"picked":"Footwork","floor":19},{"not_picked":["Flechettes","PiercingWail"],"picked":"Reflex","floor":21}],"player_experience":1052004,"relics_obtained":[{"floor":5.0,"key":"Oddly Smooth Stone"},{"floor":6.0,"key":"Letter Opener"},{"floor":9.0,"key":"Torii"},{"floor":10.0,"key":"Bag of Marbles"},{"floor":14.0,"key":"Mercury Hourglass"}],"event_choices":[{"damage_healed":0,"gold_gain":0,"player_choice":"Obtained Relic","damage_taken":0,"relics_obtained":["Bird Faced Urn"],"max_hp_gain":0,"max_hp_loss":0,"event_name":"Addict","floor":20,"gold_loss":85},{"damage_healed":0,"gold_gain":0,"player_choice":"Fight","damage_taken":0,"max_hp_gain":0,"max_hp_loss":0,"event_name":"Colosseum","floor":22,"gold_loss":0}],"is_beta":false,"boss_relics":[{"not_picked":["Snecko Eye","Calling Bell"],"picked":"Pandora\u0027s Box"}],"items_purged_floors":[2,13],"is_endless":false,"potions_floor_spawned":[4,10,14,19],"killed_by":"Colosseum Slavers","ascension_level":16}