{"gold_per_floor":[118,19,19,19,35,35,64,64,87,117,137,156,183,195,195,296,296,308,322,322,322,77,77,95,95,95,111,59,69,69,87,87,87],"floor_reached":33,"playtime":894,"items_purged":["Strike_R","Strike_R"],"score":320,"play_id":"0d334343-4a51-4fbe-84aa-332633116c9f","local_time":"20190412202653","is_ascension_mode":true,"campfire_choices":[{"data":"Fiend Fire","floor":6,"key":"SMITH"},{"data":"Bash","floor":8,"key":"SMITH"},{"data":"Shrug It Off","floor":15,"key":"SMITH"},{"data":"J.A.X.","floor":23,"key":"SMITH"},{"data":"Battle Trance","floor":25,"key":"SMITH"},{"floor":32,"key":"REST"}],"neow_cost":"CURSE","seed_source_timestamp":102348226907200,"circlet_count":0,"master_deck":["Strike_R","Strike_R","Defend_R","Defend_R","Defend_R","Defend_R","Bash+1","Fiend Fire+1","Cleave","Wild Strike","Feel No Pain","Shockwave","Exhume","Limit Break","Pommel Strike","Shrug It Off+1","True Grit","Reaper","Clothesline","J.A.X.+1","Limit Break","Battle Trance+1","Thunderclap","Combust"],"relics":["Burning Blood","Singing Bowl","Bag of Marbles","Happy Flower","Darkstone Periapt","Runic Dome","Bag of Preparation"],"potions_floor_usage":[12,24,24,33,33,33],"damage_taken":[{"damage":3,"enemies":"Jaw Worm","floor":1,"turns":4},{"damage":1,"enemies":"Cultist","floor":5,"turns":3},{"damage":12,"enemies":"Gremlin Nob","floor":7,"turns":3},{"damage":21,"enemies":"3 Sentries","floor":10,"turns":7},{"damage":0,"enemies":"2 Louse","floor":11,"turns":1},{"damage":4,"enemies":"Blue Slaver","floor":12,"turns":3},{"damage":12,"enemies":"Lagavulin","floor":13,"turns":3},{"damage":17,"enemies":"Lots of Slimes","floor":14,"turns":3},{"damage":25,"enemies":"Hexaghost","floor":16,"turns":9},{"damage":33,"enemies":"Spheric Guardian","floor":18,"turns":7},{"damage":30,"enemies":"2 Thieves","floor":19,"turns":5},{"damage":7,"enemies":"Snecko","floor":24,"turns":4},{"damage":16,"enemies":"Centurion and Healer","floor":27,"turns":3},{"damage":3,"enemies":"Sentry and Sphere","floor":29,"turns":3},{"damage":3,"enemies":"Snake Plant","floor":31,"turns":1},{"damage":98,"enemies":"Automaton","floor":33,"turns":8}],"seed_played":"8143700177742723303","potions_obtained":[{"floor":1,"key":"Explosive Potion"},{"floor":11,"key":"Swift Potion"},{"floor":14,"key":"Explosive Potion"},{"floor":24,"key":"GamblersBrew"},{"floor":27,"key":"EssenceOfSteel"},{"floor":29,"key":"Fire Potion"}],"is_trial":false,"path_per_floor":["M","$","?","?","M","R","E","R","T","E","M","M","E","M","R","B",null,"M","M","?","?","$","R","M","R","T","M","$","M","$","M","R","B"],"character_chosen":"IRONCLAD","items_purchased":["Wild Strike","Bag of Preparation","PowerPotion"],"campfire_rested":1,"item_purchase_floors":[2,22,28],"current_hp_per_floor":[80,80,80,80,80,80,74,74,74,59,65,67,63,52,52,33,82,55,41,41,41,41,41,40,40,40,32,32,51,51,54,79,0],"gold":87,"neow_bonus":"THREE_RARE_CARDS","is_prod":false,"is_daily":false,"chose_seed":false,"campfire_upgraded":5,"win_rate":0,"timestamp":1555126013,"path_taken":["M","$","?","?","M","R","E","R","T","E","M","M","E","M","R","BOSS","M","?","?","?","$","R","M","R","T","?","?","M","$","M","R","BOSS"],"build_version":"2019-04-04","purchased_purges":2,"victory":false,"max_hp_per_floor":[80,80,80,80,80,80,80,80,80,80,80,80,82,82,82,82,82,82,84,84,84,84,84,84,84,84,86,86,86,86,86,86,86],"card_choices":[{"not_picked":["Dark Embrace","Berserk"],"picked":"Fiend Fire","floor":0},{"not_picked":["Hemokinesis","Blood for Blood"],"picked":"Cleave","floor":1},{"not_picked":["Armaments","Searing Blow"],"picked":"Shockwave","floor":5},{"not_picked":["Dual Wield","Bloodletting"],"picked":"Exhume","floor":7},{"not_picked":["Warcry","Armaments"],"picked":"Limit Break","floor":10},{"not_picked":["Armaments","Heavy Blade"],"picked":"Pommel Strike","floor":11},{"not_picked":["Bloodletting","Clash"],"picked":"Shrug It Off","floor":12},{"not_picked":["Ghostly Armor","Whirlwind","Pommel Strike"],"picked":"Singing Bowl","floor":13},{"not_picked":["Pommel Strike","Cleave"],"picked":"True Grit","floor":14},{"not_picked":["Fiend Fire","Berserk"],"picked":"Reaper","floor":16},{"not_picked":["Shrug It Off+1","Ghostly Armor"],"picked":"Clothesline","floor":18},{"not_picked":["Anger+1","Clash+1","Dropkick+1"],"picked":"Singing Bowl","floor":19},{"not_picked":["Shrug It Off+1","Perfected Strike"],"picked":"Battle Trance","floor":24},{"not_picked":["True Grit","Body Slam","Anger"],"picked":"Singing Bowl","floor":27},{"not_picked":["Feel No Pain","Sword Boomerang"],"picked":"Thunderclap","floor":29},{"not_picked":["Whirlwind","Burning Pact"],"picked":"Combust","floor":31}],"player_experience":643719,"relics_obtained":[{"floor":7,"key":"Singing Bowl"},{"floor":9,"key":"Bag of Marbles"},{"floor":10,"key":"Happy Flower"},{"floor":13,"key":"Darkstone Periapt"}],"event_choices":[{"cards_removed":["Writhe"],"damage_healed":0,"gold_gain":0,"player_choice":"Forget","damage_taken":0,"max_hp_gain":0,"max_hp_loss":0,"event_name":"Living Wall","floor":3,"gold_loss":0},{"damage_healed":0,"gold_gain":0,"cards_transformed":["Strike_R"],"player_choice":"Transformed","damage_taken":0,"max_hp_gain":0,"max_hp_loss":0,"event_name":"Transmorgrifier","floor":4,"gold_loss":0,"cards_obtained":["Feel No Pain"]},{"damage_healed":0,"gold_gain":0,"player_choice":"Obtain J.A.X.","damage_taken":0,"max_hp_gain":0,"max_hp_loss":0,"event_name":"Drug Dealer","floor":20,"gold_loss":0,"cards_obtained":["J.A.X."]},{"damage_healed":0,"gold_gain":0,"player_choice":"Copied","damage_taken":0,"max_hp_gain":0,"max_hp_loss":0,"event_name":"Duplicator","floor":21,"gold_loss":0,"cards_obtained":["Limit Break"]}],"is_beta":true,"boss_relics":[{"not_picked":["Tiny House","Lizard Tail"],"picked":"Runic Dome"}],"items_purged_floors":[2,22],"is_endless":false,"potions_floor_spawned":[1,11,14,24,27,29],"killed_by":"Automaton","ascension_level":4}