{"path_per_floor":["M","?","$","?","$","M","R","E","T","M","M","E","M","E","R","B",null,"M","?","?","$","M"],"character_chosen":"THE_SILENT","items_purchased":["Dark Shackles"],"gold_per_floor":[99,99,8,8,8,8,8,8,8,8,8,8,8,8,8,8,8,8,8,8,8,8],"floor_reached":23,"campfire_rested":0,"playtime":1125,"current_hp_per_floor":[70,70,70,75,75,75,75,70,70,70,69,67,63,44,44,35,75,50,50,34,34,25],"items_purged":[],"gold":8,"score":251,"play_id":"c67c7d79-e9e7-4c40-b5af-7423ad7de262","is_prod":false,"is_daily":false,"is_ascension_mode":true,"campfire_upgraded":2,"path_taken":["M","?","$","?","?","M","R","E","T","M","M","E","M","E","R","BOSS","M","?","?","?","M","E"],"build_version":"2018-02-12-PROD1","purchased_purges":0,"victory":false,"master_deck":["Defend_G","Defend_G","Defend_G","Defend_G","Defend_G","Strike_G","Strike_G","Strike_G","Strike_G","Strike_G","Survivor","Neutralize+1","Noxious Fumes+1","Dark Shackles","Quick Slash","Calculated Gamble","Sucker Punch+1","Dash","Dagger Spray","Acrobatics","Footwork","Doppelganger","Deflect","Necronomicurse","Predator"],"max_hp_per_floor":[70,70,70,75,75,75,75,75,75,75,75,75,75,75,75,75,75,75,75,75,75,75],"relics":["Ectoplasm","Old Coin","Juzu Bracelet","Tiny Chest","Calipers","Black Star","Necronomicon"],"card_choices":[{"not_picked":["Wraith Form","Outmaneuver"],"picked":"Noxious Fumes"},{"not_picked":["Dodge and Roll","Acrobatics"],"picked":"Quick Slash"},{"not_picked":["Outmaneuver","Predator"],"picked":"Calculated Gamble"},{"not_picked":["Eviscerate","Crippling Poison"],"picked":"Sucker Punch"},{"not_picked":["Slice","Crippling Poison"],"picked":"Dash"},{"not_picked":["Well Laid Plans","Dodge and Roll"],"picked":"Dagger Spray"},{"not_picked":["Deadly Poison","Skewer"],"picked":"Acrobatics"},{"not_picked":["Acrobatics","Choke"],"picked":"Footwork"},{"not_picked":["Tactician","Envenom"],"picked":"Doppelganger"},{"not_picked":["Bane","Caltrops"],"picked":"Deflect"},{"not_picked":["Sucker Punch","Dodge and Roll"],"picked":"Predator"}],"player_experience":131287,"potions_floor_usage":[8,12,16],"damage_taken":[{"damage":0,"enemies":"Cultist","floor":1,"turns":4},{"damage":0,"enemies":"Blue Slaver","floor":6,"turns":5},{"damage":5,"enemies":"Lagavulin","floor":8,"turns":6},{"damage":0,"enemies":"2 Louse","floor":10,"turns":2},{"damage":1,"enemies":"2 Fungi Beasts","floor":11,"turns":3},{"damage":2,"enemies":"Gremlin Nob","floor":12,"turns":4},{"damage":4,"enemies":"Red Slaver","floor":13,"turns":3},{"damage":19,"enemies":"3 Sentries","floor":14,"turns":7},{"damage":9,"enemies":"Slime Boss","floor":16,"turns":9},{"damage":25,"enemies":"Spheric Guardian","floor":18,"turns":6},{"damage":9,"enemies":"Chosen","floor":22,"turns":6},{"damage":25,"enemies":"Slavers","floor":23,"turns":1}],"event_choices":[{"event_name":"Upgrade Shrine","player_choice":"Upgraded","floor":2,"damage_taken":0},{"event_name":"Big Fish","player_choice":"Donut","floor":4,"damage_taken":0},{"event_name":"Beggar","player_choice":"Ignored","floor":19,"damage_taken":0},{"event_name":"Cursed Tome","player_choice":"Obtained Book","floor":20,"damage_taken":0}],"boss_relics":[{"not_picked":["Cursed Key","Velvet Choker"],"picked":"Black Star"}],"potions_floor_spawned":[1,8,12,13],"seed_played":"8302051728857947789","killed_by":"Slavers","ascension_level":4,"is_trial":false}