{"gold_per_floor":[213,226,246,24,44,44,74,88,88,88],"floor_reached":10,"playtime":755,"items_purged":[],"score":130,"play_id":"283a2fdc-413f-4ed6-a20a-8bc848fd5bd7","local_time":"20190410223222","is_ascension_mode":true,"campfire_choices":[{"data":"Armaments","floor":6.0,"key":"SMITH"}],"neow_cost":"NONE","seed_source_timestamp":0,"circlet_count":0,"master_deck":["AscendersBane","Strike_R","Strike_R","Strike_R","Strike_R","Strike_R","Defend_R","Defend_R","Defend_R","Defend_R","Bash","Sword Boomerang","Clothesline","Armaments+1","Feel No Pain","Whirlwind","Pommel Strike"],"special_seed":0,"relics":["Burning Blood","ClockworkSouvenir","Ancient Tea Set","Meat on the Bone"],"potions_floor_usage":[],"damage_taken":[{"damage":7.0,"enemies":"Cultist","floor":1.0,"turns":4.0},{"damage":3.0,"enemies":"2 Louse","floor":2.0,"turns":3.0},{"damage":9.0,"enemies":"Jaw Worm","floor":3.0,"turns":3.0},{"damage":6.0,"enemies":"3 Louse","floor":5.0,"turns":3.0},{"damage":32.0,"enemies":"Gremlin Nob","floor":7.0,"turns":5.0},{"damage":11.0,"enemies":"Exordium Thugs","floor":8.0,"turns":4.0},{"damage":40,"enemies":"Gremlin Gang","floor":10,"turns":5}],"seed_played":"-1316719320182600373","potions_obtained":[{"floor":2.0,"key":"SkillPotion"},{"floor":3.0,"key":"AttackPotion"}],"is_trial":false,"path_per_floor":["M","M","M","$","M","R","E","M","T","M"],"character_chosen":"IRONCLAD","items_purchased":["ClockworkSouvenir"],"campfire_rested":0,"item_purchase_floors":[4],"current_hp_per_floor":[67,70,67,67,67,67,41,36,36,0],"gold":88,"neow_bonus":"HUNDRED_GOLD","is_prod":false,"is_daily":false,"chose_seed":false,"campfire_upgraded":1,"win_rate":0,"timestamp":1554949942,"path_taken":["M","?","M","?","?","R","E","M","T","M"],"build_version":"2019-01-23","purchased_purges":0,"victory":false,"max_hp_per_floor":[75,75,75,75,75,75,75,75,75,75],"card_choices":[{"not_picked":["Second Wind","Dual Wield"],"picked":"Sword Boomerang","floor":1.0},{"not_picked":["Seeing Red","Corruption"],"picked":"Clothesline","floor":2.0},{"not_picked":["Body Slam","Reckless Charge"],"picked":"Armaments","floor":3.0},{"not_picked":["Battle Trance","Perfected Strike"],"picked":"Feel No Pain","floor":5.0},{"not_picked":["Shrug It Off","Armaments"],"picked":"Whirlwind","floor":7.0},{"not_picked":["Flex","Sword Boomerang"],"picked":"Pommel Strike","floor":8.0}],"player_experience":343963,"relics_obtained":[{"floor":7.0,"key":"Ancient Tea Set"},{"floor":9.0,"key":"Meat on the Bone"}],"event_choices":[],"is_beta":false,"boss_relics":[],"items_purged_floors":[],"is_endless":false,"potions_floor_spawned":[2,3],"killed_by":"Gremlin Gang","ascension_level":17}