{"gold_per_floor":[115,130,130,130,140,140,168,168,213,226,256,278,311,325,325,422,422,436,486,486],"floor_reached":20,"playtime":501,"items_purged":[],"score":221,"play_id":"1e61b066-c991-463d-9afc-1891a3545021","local_time":"20190129211207","is_ascension_mode":true,"campfire_choices":[{"data":"Bash","floor":6,"key":"SMITH"},{"floor":8,"key":"REST"},{"data":"Armaments","floor":15,"key":"SMITH"}],"neow_cost":"NONE","seed_source_timestamp":203374067479500,"circlet_count":0,"master_deck":["Strike_R","Strike_R","Strike_R","Strike_R","Defend_R","Defend_R","Defend_R","Defend_R","Bash+1","Pommel Strike","Cleave","Twin Strike","Double Tap","Fire Breathing","Uppercut","Headbutt","Armaments+1","Barricade","Shrug It Off"],"relics":["Burning Blood","NeowsBlessing","Orichalcum","Bag of Marbles","Ancient Tea Set","Odd Mushroom","Gremlin Horn","Orrery"],"potions_floor_usage":[7,7,7,7,11,11,16],"damage_taken":[{"damage":0,"enemies":"Cultist","floor":1,"turns":1},{"damage":0,"enemies":"Small Slimes","floor":2,"turns":1},{"damage":0,"enemies":"2 Louse","floor":5,"turns":1},{"damage":50,"enemies":"Lagavulin","floor":7,"turns":6},{"damage":0,"enemies":"Gremlin Gang","floor":10,"turns":2},{"damage":12,"enemies":"3 Sentries","floor":11,"turns":5},{"damage":3,"enemies":"The Mushroom Lair","floor":12,"turns":4},{"damage":12,"enemies":"Gremlin Nob","floor":13,"turns":3},{"damage":0,"enemies":"Blue Slaver","floor":14,"turns":3},{"damage":51,"enemies":"The Guardian","floor":16,"turns":11},{"damage":42,"enemies":"Shell Parasite","floor":18,"turns":7},{"damage":45,"enemies":"3 Byrds","floor":20,"turns":4}],"seed_played":"-968201807864936625","potions_obtained":[{"floor":2,"key":"Weak Potion"},{"floor":4,"key":"Fire Potion"},{"floor":4,"key":"EntropicBrew"},{"floor":5,"key":"LiquidBronze"},{"floor":10,"key":"SpeedPotion"},{"floor":11,"key":"SteroidPotion"}],"is_trial":false,"path_per_floor":["M","M","?","?","M","R","E","R","T","M","E","?","E","M","R","B",null,"M","?","M"],"character_chosen":"IRONCLAD","items_purchased":[],"campfire_rested":1,"item_purchase_floors":[],"current_hp_per_floor":[80,80,73,73,79,79,35,59,59,65,71,74,68,74,74,29,80,44,44,0],"gold":486,"neow_bonus":"THREE_ENEMY_KILL","is_prod":false,"is_daily":false,"chose_seed":false,"campfire_upgraded":2,"win_rate":0,"timestamp":1548825127,"path_taken":["M","?","?","?","M","R","E","R","T","?","E","?","E","M","R","BOSS","M","?","?"],"build_version":"2019-01-23","purchased_purges":0,"victory":false,"max_hp_per_floor":[80,80,80,80,80,80,80,80,80,80,80,80,80,80,80,80,80,80,80,80],"card_choices":[{"not_picked":["Havoc","Dual Wield"],"picked":"Pommel Strike","floor":1},{"not_picked":["Heavy Blade","Thunderclap"],"picked":"Cleave","floor":2},{"not_picked":["Iron Wave","Clothesline"],"picked":"Twin Strike","floor":5},{"not_picked":["Armaments","Metallicize"],"picked":"Double Tap","floor":7},{"not_picked":["Dual Wield","Havoc"],"picked":"Fire Breathing","floor":10},{"not_picked":["Thunderclap","Evolve"],"picked":"Uppercut","floor":11},{"not_picked":["Sentinel","Fire Breathing"],"picked":"Headbutt","floor":12},{"not_picked":["Shrug It Off","Pommel Strike"],"picked":"Armaments","floor":13},{"not_picked":["Dropkick","Burning Pact","Bloodletting"],"picked":"SKIP","floor":14},{"not_picked":["Offering","Exhume"],"picked":"Barricade","floor":16},{"not_picked":["Clothesline","Heavy Blade"],"picked":"Shrug It Off","floor":17},{"not_picked":["Intimidate+1","True Grit","Warcry"],"picked":"SKIP","floor":18}],"player_experience":419531,"relics_obtained":[{"floor":7,"key":"Orichalcum"},{"floor":9,"key":"Bag of Marbles"},{"floor":11,"key":"Ancient Tea Set"},{"floor":12,"key":"Odd Mushroom"},{"floor":13,"key":"Gremlin Horn"}],"event_choices":[{"cards_removed":["Strike_R"],"damage_healed":0,"gold_gain":0,"player_choice":"Card Removal","damage_taken":7,"max_hp_gain":0,"max_hp_loss":0,"event_name":"Golden Wing","floor":3,"gold_loss":0},{"damage_healed":0,"gold_gain":0,"player_choice":"Got Potions","damage_taken":0,"max_hp_gain":0,"max_hp_loss":0,"event_name":"Lab","floor":4,"gold_loss":0},{"damage_healed":0,"gold_gain":0,"player_choice":"Fought Mushrooms","damage_taken":0,"max_hp_gain":0,"max_hp_loss":0,"event_name":"Mushrooms","floor":12,"gold_loss":0},{"damage_healed":0,"gold_gain":100,"player_choice":"Bet on Murderer","damage_taken":0,"max_hp_gain":0,"max_hp_loss":0,"event_name":"The Joust","floor":19,"gold_loss":50}],"is_beta":true,"boss_relics":[{"not_picked":["Pandora\u0027s Box","Black Blood"],"picked":"Orrery"}],"items_purged_floors":[],"is_endless":false,"potions_floor_spawned":[2,5,10,11],"killed_by":"3 Byrds","ascension_level":3}