{"gold_per_floor":[113,113,132,47,60,60,60,76,76,110,124,150,34,67,67,144,144,155,169,219,38,38,38,71,71,149,166,20,35,46,64,64,138,138,138],"floor_reached":35,"playtime":1387,"items_purged":["Defend_G","Strike_G"],"score":826,"play_id":"c3dfbe2b-dc10-4f57-9369-58c40383b380","local_time":"20181206171232","is_ascension_mode":true,"campfire_choices":[{"data":"All Out Attack","floor":6,"key":"SMITH"},{"floor":15,"key":"REST"},{"floor":23,"key":"REST"},{"floor":25,"key":"REST"},{"floor":32,"key":"REST"}],"neow_cost":"NONE","seed_source_timestamp":0,"circlet_count":0,"master_deck":["AscendersBane","Defend_G","Defend_G","Survivor","Neutralize","All Out Attack+1","Poisoned Stab","Well Laid Plans","Deadly Poison","Crippling Poison","Distraction","After Image","Dodge and Roll","Blur","Noxious Fumes+1","Envenom+1","Bane+1","Predator+1","Phantasmal Killer+1","Prepared","Footwork+1","Footwork+1","Calculated Gamble","Prepared","Catalyst+1","Prepared","Corpse Explosion","Regret","Shame","Normality"],"special_seed":0,"relics":["Ring of the Snake","Tingsha","Pocketwatch","Happy Flower","Frozen Egg 2","Bag of Marbles","Astrolabe","Snake Skull","Bottled Lightning","Calling Bell","Oddly Smooth Stone","Toxic Egg 2","The Specimen"],"potions_floor_usage":[12,19,30,30,31],"damage_taken":[{"damage":1,"enemies":"Small Slimes","floor":1,"turns":4},{"damage":0,"enemies":"2 Louse","floor":3,"turns":1},{"damage":0,"enemies":"Cultist","floor":5,"turns":3},{"damage":11,"enemies":"Red Slaver","floor":8,"turns":3},{"damage":12,"enemies":"Lagavulin","floor":10,"turns":6},{"damage":1,"enemies":"3 Louse","floor":11,"turns":2},{"damage":12,"enemies":"Gremlin Nob","floor":12,"turns":4},{"damage":18,"enemies":"3 Sentries","floor":14,"turns":7},{"damage":0,"enemies":"Slime Boss","floor":16,"turns":8},{"damage":13,"enemies":"2 Thieves","floor":18,"turns":4},{"damage":10,"enemies":"Shell Parasite","floor":19,"turns":5},{"damage":19,"enemies":"Gremlin Leader","floor":24,"turns":6},{"damage":15,"enemies":"Snake Plant","floor":27,"turns":4},{"damage":13,"enemies":"Centurion and Healer","floor":29,"turns":5},{"damage":27,"enemies":"Sentry and Sphere","floor":30,"turns":6},{"damage":1,"enemies":"Cultist and Chosen","floor":31,"turns":5},{"damage":11,"enemies":"Automaton","floor":33,"turns":8},{"damage":62,"enemies":"3 Shapes","floor":35,"turns":3}],"seed_played":"8968267172521619298","potions_obtained":[{"floor":1,"key":"Swift Potion"},{"floor":8,"key":"Regen Potion"},{"floor":12,"key":"SneckoOil"},{"floor":18,"key":"PowerPotion"},{"floor":30,"key":"GhostInAJar"}],"is_trial":false,"path_per_floor":["M","?","M","$","M","R","?","M","T","E","M","E","$","E","R","B",null,"M","M","?","$","?","R","E","R","T","M","$","M","M","M","R","B",null,"M"],"character_chosen":"THE_SILENT","items_purchased":["Well Laid Plans","Deadly Poison","Blur","Footwork+1","Regen Potion","Calculated Gamble"],"campfire_rested":4,"item_purchase_floors":[4,4,13,21,28,28],"current_hp_per_floor":[58,53,53,53,53,53,53,42,42,30,29,31,31,13,32,32,58,45,35,35,35,35,54,35,54,54,39,39,26,14,13,32,21,55,0],"gold":138,"neow_bonus":"REMOVE_CARD","is_prod":false,"is_daily":false,"chose_seed":false,"campfire_upgraded":1,"win_rate":0,"timestamp":1544145152,"path_taken":["M","?","M","$","M","R","?","?","T","E","M","E","?","E","R","BOSS","M","M","?","$","?","R","E","R","T","?","$","?","M","M","R","BOSS","M"],"build_version":"2018-12-06","purchased_purges":2,"victory":false,"max_hp_per_floor":[66,66,66,66,66,66,66,66,66,66,66,66,66,66,66,66,66,66,66,66,66,66,66,66,66,66,66,66,66,66,66,66,66,66,66],"card_choices":[{"not_picked":["Quick Slash","Blade Dance"],"picked":"All Out Attack","floor":1},{"not_picked":["Prepared","Deadly Poison"],"picked":"Poisoned Stab","floor":3},{"not_picked":["Deflect","Dagger Throw"],"picked":"Crippling Poison","floor":5},{"not_picked":["Reflex","Finisher"],"picked":"Distraction","floor":8},{"not_picked":["Dagger Throw","Distraction","Dagger Spray"],"picked":"SKIP","floor":10},{"not_picked":["Setup","Endless Agony"],"picked":"After Image","floor":11},{"not_picked":["Outmaneuver","Tactician"],"picked":"Dodge and Roll","floor":12},{"not_picked":["Tools of the Trade+1","Escape Plan"],"picked":"Noxious Fumes+1","floor":14},{"not_picked":["Unload","Tools of the Trade+1"],"picked":"Envenom+1","floor":16},{"not_picked":["Distraction","Deadly Poison"],"picked":"Prepared","floor":18},{"not_picked":["Dodge and Roll","Underhanded Strike","Bane"],"picked":"SKIP","floor":19},{"not_picked":["Dash","Deadly Poison"],"picked":"Footwork+1","floor":24},{"not_picked":["Bane","Sucker Punch","Distraction"],"picked":"SKIP","floor":27},{"not_picked":["Acrobatics","Flying Knee"],"picked":"Prepared","floor":29},{"not_picked":["Acrobatics","Choke"],"picked":"Catalyst+1","floor":30},{"not_picked":["Flying Knee","Poisoned Stab"],"picked":"Prepared","floor":31},{"not_picked":["Phantasmal Killer","Doppelganger"],"picked":"Corpse Explosion","floor":33}],"player_experience":993928,"relics_obtained":[{"floor":9,"key":"Pocketwatch"},{"floor":10,"key":"Happy Flower"},{"floor":12,"key":"Frozen Egg 2"},{"floor":14,"key":"Bag of Marbles"},{"floor":24,"key":"Snake Skull"},{"floor":26,"key":"Bottled Lightning"},{"floor":34,"key":"Oddly Smooth Stone"},{"floor":34,"key":"Toxic Egg 2"},{"floor":34,"key":"The Specimen"}],"event_choices":[{"damage_healed":0,"gold_gain":0,"player_choice":"Success","damage_taken":5,"relics_obtained":["Tingsha"],"max_hp_gain":0,"max_hp_loss":0,"event_name":"Scrap Ooze","floor":2,"gold_loss":0},{"cards_removed":["Strike_G"],"damage_healed":0,"gold_gain":0,"player_choice":"Offered Basic","damage_taken":0,"max_hp_gain":0,"max_hp_loss":0,"event_name":"Bonfire Elementals","floor":7,"gold_loss":0},{"damage_healed":0,"gold_gain":50,"player_choice":"Stole From Cult","damage_taken":0,"max_hp_gain":0,"max_hp_loss":0,"event_name":"Nest","floor":20,"gold_loss":0},{"cards_removed":["Defend_G"],"damage_healed":0,"gold_gain":0,"player_choice":"Purged","damage_taken":0,"max_hp_gain":0,"max_hp_loss":0,"event_name":"Purifier","floor":22,"gold_loss":0}],"is_beta":false,"boss_relics":[{"not_picked":["Coffee Dripper","Runic Pyramid"],"picked":"Astrolabe"},{"not_picked":["Snecko Eye","Orrery"],"picked":"Calling Bell"}],"items_purged_floors":[13,21],"is_endless":false,"potions_floor_spawned":[1,8,10,12,18,29,30],"killed_by":"3 Shapes","ascension_level":15}