{"gold_per_floor":[119,119,16,0,12,12,36,68,68,81,100,100,127,140,140,240,240,250,250,264,264,14,14,14,40,120,120,131,151,151,165,165,165],"floor_reached":33,"playtime":903,"items_purged":[],"score":330,"play_id":"31cc7e37-f109-4104-9b4a-8b5d136fb54c","local_time":"20181015083854","is_ascension_mode":true,"campfire_choices":[{"data":"Static Discharge","floor":6,"key":"SMITH"},{"floor":12,"key":"REST"},{"floor":15,"key":"REST"},{"data":"Buffer","floor":23,"key":"SMITH"},{"floor":27,"key":"REST"},{"floor":32,"key":"REST"}],"neow_cost":"TEN_PERCENT_HP_LOSS","seed_source_timestamp":398136356376006,"circlet_count":0,"master_deck":["Strike_B","Strike_B","Strike_B","Strike_B","Defend_B","Defend_B","Defend_B","Defend_B","Zap","Dualcast","Static Discharge+1","Regret","Gash","Go for the Eyes","Doom and Gloom","Force Field","Redo","Ball Lightning","Rebound","Buffer+1","Biased Cognition","Conserve Battery","Gash","Capacitor","Streamline+1","Gash+1","Conserve Battery+1","Necronomicurse","Hologram+1"],"relics":["Cracked Core","Mango","Gambling Chip","Odd Mushroom","Ancient Tea Set","Ornamental Fan","Letter Opener","Lizard Tail","MutagenicStrength","Matryoshka","Molten Egg 2","Juzu Bracelet","Frozen Egg 2","Necronomicon"],"potions_floor_usage":[7,7,8,25,28],"damage_taken":[{"damage":0,"enemies":"2 Louse","floor":1,"turns":2},{"damage":6,"enemies":"Jaw Worm","floor":5,"turns":3},{"damage":27,"enemies":"The Mushroom Lair","floor":7,"turns":3},{"damage":34,"enemies":"Gremlin Nob","floor":8,"turns":3},{"damage":2,"enemies":"Cultist","floor":10,"turns":4},{"damage":9,"enemies":"3 Louse","floor":11,"turns":3},{"damage":17,"enemies":"3 Sentries","floor":13,"turns":4},{"damage":9,"enemies":"Blue Slaver","floor":14,"turns":3},{"damage":21,"enemies":"Hexaghost","floor":16,"turns":5},{"damage":21,"enemies":"Spheric Guardian","floor":18,"turns":4},{"damage":8,"enemies":"Chosen","floor":20,"turns":3},{"damage":27,"enemies":"Gremlin Leader","floor":25,"turns":6},{"damage":17,"enemies":"Centurion and Healer","floor":28,"turns":5},{"damage":3,"enemies":"Snecko","floor":29,"turns":3},{"damage":6,"enemies":"Shelled Parasite and Fungi","floor":31,"turns":5},{"damage":81,"enemies":"Collector","floor":33,"turns":9}],"seed_played":"-2851644251376131166","potions_obtained":[{"floor":1,"key":"AttackPotion"},{"floor":5,"key":"Regen Potion"},{"floor":13,"key":"SpeedPotion"},{"floor":25,"key":"AttackPotion"},{"floor":29,"key":"Strength Potion"}],"is_trial":false,"path_per_floor":["M","?","$","?","M","R","?","E","T","M","M","R","E","M","R","B",null,"M","?","M","?","$","R","$","E","T","R","M","M","?","M","R"],"character_chosen":"DEFECT","items_purchased":["Gash","PowerPotion","Matryoshka"],"campfire_rested":4,"item_purchase_floors":[3,3,22],"current_hp_per_floor":[82,82,82,82,76,76,49,24,24,22,13,37,20,11,35,14,82,61,61,53,53,53,53,53,26,26,50,33,30,14,8,32,0],"gold":165,"neow_bonus":"ONE_RARE_RELIC","is_prod":false,"is_daily":false,"chose_seed":false,"campfire_upgraded":2,"win_rate":0,"timestamp":1539617934,"path_taken":["M","?","?","?","M","R","?","E","T","M","?","R","E","?","R","BOSS","M","?","?","?","?","R","$","E","T","R","M","M","?","M","R","BOSS"],"build_version":"2018-10-11","purchased_purges":0,"victory":false,"max_hp_per_floor":[82,82,82,82,82,82,82,82,82,82,82,82,82,82,82,82,82,82,82,82,82,82,82,82,82,82,82,82,82,82,82,82,82],"card_choices":[{"not_picked":["Self Repair","Barrage"],"picked":"Static Discharge","floor":1},{"not_picked":["Sweeping Beam","Recycle"],"picked":"Go for the Eyes","floor":5},{"not_picked":["Rebound","Fusion"],"picked":"Doom and Gloom","floor":7},{"not_picked":["Rebound","Barrage"],"picked":"Force Field","floor":8},{"not_picked":["Turbo","Rip and Tear"],"picked":"Redo","floor":10},{"not_picked":["Leap","BootSequence"],"picked":"Ball Lightning","floor":11},{"not_picked":["Coolheaded","Recycle"],"picked":"Rebound","floor":13},{"not_picked":["Compile Driver","Hello World"],"picked":"Buffer","floor":14},{"not_picked":["Hyperbeam","Reboot"],"picked":"Biased Cognition","floor":16},{"not_picked":["Stack","Compile Driver"],"picked":"Conserve Battery","floor":18},{"not_picked":["Streamline","Reboot"],"picked":"Capacitor","floor":20},{"not_picked":["Genetic Algorithm","Cold Snap"],"picked":"Streamline+1","floor":25},{"not_picked":["Turbo","Aggregate+1"],"picked":"Gash+1","floor":28},{"not_picked":["Rebound+1","Leap+1"],"picked":"Conserve Battery+1","floor":29},{"not_picked":["Coolheaded","Doom and Gloom+1"],"picked":"Hologram+1","floor":31}],"player_experience":510335,"relics_obtained":[{"floor":7,"key":"Odd Mushroom"},{"floor":8,"key":"Ancient Tea Set"},{"floor":9,"key":"Ornamental Fan"},{"floor":13,"key":"Letter Opener"},{"floor":25,"key":"Molten Egg 2"},{"floor":26,"key":"Juzu Bracelet"},{"floor":26,"key":"Frozen Egg 2"},{"floor":30,"key":"Necronomicon"}],"event_choices":[{"event_name":"Big Fish","player_choice":"Box","floor":2,"damage_taken":0},{"event_name":"World of Goop","player_choice":"Left","floor":4,"damage_taken":0},{"event_name":"Mushrooms","player_choice":"Fought Mushrooms","floor":7,"damage_taken":0},{"event_name":"The Library","player_choice":"Read","floor":19,"damage_taken":0},{"event_name":"Drug Dealer","player_choice":"Inject Mutagens","floor":21,"damage_taken":0},{"event_name":"Cursed Tome","player_choice":"Obtained Book","floor":30,"damage_taken":0}],"is_beta":false,"boss_relics":[{"not_picked":["FrozenCore","Tiny House"],"picked":"Lizard Tail"}],"items_purged_floors":[],"is_endless":false,"potions_floor_spawned":[1,5,13,25,29],"killed_by":"Collector","ascension_level":4}