{"gold_per_floor":[115,115,131,141,158,158,158,158,158,169,199,199,169,169],"floor_reached":14,"playtime":597,"items_purged":[],"score":180,"play_id":"62959746-a7b9-4394-9989-92096f692058","local_time":"20190403180441","is_ascension_mode":true,"campfire_choices":[{"data":"Dagger Spray","floor":6,"key":"SMITH"},{"floor":8,"key":"REST"},{"floor":12,"key":"REST"}],"neow_cost":"PERCENT_DAMAGE","seed_source_timestamp":950862891692513,"circlet_count":0,"master_deck":["AscendersBane","Defend_G","Defend_G","Defend_G","Defend_G","Defend_G","Strike_G","Strike_G","Strike_G","Strike_G","Survivor","Neutralize","Dodge and Roll","Dagger Spray+1","Leg Sweep","Deflect","Tools of the Trade","Crippling Poison","Night Terror"],"relics":["Ring of the Snake","Pantograph"],"potions_floor_usage":[5,11],"damage_taken":[{"damage":1,"enemies":"2 Louse","floor":1,"turns":3},{"damage":3,"enemies":"Cultist","floor":3,"turns":5},{"damage":2,"enemies":"Jaw Worm","floor":4,"turns":6},{"damage":21,"enemies":"Gremlin Gang","floor":5,"turns":5},{"damage":1,"enemies":"2 Fungi Beasts","floor":10,"turns":4},{"damage":48,"enemies":"Gremlin Nob","floor":11,"turns":6},{"damage":26,"enemies":"Lagavulin","floor":14,"turns":11}],"seed_played":"8506879968166028582","potions_obtained":[{"floor":3,"key":"GhostInAJar"},{"floor":10,"key":"Weak Potion"},{"floor":13,"key":"SpeedPotion"},{"floor":13,"key":"Fruit Juice"}],"is_trial":false,"path_per_floor":["M","?","M","M","M","R","?","R","T","M","E","R","?","E"],"character_chosen":"THE_SILENT","items_purchased":[],"campfire_rested":2,"item_purchase_floors":[],"current_hp_per_floor":[55,55,52,50,29,29,29,52,52,51,3,26,26,0],"gold":169,"neow_bonus":"TWENTY_PERCENT_HP_BONUS","is_prod":false,"is_daily":false,"chose_seed":false,"campfire_upgraded":1,"win_rate":0,"timestamp":1554336281,"path_taken":["M","?","?","M","M","R","?","R","T","?","E","R","?","E"],"build_version":"2019-03-15","purchased_purges":0,"victory":false,"max_hp_per_floor":[78,78,78,78,78,78,78,78,78,78,78,78,78,78],"card_choices":[{"not_picked":["Bane","Acrobatics"],"picked":"Dodge and Roll","floor":1},{"not_picked":["Outmaneuver","Cloak And Dagger"],"picked":"Dagger Spray","floor":3},{"not_picked":["Deflect","Dodge and Roll"],"picked":"Leg Sweep","floor":4},{"not_picked":["Finisher","Outmaneuver"],"picked":"Deflect","floor":5},{"not_picked":["Deadly Poison","Prepared"],"picked":"Crippling Poison","floor":10},{"not_picked":["Endless Agony","Phantasmal Killer"],"picked":"Night Terror","floor":11}],"player_experience":2738242,"relics_obtained":[{"floor":11,"key":"Pantograph"}],"event_choices":[{"cards_removed":["Strike_G"],"damage_healed":0,"gold_gain":0,"player_choice":"Purged","damage_taken":0,"max_hp_gain":0,"max_hp_loss":0,"event_name":"Purifier","floor":2,"gold_loss":0},{"damage_healed":0,"gold_gain":0,"player_choice":"1 cards matched","damage_taken":0,"max_hp_gain":0,"max_hp_loss":0,"event_name":"Match and Keep!","floor":7,"gold_loss":0,"cards_obtained":["Tools of the Trade"]},{"damage_healed":0,"gold_gain":0,"player_choice":"Bought 2 Potions","damage_taken":0,"max_hp_gain":0,"max_hp_loss":0,"event_name":"The Woman in Blue","floor":13,"gold_loss":0}],"is_beta":true,"boss_relics":[],"items_purged_floors":[],"is_endless":false,"potions_floor_spawned":[3,10],"killed_by":"Lagavulin","ascension_level":20}