{"gold_per_floor":[118,118,118,43,53,86,11,73,73,73,92,92,124,144,144,215,215,232,21,46,40,55,55,55,155,155,166,166,193,209,234,234,313,313,330,330,350,250,250,250,4,37,113,146,164,164,184,12,12,12,12,12,12,12,37,37],"floor_reached":57,"playtime":5486,"items_purged":["Strike_G","Phantasmal Killer"],"score":2867,"play_id":"5682763d-b2b9-49df-a09b-531400a1de20","local_time":"20190414215443","is_ascension_mode":true,"campfire_choices":[{"data":"Dagger Spray","floor":10.0,"key":"SMITH"},{"floor":12.0,"key":"REST"},{"data":"Deadly Poison","floor":15.0,"key":"SMITH"},{"floor":23.0,"key":"REST"},{"floor":28.0,"key":"REST"},{"floor":32.0,"key":"REST"},{"floor":40.0,"key":"RECALL"},{"floor":49.0,"key":"REST"},{"floor":53.0,"key":"REST"}],"neow_cost":"NONE","seed_source_timestamp":320941143778370,"circlet_count":0,"master_deck":["AscendersBane","Defend_G","Defend_G","Defend_G","Defend_G","Defend_G","Strike_G+1","Survivor","Neutralize+1","Noxious Fumes+1","Dagger Spray+1","Backflip","Deadly Poison+1","Escape Plan","After Image","Escape Plan+1","Footwork","Crippling Poison","Glass Knife","PiercingWail","Well Laid Plans+1","Calculated Gamble","Caltrops+1","Prepared+1","Venomology","Footwork+1","Calculated Gamble","Deadly Poison","Deadly Poison+1","Acrobatics+1","Wraith Form v2+1","Dagger Throw+1"],"special_seed":0,"relics":["Ring of the Snake","NeowsBlessing","Tough Bandages","Tiny Chest","Pear","Bronze Scales","Fusion Hammer","OrangePellets","Oddly Smooth Stone","Mango","Frozen Egg 2","Regal Pillow","StoneCalendar","Eternal Feather","Snake Skull","Orichalcum","Kunai","Lantern","Shuriken"],"potions_floor_usage":[56],"damage_taken":[{"damage":0.0,"enemies":"Small Slimes","floor":1.0,"turns":1.0},{"damage":0.0,"enemies":"2 Louse","floor":5.0,"turns":1.0},{"damage":0.0,"enemies":"Lagavulin","floor":6.0,"turns":1.0},{"damage":12.0,"enemies":"Gremlin Nob","floor":8.0,"turns":4.0},{"damage":0.0,"enemies":"Cultist","floor":11.0,"turns":3.0},{"damage":24.0,"enemies":"Lagavulin","floor":13.0,"turns":7.0},{"damage":13.0,"enemies":"Lots of Slimes","floor":14.0,"turns":3.0},{"damage":1.0,"enemies":"Hexaghost","floor":16.0,"turns":7.0},{"damage":18.0,"enemies":"Spheric Guardian","floor":18.0,"turns":7.0},{"damage":0.0,"enemies":"2 Thieves","floor":21.0,"turns":4.0},{"damage":13.0,"enemies":"Shelled Parasite and Fungi","floor":22.0,"turns":5.0},{"damage":14.0,"enemies":"Colosseum Slavers","floor":25.0,"turns":5.0},{"damage":17.0,"enemies":"Colosseum Nobs","floor":25.0,"turns":4.0},{"damage":6.0,"enemies":"Cultist and Chosen","floor":27.0,"turns":5.0},{"damage":18.0,"enemies":"Slavers","floor":29.0,"turns":5.0},{"damage":5.0,"enemies":"Snake Plant","floor":30.0,"turns":3.0},{"damage":28.0,"enemies":"Gremlin Leader","floor":31.0,"turns":5.0},{"damage":21.0,"enemies":"Champ","floor":33.0,"turns":13.0},{"damage":0.0,"enemies":"Orb Walker","floor":35.0,"turns":4.0},{"damage":4.0,"enemies":"3 Darklings","floor":37.0,"turns":5.0},{"damage":5.0,"enemies":"Giant Head","floor":42.0,"turns":10.0},{"damage":0.0,"enemies":"Nemesis","floor":44.0,"turns":9.0},{"damage":18.0,"enemies":"Transient","floor":45.0,"turns":6.0},{"damage":0.0,"enemies":"Reptomancer","floor":46.0,"turns":1.0},{"damage":0.0,"enemies":"Maw","floor":47.0,"turns":7.0},{"damage":72.0,"enemies":"Awakened One","floor":50.0,"turns":23.0},{"damage":19.0,"enemies":"Time Eater","floor":51.0,"turns":13.0},{"damage":0,"enemies":"Shield and Spear","floor":55,"turns":8},{"damage":56,"enemies":"The Heart","floor":56,"turns":11}],"seed_played":"1738157253919972172","potions_obtained":[{"floor":1.0,"key":"GamblersBrew"},{"floor":6.0,"key":"FearPotion"},{"floor":14.0,"key":"LiquidBronze"},{"floor":16.0,"key":"SteroidPotion"},{"floor":22.0,"key":"Block Potion"},{"floor":25.0,"key":"Explosive Potion"},{"floor":30.0,"key":"GhostInAJar"},{"floor":33.0,"key":"Ancient Potion"},{"floor":47.0,"key":"Regen Potion"},{"floor":55,"key":"Fire Potion"}],"is_trial":false,"path_per_floor":["M","?","?","?","M","E","$","E","T","R","M","R","E","M","R","B",null,"M","$","T","M","M","R","?","?","T","M","R","E","M","E","R","B",null,"M","?","M","$","?","R","$","E","T","E","M","E","M","$","R","B","B",null,"R","$","E","B",null],"character_chosen":"THE_SILENT","items_purchased":["OrangePellets","Snake Skull","Footwork+1","Wraith Form v2+1"],"campfire_rested":6,"item_purchase_floors":[19,41,41,48],"current_hp_per_floor":[59,39,39,39,39,39,39,27,37,37,37,59,35,22,22,21,62,44,44,44,44,31,53,53,36,36,30,57,39,34,6,48,27,74,74,74,70,70,70,85,85,80,80,80,62,62,62,62,85,28,9,66,85,85,85,29],"gold":37,"neow_bonus":"THREE_ENEMY_KILL","is_prod":false,"is_daily":false,"chose_seed":false,"campfire_upgraded":2,"win_rate":0,"timestamp":1555300483,"path_taken":["M","?","?","?","M","E","?","E","T","R","?","R","E","M","R","BOSS","M","?","?","M","M","R","?","?","T","M","R","E","M","E","R","BOSS","M","?","M","$","?","R","?","E","T","E","M","E","M","$","R","BOSS","BOSS","R","$","E","BOSS"],"build_version":"2019-04-04","purchased_purges":2,"victory":true,"max_hp_per_floor":[66,66,66,66,66,66,66,66,76,76,76,76,76,76,76,76,76,76,76,76,76,76,76,76,90,90,90,90,90,90,90,90,90,90,90,90,90,90,85,85,85,85,85,85,85,85,85,85,85,85,85,85,85,85,85,85],"card_choices":[{"not_picked":["Crippling Poison","Slice"],"picked":"Noxious Fumes","floor":1.0},{"not_picked":["Quick Slash","Slice"],"picked":"Dagger Spray","floor":5.0},{"not_picked":["Quick Slash","Poisoned Stab"],"picked":"Backflip","floor":6.0},{"not_picked":["Concentrate","Deflect"],"picked":"Caltrops","floor":8.0},{"not_picked":["Dagger Throw","Tactician"],"picked":"Deadly Poison","floor":11.0},{"not_picked":["Phantasmal Killer","Heel Hook"],"picked":"Escape Plan","floor":13.0},{"not_picked":["Dagger Spray","Bane","Underhanded Strike"],"picked":"SKIP","floor":14.0},{"not_picked":["A Thousand Cuts","Bullet Time"],"picked":"After Image","floor":16.0},{"not_picked":["Outmaneuver","Dash"],"picked":"Escape Plan+1","floor":18.0},{"not_picked":["Heel Hook","Noxious Fumes"],"picked":"Footwork","floor":21.0},{"not_picked":["Blade Dance","Infinite Blades"],"picked":"Crippling Poison","floor":22.0},{"not_picked":["Acrobatics","Poisoned Stab"],"picked":"PiercingWail","floor":25.0},{"not_picked":["Heel Hook","Bane"],"picked":"Well Laid Plans+1","floor":27.0},{"not_picked":["Flying Knee","Poisoned Stab"],"picked":"Calculated Gamble","floor":29.0},{"not_picked":["Dash","Flying Knee"],"picked":"Caltrops+1","floor":30.0},{"not_picked":["Bullet Time","Riddle With Holes"],"picked":"Prepared+1","floor":31.0},{"not_picked":["Grand Finale","Glass Knife"],"picked":"Venomology","floor":33.0},{"not_picked":["Sucker Punch","Flechettes+1","Deflect"],"picked":"SKIP","floor":35.0},{"not_picked":["Eviscerate+1","Bane","Dagger Spray+1"],"picked":"SKIP","floor":37.0},{"not_picked":["Crippling Poison","Terror"],"picked":"Calculated Gamble","floor":42.0},{"not_picked":["Blade Dance","Reflex"],"picked":"Deadly Poison","floor":44.0},{"not_picked":["Eviscerate+1","Bane+1"],"picked":"Deadly Poison+1","floor":45.0},{"not_picked":["Poisoned Stab+1","Dagger Spray+1"],"picked":"Acrobatics+1","floor":47.0},{"not_picked":["Corpse Explosion","Choke"],"picked":"Dagger Throw+1","floor":55}],"player_experience":2885579,"relics_obtained":[{"floor":6.0,"key":"Tough Bandages"},{"floor":8.0,"key":"Tiny Chest"},{"floor":9.0,"key":"Pear"},{"floor":13.0,"key":"Bronze Scales"},{"floor":20.0,"key":"Oddly Smooth Stone"},{"floor":25.0,"key":"Mango"},{"floor":25.0,"key":"Frozen Egg 2"},{"floor":29.0,"key":"Regal Pillow"},{"floor":31.0,"key":"StoneCalendar"},{"floor":42.0,"key":"Orichalcum"},{"floor":43.0,"key":"Kunai"},{"floor":44.0,"key":"Lantern"},{"floor":55,"key":"Shuriken"}],"event_choices":[{"damage_healed":0.0,"max_hp_gain":0.0,"max_hp_loss":0.0,"gold_gain":0.0,"event_name":"Shining Light","player_choice":"Entered Light","floor":2.0,"gold_loss":0.0,"damage_taken":20.0,"cards_upgraded":["Strike_G","Neutralize"]},{"damage_healed":0.0,"max_hp_gain":0.0,"max_hp_loss":0.0,"gold_gain":0.0,"event_name":"Living Wall","player_choice":"Grow","floor":3.0,"gold_loss":0.0,"damage_taken":0.0,"cards_upgraded":["Noxious Fumes"]},{"cards_removed":["Strike_G"],"damage_healed":0.0,"max_hp_gain":0.0,"max_hp_loss":0.0,"gold_gain":0.0,"event_name":"The Cleric","player_choice":"Card Removal","floor":4.0,"gold_loss":75.0,"damage_taken":0.0},{"damage_healed":0.0,"max_hp_gain":0.0,"max_hp_loss":0.0,"gold_gain":0.0,"cards_transformed":["Strike_G","Strike_G"],"event_name":"Drug Dealer","player_choice":"Became Test Subject","floor":24.0,"gold_loss":0.0,"damage_taken":0.0,"cards_obtained":["Phantasmal Killer","Glass Knife"]},{"damage_healed":0.0,"max_hp_gain":0.0,"max_hp_loss":0.0,"gold_gain":0.0,"event_name":"Colosseum","player_choice":"Fight","floor":25.0,"gold_loss":0.0,"damage_taken":0.0},{"damage_healed":0.0,"max_hp_gain":0.0,"max_hp_loss":0.0,"gold_gain":0.0,"event_name":"Colosseum","player_choice":"Fought Nobs","floor":25.0,"gold_loss":0.0,"damage_taken":0.0},{"cards_removed":["Caltrops"],"damage_healed":0.0,"max_hp_gain":0.0,"max_hp_loss":0.0,"gold_gain":0.0,"event_name":"Falling","player_choice":"Removed Power","floor":36.0,"gold_loss":0.0,"damage_taken":0.0},{"damage_healed":0.0,"max_hp_gain":0.0,"max_hp_loss":5.0,"gold_gain":0.0,"event_name":"Winding Halls","player_choice":"Max HP","floor":39.0,"gold_loss":0.0,"damage_taken":0.0}],"is_beta":true,"boss_relics":[{"not_picked":["Runic Pyramid","Orrery"],"picked":"Fusion Hammer"},{"not_picked":["Ring of the Serpent","Calling Bell"],"picked":"Eternal Feather"}],"items_purged_floors":[7,38],"is_endless":false,"potions_floor_spawned":[1,6,14,16,22,25,25,30,33,37,44,46,47,55],"ascension_level":20}