{"gold_per_floor":[114,130,130,130,4,4,29,29,80,80,113,113,131,147,147,273,273,293,307,232,23,42,86,86,86,86,105,129,129,27,48,48,174,174,207,207,225,0,0,0,0,0,0,0,24,37,72,72,72,72],"floor_reached":50,"playtime":1666,"items_purged":[],"score":515,"play_id":"9e4b0f34-417c-4a4c-a74a-2affb833c560","local_time":"20181012071953","is_ascension_mode":false,"campfire_choices":[{"data":"Blind","floor":6,"key":"SMITH"},{"data":"Predator","floor":8,"key":"SMITH"},{"data":"Prepared","floor":10,"key":"SMITH"},{"floor":15,"key":"REST"},{"data":"Backstab","floor":25,"key":"SMITH"},{"floor":32,"key":"REST"},{"floor":40,"key":"REST"},{"data":"Noxious Fumes","floor":42,"key":"SMITH"},{"floor":49,"key":"REST"}],"neow_cost":"NONE","seed_source_timestamp":133428011705933,"circlet_count":0,"master_deck":["Survivor","Neutralize","PiercingWail","Heel Hook","Backstab+1","Blind+1","Prepared+1","Predator+1","Dash+1","Deflect+1","Crippling Poison+1","Unload","Well Laid Plans","Dagger Spray+1","Setup+1","Sucker Punch","Noxious Fumes","Deadly Poison+1","Noxious Fumes+1","Heel Hook","Doppelganger+1","Die Die Die","Deadly Poison+1","Dagger Throw","Outmaneuver+1","Flechettes","Escape Plan+1","Poisoned Stab","Sucker Punch","Deflect+1","Escape Plan+1","All Out Attack","Madness+1","Madness+1","Impatience+1","Dramatic Entrance","Trip+1","Adrenaline+1","Slice+1","Dagger Spray"],"relics":["Ring of the Snake","Golden Idol","Smiling Mask","Toxic Egg 2","Eternal Feather","Toolbox","Sundial","Snake Skull","Whetstone","Bottled Lightning","Pandora\u0027s Box","Shuriken","Vajra","Bottled Tornado","Centennial Puzzle"],"potions_floor_usage":[18,23,33,46,47],"damage_taken":[{"damage":1,"enemies":"Small Slimes","floor":1,"turns":6},{"damage":0,"enemies":"Cultist","floor":2,"turns":4},{"damage":0,"enemies":"2 Louse","floor":7,"turns":1},{"damage":5,"enemies":"3 Sentries","floor":11,"turns":8},{"damage":0,"enemies":"Looter","floor":13,"turns":2},{"damage":0,"enemies":"2 Fungi Beasts","floor":14,"turns":4},{"damage":30,"enemies":"The Guardian","floor":16,"turns":12},{"damage":0,"enemies":"3 Byrds","floor":18,"turns":3},{"damage":13,"enemies":"Spheric Guardian","floor":19,"turns":4},{"damage":8,"enemies":"3 Cultists","floor":22,"turns":4},{"damage":9,"enemies":"Slavers","floor":23,"turns":4},{"damage":13,"enemies":"Chosen and Byrds","floor":27,"turns":5},{"damage":6,"enemies":"Snecko","floor":28,"turns":5},{"damage":19,"enemies":"Centurion and Healer","floor":31,"turns":5},{"damage":36,"enemies":"Champ","floor":33,"turns":11},{"damage":44,"enemies":"3 Shapes","floor":35,"turns":4},{"damage":4,"enemies":"3 Darklings","floor":37,"turns":3},{"damage":13,"enemies":"Sphere and 2 Shapes","floor":45,"turns":3},{"damage":29,"enemies":"4 Shapes","floor":46,"turns":4},{"damage":9,"enemies":"2 Orb Walkers","floor":47,"turns":3},{"damage":55,"enemies":"Donu and Deca","floor":50,"turns":4}],"seed_played":"-4501530430430996474","potions_obtained":[{"floor":11,"key":"EssenceOfSteel"},{"floor":16,"key":"Explosive Potion"},{"floor":23,"key":"Fruit Juice"},{"floor":33,"key":"LiquidBronze"},{"floor":35,"key":"GamblersBrew"},{"floor":37,"key":"AttackPotion"}],"is_trial":false,"path_per_floor":["M","M","?","?","$","R","M","R","T","R","E","?","M","M","R","B",null,"M","M","?","$","M","E","?","R","T","M","M","T","$","M","R","B",null,"M","T","M","$","?","R","$","R","T","?","M","M","E","$","R"],"character_chosen":"THE_SILENT","items_purchased":["Blind","Prepared","Toolbox","Noxious Fumes","Heel Hook","Vajra","All Out Attack"],"campfire_rested":4,"item_purchase_floors":[5,5,21,30,30,38,38],"current_hp_per_floor":[69,69,69,65,65,65,65,65,65,65,60,60,60,60,65,35,65,65,52,52,52,44,40,40,52,52,39,33,33,33,14,50,14,70,26,26,22,22,13,52,52,70,70,60,47,18,9,9,54,0],"gold":72,"neow_bonus":"TRANSFORM_CARD","is_prod":false,"is_daily":false,"chose_seed":false,"campfire_upgraded":5,"win_rate":0,"timestamp":1539353993,"path_taken":["M","M","?","?","$","R","M","R","T","R","E","?","M","M","R","BOSS","M","M","?","$","M","E","?","R","T","M","?","?","?","M","R","BOSS","M","?","?","$","?","R","?","R","T","?","M","M","E","$","R","BOSS"],"build_version":"2018-10-11","purchased_purges":0,"victory":false,"max_hp_per_floor":[70,70,70,65,65,65,65,65,65,65,65,65,65,65,65,65,65,65,65,65,65,65,70,70,70,70,70,70,70,70,70,70,70,70,70,70,70,70,70,70,70,70,70,70,70,70,70,70,70,70],"card_choices":[{"not_picked":["Cloak And Dagger","Deadly Poison"],"picked":"Heel Hook","floor":1},{"not_picked":["Cloak And Dagger","Dagger Throw"],"picked":"Backstab","floor":2},{"not_picked":["Skewer","Dodge and Roll"],"picked":"Predator","floor":7},{"not_picked":["Underhanded Strike","Flying Knee"],"picked":"Dash","floor":11},{"not_picked":["Bane","Deadly Poison+1"],"picked":"Deflect+1","floor":13},{"not_picked":["Deadly Poison+1","Well Laid Plans"],"picked":"Crippling Poison+1","floor":14},{"not_picked":["Tools of the Trade","A Thousand Cuts"],"picked":"Unload","floor":16},{"not_picked":["Prepared+1","Bane"],"picked":"Well Laid Plans","floor":18},{"not_picked":["Prepared+1","Sucker Punch"],"picked":"Dagger Spray","floor":19},{"not_picked":["Poisoned Stab","Riddle With Holes"],"picked":"Setup+1","floor":22},{"not_picked":["Calculated Gamble+1","Masterful Stab"],"picked":"Sucker Punch","floor":23},{"not_picked":["Footwork","Eviscerate"],"picked":"Noxious Fumes","floor":27},{"not_picked":["Poisoned Stab","Flying Knee"],"picked":"Deadly Poison+1","floor":28},{"not_picked":["Crippling Poison+1","Well Laid Plans"],"picked":"Doppelganger+1","floor":31},{"not_picked":["Unload","A Thousand Cuts"],"picked":"Die Die Die","floor":33},{"not_picked":["Dodge and Roll+1","Concentrate+1"],"picked":"Deflect+1","floor":35},{"not_picked":["Leg Sweep+1","Deflect+1"],"picked":"Escape Plan+1","floor":37},{"not_picked":["PanicButton+1","Purity+1"],"picked":"Impatience+1","floor":44},{"not_picked":["Bandage Up+1","Good Instincts+1"],"picked":"Dramatic Entrance","floor":44},{"not_picked":["Forethought+1","Enlightenment+1"],"picked":"Trip+1","floor":44},{"not_picked":["Prepared+1","Backflip+1"],"picked":"Adrenaline+1","floor":45},{"not_picked":["Blade Dance+1","Concentrate+1"],"picked":"Slice+1","floor":46},{"not_picked":["Cloak And Dagger+1","Noxious Fumes"],"picked":"Dagger Spray","floor":47}],"player_experience":478625,"relics_obtained":[{"floor":9,"key":"Smiling Mask"},{"floor":11,"key":"Toxic Egg 2"},{"floor":23,"key":"Sundial"},{"floor":26,"key":"Whetstone"},{"floor":29,"key":"Bottled Lightning"},{"floor":36,"key":"Shuriken"},{"floor":43,"key":"Bottled Tornado"},{"floor":47,"key":"Centennial Puzzle"}],"event_choices":[{"event_name":"Purifier","player_choice":"One Purge","floor":3,"damage_taken":0},{"event_name":"Golden Idol","player_choice":"Lose Max HP","floor":4,"damage_taken":0},{"event_name":"Living Wall","player_choice":"Grow","floor":12,"damage_taken":0},{"event_name":"Beggar","player_choice":"Gave Gold","floor":20,"damage_taken":0},{"event_name":"The Mausoleum","player_choice":"Yes","floor":24,"damage_taken":0},{"event_name":"Winding Halls","player_choice":"Embrace Madness","floor":39,"damage_taken":0},{"event_name":"SensoryStone","player_choice":"Memory 3","floor":44,"damage_taken":0}],"is_beta":false,"boss_relics":[{"not_picked":["Sozu","HoveringKite"],"picked":"Eternal Feather"},{"not_picked":["WristBlade","Busted Crown"],"picked":"Pandora\u0027s Box"}],"items_purged_floors":[],"is_endless":false,"potions_floor_spawned":[11,16,23,33,35,37],"killed_by":"Donu and Deca","ascension_level":0}