{"gold_per_floor":[110,110,121,196,121,121,150,165,165,197,209,244,260,225,225,225],"floor_reached":16,"playtime":2024,"items_purged":["Strike_R"],"score":145,"play_id":"70823d7f-0253-4591-93f9-796501c70f7d","local_time":"20190415125859","is_ascension_mode":false,"campfire_choices":[{"data":"Blind","floor":6.0,"key":"SMITH"},{"data":"Feed","floor":15,"key":"SMITH"}],"neow_cost":"NONE","seed_source_timestamp":135631449616900,"circlet_count":0,"master_deck":["Strike_R","Strike_R","Strike_R","Defend_R+1","Defend_R","Defend_R","Defend_R","Bash","Blind+1","Metallicize","Dual Wield+1","Dropkick","Feed+1"],"special_seed":0,"relics":["Burning Blood","Pear","War Paint","Unceasing Top","Singing Bowl"],"potions_floor_usage":[11,16,16],"damage_taken":[{"damage":0.0,"enemies":"2 Louse","floor":1.0,"turns":3.0},{"damage":1.0,"enemies":"Cultist","floor":3.0,"turns":6.0},{"damage":37.0,"enemies":"3 Sentries","floor":7.0,"turns":18.0},{"damage":0.0,"enemies":"Jaw Worm","floor":8.0,"turns":6.0},{"damage":6,"enemies":"Lagavulin","floor":10,"turns":15},{"damage":10,"enemies":"Large Slime","floor":11,"turns":5},{"damage":39,"enemies":"3 Sentries","floor":12,"turns":15},{"damage":0,"enemies":"2 Fungi Beasts","floor":13,"turns":4},{"damage":67,"enemies":"Slime Boss","floor":16,"turns":8}],"seed_played":"1838069423210920602","potions_obtained":[{"floor":3.0,"key":"FearPotion"},{"floor":7.0,"key":"BloodPotion"},{"floor":11,"key":"GamblersBrew"},{"floor":12,"key":"Weak Potion"}],"is_trial":false,"path_per_floor":["M","?","M","?","$","R","E","M","T","E","M","E","M","?","R","B"],"character_chosen":"IRONCLAD","items_purchased":[],"campfire_rested":0,"item_purchase_floors":[],"current_hp_per_floor":[80,80,80,69,69,69,48,54,54,54,50,17,31,55,55,0],"gold":225,"neow_bonus":"RANDOM_COLORLESS","is_prod":false,"is_daily":false,"chose_seed":false,"campfire_upgraded":2,"win_rate":0.0,"timestamp":1555358339,"path_taken":["M","?","?","?","$","R","E","M","T","E","M","E","M","?","R","BOSS"],"build_version":"2019-01-23","purchased_purges":1,"victory":false,"max_hp_per_floor":[80,80,80,80,80,80,90,90,90,90,90,90,98,98,98,98],"card_choices":[{"not_picked":["Dropkick","Clash"],"picked":"Metallicize","floor":1.0},{"not_picked":["True Grit","Body Slam"],"picked":"Dual Wield","floor":3.0},{"not_picked":["Cleave","Intimidate","Sever Soul"],"picked":"SKIP","floor":7.0},{"not_picked":["Heavy Blade","Flame Barrier","Anger"],"picked":"SKIP","floor":8.0},{"not_picked":["Warcry","Corruption"],"picked":"Dropkick","floor":10},{"not_picked":["Flex","Blood for Blood","Clothesline"],"picked":"SKIP","floor":11},{"not_picked":["Sword Boomerang","Ghostly Armor"],"picked":"Feed","floor":12},{"not_picked":["Clash","Sword Boomerang","Pommel Strike"],"picked":"Singing Bowl","floor":13}],"player_experience":74617,"relics_obtained":[{"floor":7.0,"key":"Pear"},{"floor":9.0,"key":"War Paint"},{"floor":10,"key":"Unceasing Top"},{"floor":12,"key":"Singing Bowl"}],"event_choices":[{"cards_removed":["Strike_R"],"damage_healed":0.0,"max_hp_gain":0.0,"max_hp_loss":0.0,"gold_gain":0.0,"event_name":"Purifier","player_choice":"Purged","floor":2.0,"gold_loss":0.0,"damage_taken":0.0},{"damage_healed":0.0,"max_hp_gain":0.0,"max_hp_loss":0.0,"gold_gain":75.0,"event_name":"World of Goop","player_choice":"Gather Gold","floor":4.0,"gold_loss":0.0,"damage_taken":11.0},{"damage_healed":24,"gold_gain":0,"player_choice":"Healed","damage_taken":0,"max_hp_gain":0,"max_hp_loss":0,"event_name":"The Cleric","floor":14,"gold_loss":35}],"is_beta":false,"boss_relics":[],"items_purged_floors":[5],"is_endless":false,"potions_floor_spawned":[3,7,11,12],"killed_by":"Slime Boss","ascension_level":0}