{"path_per_floor":["M","?","?","M","?","E","R","$","T","R","?","E","$","M","R","B",null,"M","$","?","M","M","R","?","E","T"],"character_chosen":"THE_SILENT","items_purchased":["Deflect","Snake Skull","Prepared","Pen Nib"],"gold_per_floor":[112,112,112,126,91,127,127,27,101,101,176,217,18,36,36,155,155,178,22,22,42,61,61,61,104,130],"floor_reached":27,"campfire_rested":1,"playtime":707,"current_hp_per_floor":[62,48,48,37,53,39,39,39,39,39,28,18,18,18,39,29,72,54,54,54,51,40,40,40,17,17],"items_purged":["Strike_G"],"gold":130,"score":284,"play_id":"2d0a313c-eb22-4947-9349-8daac29c510f","is_prod":false,"is_daily":false,"is_ascension_mode":true,"campfire_upgraded":3,"path_taken":["M","?","?","M","?","E","R","?","T","R","?","E","$","M","R","BOSS","M","?","?","M","M","R","?","E","T","?"],"build_version":"2018-02-15-PROD1","purchased_purges":1,"victory":false,"master_deck":["Defend_G+1","Defend_G+1","Defend_G+1","Defend_G+1","Defend_G+1","Strike_G+1","Strike_G+1","Strike_G+1","Strike_G+1","Survivor","Neutralize","Phantasmal Killer+1","Dagger Spray+1","Endless Agony","Terror","Deflect+1","Poisoned Stab","Prepared","Noxious Fumes","Venomology","Dagger Spray","Backflip","Catalyst+1","Bouncing Flask","Noxious Fumes","Prepared","PiercingWail","Deflect","Phantasmal Killer"],"max_hp_per_floor":[70,70,65,65,65,65,65,65,65,65,65,72,72,72,72,72,72,72,72,72,72,72,72,72,72,72],"relics":["Ring of the Snake","Golden Idol","Bottled Flame","Ninja Scroll","Strawberry","Snake Skull","Orrery","Pen Nib","Shovel","Art of War"],"card_choices":[{"not_picked":["Terror","Dodge and Roll"],"picked":"Dagger Spray"},{"not_picked":["Flying Knee","Acrobatics"],"picked":"Endless Agony"},{"not_picked":["Dodge and Roll","Outmaneuver"],"picked":"Terror"},{"not_picked":["Choke","Corpse Explosion"],"picked":"Poisoned Stab"},{"not_picked":["Outmaneuver","Calculated Gamble"],"picked":"Noxious Fumes"},{"not_picked":["Die Die Die","After Image"],"picked":"Venomology"},{"not_picked":["Predator","Flying Knee"],"picked":"Dagger Spray"},{"not_picked":["Concentrate","Crippling Poison"],"picked":"Backflip"},{"not_picked":["Dagger Throw","Dodge and Roll"],"picked":"Catalyst"},{"not_picked":["Terror","Bane"],"picked":"Bouncing Flask"},{"not_picked":["Predator","Calculated Gamble"],"picked":"Noxious Fumes"},{"not_picked":["Dagger Throw","Poisoned Stab"],"picked":"Prepared"},{"not_picked":["Caltrops","Accuracy"],"picked":"PiercingWail"},{"not_picked":["Slice","Leg Sweep"],"picked":"Deflect"},{"not_picked":["Dodge and Roll","Accuracy"],"picked":"Phantasmal Killer"}],"player_experience":178718,"potions_floor_usage":[6,12,22,22,25,27,27],"damage_taken":[{"damage":8,"enemies":"Small Slimes","floor":1,"turns":4},{"damage":11,"enemies":"Jaw Worm","floor":4,"turns":4},{"damage":14,"enemies":"Gremlin Nob","floor":6,"turns":4},{"damage":17,"enemies":"Lagavulin","floor":12,"turns":7},{"damage":0,"enemies":"2 Louse","floor":14,"turns":1},{"damage":10,"enemies":"Slime Boss","floor":16,"turns":9},{"damage":18,"enemies":"Shell Parasite","floor":18,"turns":5},{"damage":3,"enemies":"3 Byrds","floor":21,"turns":3},{"damage":11,"enemies":"Centurion and Healer","floor":22,"turns":4},{"damage":23,"enemies":"Book of Stabbing","floor":25,"turns":4},{"damage":21,"enemies":"Snake Plant","floor":27,"turns":3}],"event_choices":[{"event_name":"Shining Light","player_choice":"Entered Light","floor":2,"damage_taken":0},{"event_name":"Golden Idol","player_choice":"Lose Max HP","floor":3,"damage_taken":0},{"event_name":"The Cleric","player_choice":"Healed","floor":5,"damage_taken":0},{"event_name":"World of Goop","player_choice":"Gather Gold","floor":11,"damage_taken":0},{"event_name":"Beggar","player_choice":"Ignored","floor":20,"damage_taken":0},{"event_name":"Back to Basics","player_choice":"Simplicity","floor":24,"damage_taken":0}],"boss_relics":[{"not_picked":["Sozu","Question Card"],"picked":"Orrery"}],"potions_floor_spawned":[4,6,18,21,25],"seed_played":"-6041991856248366550","killed_by":"Snake Plant","ascension_level":4,"is_trial":false}