{"gold_per_floor":[111,121,121,40,15,47,47,47,47,47,47,58,58,68,68,141,141,159,159,17,27,43,43,43,43,117,130,130],"floor_reached":28,"playtime":710,"items_purged":[],"score":389,"play_id":"1a9a4c21-390b-4877-8a5e-2b519e38b32d","local_time":"20190107193103","is_ascension_mode":true,"campfire_choices":[{"floor":11,"key":"REST"},{"data":"Noxious Fumes","floor":13,"key":"SMITH"},{"data":"Crippling Poison","floor":15,"key":"SMITH"},{"data":"Well Laid Plans","floor":23,"key":"SMITH"},{"data":"Infinite Blades","floor":25,"key":"SMITH"}],"neow_cost":"NONE","seed_source_timestamp":1526558627493997,"circlet_count":0,"master_deck":["AscendersBane","Defend_G","Defend_G","Defend_G","Strike_G","Strike_G","Survivor","Neutralize","Deflect","Crippling Poison+1","Well Laid Plans+1","Underhanded Strike","Dagger Throw","Noxious Fumes+1","Venomology","Expertise+1","Die Die Die+1","Corpse Explosion+1","Underhanded Strike+1","Infinite Blades+1","Backflip","Escape Plan+1"],"relics":["Ring of the Snake","Orichalcum","Mummified Hand","Molten Egg 2","Astrolabe","Gremlin Horn"],"potions_floor_usage":[16,18,22,22,22,28,28],"damage_taken":[{"damage":2,"enemies":"2 Louse","floor":1,"turns":3},{"damage":5,"enemies":"Cultist","floor":2,"turns":4},{"damage":30,"enemies":"Gremlin Nob","floor":6,"turns":5},{"damage":0,"enemies":"Jaw Worm","floor":12,"turns":4},{"damage":3,"enemies":"Looter","floor":14,"turns":3},{"damage":35,"enemies":"The Guardian","floor":16,"turns":11},{"damage":9,"enemies":"Spheric Guardian","floor":18,"turns":5},{"damage":0,"enemies":"3 Byrds","floor":21,"turns":2},{"damage":3,"enemies":"Centurion and Healer","floor":22,"turns":4},{"damage":23,"enemies":"Chosen and Byrds","floor":27,"turns":5},{"damage":10,"enemies":"Book of Stabbing","floor":28,"turns":3}],"seed_played":"8124210596210801050","potions_obtained":[{"floor":1,"key":"Energy Potion"},{"floor":2,"key":"Regen Potion"},{"floor":16,"key":"SteroidPotion"},{"floor":27,"key":"SpeedPotion"}],"is_trial":false,"path_per_floor":["M","M","?","$","$","E","?","T","T","$","R","M","R","M","R","B",null,"M","?","$","M","M","R","?","R","T","M","E"],"character_chosen":"THE_SILENT","items_purchased":["Well Laid Plans","Underhanded Strike","Infinite Blades","Backflip"],"campfire_rested":1,"item_purchase_floors":[4,5,20,20],"current_hp_per_floor":[57,52,52,52,52,22,11,11,11,11,30,30,30,27,27,7,51,42,36,36,36,33,33,33,33,33,10,0],"gold":130,"neow_bonus":"REMOVE_CARD","is_prod":false,"is_daily":false,"chose_seed":false,"campfire_upgraded":4,"win_rate":0,"timestamp":1546918263,"path_taken":["M","M","?","?","$","E","?","?","T","$","R","?","R","M","R","BOSS","M","?","$","?","M","R","?","R","T","M","E"],"build_version":"2019-01-03v4","purchased_purges":0,"victory":false,"max_hp_per_floor":[66,66,66,66,66,66,66,66,66,66,66,66,66,66,66,66,66,66,66,66,66,66,66,66,66,66,66,66],"card_choices":[{"not_picked":["Underhanded Strike","Dagger Throw"],"picked":"Deflect","floor":1},{"not_picked":["Riddle With Holes","Well Laid Plans"],"picked":"Crippling Poison","floor":2},{"not_picked":["Slice","Deflect"],"picked":"Dagger Throw","floor":6},{"not_picked":["Blade Dance","PiercingWail"],"picked":"Noxious Fumes","floor":12},{"not_picked":["Slice+1","Cloak And Dagger","Dodge and Roll"],"picked":"SKIP","floor":14},{"not_picked":["Grand Finale+1","Doppelganger"],"picked":"Venomology","floor":16},{"not_picked":["Sucker Punch+1","Dodge and Roll"],"picked":"Underhanded Strike+1","floor":18},{"not_picked":["Setup","Deflect","Dodge and Roll"],"picked":"SKIP","floor":21},{"not_picked":["Riddle With Holes+1","Poisoned Stab+1","Deadly Poison"],"picked":"SKIP","floor":22},{"not_picked":["Blade Dance","Blur"],"picked":"Escape Plan+1","floor":27}],"player_experience":1061211,"relics_obtained":[{"floor":6,"key":"Orichalcum"},{"floor":8,"key":"Mummified Hand"},{"floor":9,"key":"Molten Egg 2"},{"floor":26,"key":"Gremlin Horn"}],"event_choices":[{"cards_removed":["Defend_G"],"damage_healed":0,"gold_gain":0,"player_choice":"Offered Basic","damage_taken":0,"max_hp_gain":0,"max_hp_loss":0,"event_name":"Bonfire Elementals","floor":3,"gold_loss":0},{"damage_healed":0,"gold_gain":0,"player_choice":"Fled","damage_taken":11,"max_hp_gain":0,"max_hp_loss":0,"event_name":"Scrap Ooze","floor":7,"gold_loss":0},{"damage_healed":0,"gold_gain":0,"player_choice":"","damage_taken":6,"max_hp_gain":0,"max_hp_loss":0,"event_name":"Knowing Skull","floor":19,"potions_obtained":[],"gold_loss":0,"cards_obtained":[]},{"damage_healed":0,"gold_gain":0,"player_choice":"Ignored","damage_taken":0,"max_hp_gain":0,"max_hp_loss":0,"event_name":"Beggar","floor":24,"gold_loss":0}],"is_beta":false,"boss_relics":[{"not_picked":["Lizard Tail","Busted Crown"],"picked":"Astrolabe"}],"items_purged_floors":[],"is_endless":false,"potions_floor_spawned":[1,2,6,16,27],"killed_by":"Book of Stabbing","ascension_level":16}