{"gold_per_floor":[110,124,124,138,148,178,178,205,228,303,303],"floor_reached":11,"playtime":528,"items_purged":[],"score":149,"play_id":"71065462-908b-4580-ade1-e4c40e9899be","local_time":"20190410215308","is_ascension_mode":true,"campfire_choices":[{"data":"Zap","floor":7,"key":"SMITH"}],"neow_cost":"NONE","seed_source_timestamp":46613656061632,"circlet_count":0,"master_deck":["AscendersBane","Strike_B","Strike_B","Strike_B","Strike_B","Defend_B","Defend_B","Defend_B","Defend_B","Zap+1","Dualcast","Sweeping Beam","Cold Snap","Leap+1","Tempest+1","White Noise","Coolheaded"],"relics":["Cracked Core","Pen Nib","Bottled Flame","Orichalcum","War Paint"],"potions_floor_usage":[5,6],"damage_taken":[{"damage":0,"enemies":"Small Slimes","floor":1,"turns":3},{"damage":1,"enemies":"Cultist","floor":2,"turns":3},{"damage":2,"enemies":"Jaw Worm","floor":4,"turns":2},{"damage":2,"enemies":"3 Louse","floor":5,"turns":3},{"damage":11,"enemies":"Gremlin Nob","floor":6,"turns":4},{"damage":28,"enemies":"Lagavulin","floor":8,"turns":7},{"damage":13,"enemies":"Exordium Thugs","floor":11,"turns":1}],"seed_played":"-3992820908991730646","potions_obtained":[{"floor":1,"key":"SpeedPotion"},{"floor":2,"key":"LiquidBronze"},{"floor":5,"key":"Block Potion"}],"is_trial":false,"path_per_floor":["M","M","?","M","M","E","R","E","T","?","M"],"character_chosen":"DEFECT","items_purchased":[],"campfire_rested":0,"item_purchase_floors":[],"current_hp_per_floor":[64,63,59,57,55,44,44,16,16,5,0],"gold":303,"neow_bonus":"RANDOM_COMMON_RELIC","is_prod":false,"is_daily":false,"chose_seed":false,"campfire_upgraded":1,"win_rate":0,"timestamp":1554929588,"path_taken":["M","M","?","?","M","E","R","E","T","?","M"],"build_version":"2019-01-23","purchased_purges":0,"victory":false,"max_hp_per_floor":[71,71,71,71,71,71,71,71,71,71,71],"card_choices":[{"not_picked":["Redo","Gash"],"picked":"Sweeping Beam","floor":1},{"not_picked":["Reprogram","Leap"],"picked":"Cold Snap","floor":2},{"not_picked":["Redo","Go for the Eyes"],"picked":"Leap","floor":4},{"not_picked":["Hologram","Beam Cell"],"picked":"Tempest","floor":5},{"not_picked":["Scrape","Cold Snap"],"picked":"White Noise","floor":6},{"not_picked":["Hologram","Beam Cell"],"picked":"Coolheaded","floor":8}],"player_experience":990835,"relics_obtained":[{"floor":6,"key":"Bottled Flame"},{"floor":8,"key":"Orichalcum"},{"floor":9,"key":"War Paint"}],"event_choices":[{"damage_healed":0,"gold_gain":0,"player_choice":"Bought 0 Potions","damage_taken":0,"max_hp_gain":0,"max_hp_loss":0,"event_name":"The Woman in Blue","floor":3,"gold_loss":0},{"damage_healed":0,"gold_gain":75,"player_choice":"Gather Gold","damage_taken":11,"max_hp_gain":0,"max_hp_loss":0,"event_name":"World of Goop","floor":10,"gold_loss":0}],"is_beta":false,"boss_relics":[],"items_purged_floors":[],"is_endless":false,"potions_floor_spawned":[1,2,4,5],"killed_by":"Exordium Thugs","ascension_level":16}