{"gold_per_floor":[115,115,134,59,14,41,41,68,120,120,133,144,159,159,159,233,233,253,253,265,275,13,13],"floor_reached":23,"playtime":581,"items_purged":[],"score":352,"play_id":"c83168eb-bfe3-497f-83fc-f8f6c8dbd292","local_time":"20181024121048","is_ascension_mode":true,"campfire_choices":[{"data":"Limit Break","floor":7,"key":"SMITH"},{"data":"Flex","floor":15,"key":"SMITH"}],"neow_cost":"NONE","seed_source_timestamp":1188771406579349,"circlet_count":0,"master_deck":["Bash","AscendersBane","Limit Break+1","Twin Strike","Dropkick","Thunderclap","Twin Strike","Intimidate","Shockwave","Flex+1","Immolate","Demon Form","Anger","Heavy Blade","Corruption","Rampage","Armaments","Perfected Strike","Intimidate","Shockwave","Headbutt+1","Decay","Shrug It Off","Flex"],"relics":["Burning Blood","WarpedTongs","Red Skull","Anchor","Whetstone","Pandora\u0027s Box","Shuriken"],"potions_floor_usage":[12,16,21,23,23],"damage_taken":[{"damage":0,"enemies":"Small Slimes","floor":1,"turns":3},{"damage":4,"enemies":"Cultist","floor":3,"turns":3},{"damage":39,"enemies":"3 Sentries","floor":6,"turns":7},{"damage":8,"enemies":"Gremlin Nob","floor":8,"turns":3},{"damage":0,"enemies":"2 Louse","floor":11,"turns":3},{"damage":11,"enemies":"2 Fungi Beasts","floor":12,"turns":4},{"damage":8,"enemies":"Large Slime","floor":13,"turns":2},{"damage":41,"enemies":"The Guardian","floor":16,"turns":8},{"damage":27,"enemies":"Spheric Guardian","floor":18,"turns":4},{"damage":16,"enemies":"2 Thieves","floor":20,"turns":3},{"damage":13,"enemies":"Snecko","floor":21,"turns":3},{"damage":47,"enemies":"Slavers","floor":23,"turns":4}],"seed_played":"-3903509629482413482","potions_obtained":[{"floor":6,"key":"EssenceOfSteel"},{"floor":8,"key":"AttackPotion"},{"floor":12,"key":"Regen Potion"},{"floor":20,"key":"BloodPotion"},{"floor":21,"key":"Ancient Potion"}],"is_trial":false,"path_per_floor":["M","?","M","?","$","E","R","E","T","?","M","M","M","?","R","B",null,"M","?","M","M","$"],"character_chosen":"IRONCLAD","items_purchased":["Thunderclap","Shuriken"],"campfire_rested":0,"item_purchase_floors":[5,22],"current_hp_per_floor":[74,74,75,75,75,42,42,40,40,40,46,41,39,64,64,29,64,43,43,33,33,33,0],"gold":13,"neow_bonus":"ONE_RANDOM_RARE_CARD","is_prod":false,"is_daily":false,"chose_seed":false,"campfire_upgraded":2,"win_rate":0,"timestamp":1540408248,"path_taken":["M","?","M","?","$","E","R","E","T","?","M","?","M","?","R","BOSS","M","?","M","M","$","E"],"build_version":"2018-10-18","purchased_purges":0,"victory":false,"max_hp_per_floor":[75,75,75,75,75,75,75,75,75,75,75,75,75,75,75,75,75,75,75,75,75,75,75],"card_choices":[{"not_picked":["Clash","Blood for Blood"],"picked":"Twin Strike","floor":1},{"not_picked":["Havoc","Cleave"],"picked":"Dropkick","floor":3},{"not_picked":["Reckless Charge","Dual Wield"],"picked":"Twin Strike","floor":6},{"not_picked":["Anger","Body Slam","Warcry"],"picked":"SKIP","floor":8},{"not_picked":["Body Slam","Iron Wave"],"picked":"Shockwave","floor":11},{"not_picked":["Cleave","Evolve"],"picked":"Flex","floor":12},{"not_picked":["Shockwave","Cleave"],"picked":"Immolate","floor":13},{"not_picked":["Barricade","Brutality"],"picked":"Demon Form","floor":16},{"not_picked":["Body Slam","Reckless Charge"],"picked":"Headbutt+1","floor":18},{"not_picked":["Wild Strike","Berserk"],"picked":"Shrug It Off","floor":20},{"not_picked":["Warcry","Shrug It Off"],"picked":"Flex","floor":21}],"player_experience":635407,"relics_obtained":[{"floor":6,"key":"Red Skull"},{"floor":8,"key":"Anchor"},{"floor":9,"key":"Whetstone"}],"event_choices":[{"damage_healed":0,"gold_gain":0,"player_choice":"Rummage","damage_taken":0,"relics_obtained":["WarpedTongs"],"max_hp_gain":0,"max_hp_loss":0,"event_name":"Accursed Blacksmith","floor":2,"gold_loss":0,"cards_obtained":["Pain"]},{"cards_removed":["Pain"],"damage_healed":0,"gold_gain":0,"player_choice":"Card Removal","damage_taken":0,"max_hp_gain":0,"max_hp_loss":0,"event_name":"The Cleric","floor":4,"gold_loss":75},{"damage_healed":0,"gold_gain":0,"cards_transformed":["Strike_R"],"player_choice":"Change","damage_taken":0,"max_hp_gain":0,"max_hp_loss":0,"event_name":"Living Wall","floor":10,"gold_loss":0,"cards_obtained":["Intimidate"]},{"damage_healed":25,"gold_gain":0,"player_choice":"Banana","damage_taken":0,"max_hp_gain":0,"max_hp_loss":0,"event_name":"Big Fish","floor":14,"gold_loss":0},{"damage_healed":0,"gold_gain":0,"player_choice":"Smashed Altar","damage_taken":0,"max_hp_gain":0,"max_hp_loss":0,"event_name":"Forgotten Altar","floor":19,"gold_loss":0,"cards_obtained":["Decay"]}],"is_beta":false,"boss_relics":[{"not_picked":["Mark of Pain","Runic Cube"],"picked":"Pandora\u0027s Box"}],"items_purged_floors":[],"is_endless":false,"potions_floor_spawned":[6,8,11,12,20,21],"killed_by":"Slavers","ascension_level":15}