{"gold_per_floor":[117,117,128,11,86,111,111,111,136,136,155,190,155,188,188,262,262,230,33,33,33,33,33,53,53,79,79,113,113,132,132,132,132],"floor_reached":33,"playtime":1083,"items_purged":[],"score":520,"play_id":"eefc1bcf-399b-4e2a-94b6-c11eccf8642d","local_time":"20181206230918","is_ascension_mode":true,"campfire_choices":[{"floor":7.0,"key":"REST"},{"data":"Footwork","floor":10.0,"key":"SMITH"},{"floor":15.0,"key":"REST"},{"floor":25,"key":"REST"},{"data":"Caltrops","floor":27,"key":"SMITH"},{"data":"Deadly Poison","floor":29,"key":"SMITH"},{"data":"Sucker Punch","floor":32,"key":"SMITH"}],"neow_cost":"PERCENT_DAMAGE","seed_source_timestamp":113549672334393,"circlet_count":0,"master_deck":["AscendersBane","Defend_G","Defend_G","Defend_G","Defend_G","Defend_G","Strike_G","Strike_G","Strike_G","Strike_G","Survivor","Neutralize","Sucker Punch+1","Caltrops+1","Footwork+1","Dodge and Roll","Deflect","Deadly Poison+1","Calculated Gamble","A Thousand Cuts+1","Venomology","Underhanded Strike+1","Blur","Cloak And Dagger","Bandage Up"],"special_seed":0,"relics":["Ring of the Snake","Mango","Smiling Mask","Omamori","Juzu Bracelet","Darkstone Periapt","Eternal Feather","OrangePellets","Ancient Tea Set","Bottled Flame"],"potions_floor_usage":[23,28,28,28,30,33,33],"damage_taken":[{"damage":2.0,"enemies":"Jaw Worm","floor":1.0,"turns":5.0},{"damage":0.0,"enemies":"Cultist","floor":3.0,"turns":4.0},{"damage":29.0,"enemies":"Gremlin Nob","floor":6.0,"turns":6.0},{"damage":0.0,"enemies":"Small Slimes","floor":11.0,"turns":4.0},{"damage":28.0,"enemies":"Lagavulin","floor":12.0,"turns":9.0},{"damage":14.0,"enemies":"3 Sentries","floor":14.0,"turns":11.0},{"damage":25.0,"enemies":"Hexaghost","floor":16.0,"turns":13.0},{"damage":18.0,"enemies":"2 Thieves","floor":18.0,"turns":5.0},{"damage":0,"enemies":"Gremlin Leader","floor":23,"turns":1},{"damage":27,"enemies":"Chosen","floor":24,"turns":7},{"damage":36,"enemies":"Book of Stabbing","floor":28,"turns":6},{"damage":2,"enemies":"Shelled Parasite and Fungi","floor":30,"turns":7},{"damage":53,"enemies":"Champ","floor":33,"turns":15}],"seed_played":"2182254670415666316","potions_obtained":[{"floor":3.0,"key":"FearPotion"},{"floor":8.0,"key":"AttackPotion"},{"floor":8.0,"key":"Explosive Potion"},{"floor":12.0,"key":"GhostInAJar"},{"floor":16.0,"key":"PowerPotion"},{"floor":28,"key":"SpeedPotion"}],"is_trial":false,"path_per_floor":["M","?","M","$","?","E","R","?","T","R","M","E","?","E","R","B",null,"M","$","?","?","$","E","M","R","T","R","E","R","M","?","R","B"],"character_chosen":"THE_SILENT","items_purchased":["Footwork","Dodge and Roll","OrangePellets"],"campfire_rested":3,"item_purchase_floors":[4,4,19],"current_hp_per_floor":[56,56,56,56,45,16,40,40,40,40,40,12,32,18,42,17,64,46,46,46,46,46,46,19,55,55,67,31,43,41,25,40,0],"gold":132,"neow_bonus":"ONE_RARE_RELIC","is_prod":false,"is_daily":false,"chose_seed":false,"campfire_upgraded":4,"win_rate":0,"timestamp":1544166558,"path_taken":["M","?","?","$","?","E","R","?","T","R","?","E","?","E","R","BOSS","M","$","?","?","$","E","M","R","T","R","E","R","M","?","R","BOSS"],"build_version":"2018-12-06","purchased_purges":0,"victory":false,"max_hp_per_floor":[80,80,80,80,80,80,80,80,80,80,80,80,80,80,80,80,80,80,80,80,80,80,80,80,80,80,80,80,80,80,80,80,80],"card_choices":[{"not_picked":["Accuracy","Setup"],"picked":"Sucker Punch","floor":1.0},{"not_picked":["Slice","Sucker Punch"],"picked":"Caltrops","floor":3.0},{"not_picked":["Acrobatics","PiercingWail"],"picked":"Deflect","floor":6.0},{"not_picked":["Flying Knee","Reflex"],"picked":"Deadly Poison","floor":11.0},{"not_picked":["Underhanded Strike","Dagger Throw"],"picked":"Calculated Gamble","floor":12.0},{"not_picked":["Dagger Throw","Quick Slash"],"picked":"A Thousand Cuts","floor":14.0},{"not_picked":["A Thousand Cuts","Adrenaline"],"picked":"Venomology","floor":16.0},{"not_picked":["Endless Agony+1","Concentrate+1"],"picked":"Underhanded Strike+1","floor":18.0},{"not_picked":["Deadly Poison","Reflex"],"picked":"Blur","floor":24},{"not_picked":["Dagger Throw","Sucker Punch+1"],"picked":"Cloak And Dagger","floor":28},{"not_picked":["Eviscerate","Dagger Throw","Flechettes"],"picked":"SKIP","floor":30}],"player_experience":998291,"relics_obtained":[{"floor":6.0,"key":"Smiling Mask"},{"floor":9.0,"key":"Omamori"},{"floor":12.0,"key":"Juzu Bracelet"},{"floor":14.0,"key":"Darkstone Periapt"},{"floor":26,"key":"Ancient Tea Set"},{"floor":28,"key":"Bottled Flame"}],"event_choices":[{"cards_removed":["Strike_G"],"damage_healed":0.0,"max_hp_gain":0.0,"max_hp_loss":0.0,"gold_gain":0.0,"event_name":"Bonfire Elementals","player_choice":"Offered Basic","floor":2.0,"gold_loss":0.0,"damage_taken":0.0},{"damage_healed":0.0,"max_hp_gain":0.0,"max_hp_loss":0.0,"gold_gain":75.0,"event_name":"World of Goop","player_choice":"Gather Gold","floor":5.0,"gold_loss":0.0,"damage_taken":11.0},{"damage_healed":0.0,"max_hp_gain":0.0,"max_hp_loss":0.0,"gold_gain":0.0,"event_name":"Lab","player_choice":"Got Potions","floor":8.0,"gold_loss":0.0,"damage_taken":0.0},{"damage_healed":20.0,"max_hp_gain":0.0,"max_hp_loss":0.0,"gold_gain":0.0,"event_name":"The Cleric","player_choice":"Healed","floor":13.0,"gold_loss":35.0,"damage_taken":0.0},{"damage_healed":0,"gold_gain":0,"player_choice":"Upgraded","damage_taken":0,"max_hp_gain":0,"max_hp_loss":0,"event_name":"Upgrade Shrine","floor":20,"gold_loss":0,"cards_upgraded":["A Thousand Cuts"]},{"damage_healed":0,"gold_gain":0,"player_choice":"Smashed Altar","damage_taken":0,"max_hp_gain":0,"max_hp_loss":0,"event_name":"Forgotten Altar","floor":21,"gold_loss":0,"cards_obtained":["Decay"]},{"damage_healed":0,"gold_gain":0,"player_choice":"CARD ","damage_taken":16,"max_hp_gain":0,"max_hp_loss":0,"event_name":"Knowing Skull","floor":31,"potions_obtained":[],"gold_loss":0,"cards_obtained":["Bandage Up"]}],"is_beta":false,"boss_relics":[{"not_picked":["White Beast Statue","Tiny House"],"picked":"Eternal Feather"}],"items_purged_floors":[],"is_endless":false,"potions_floor_spawned":[3,11,12,16,23,28],"killed_by":"Champ","ascension_level":15}