{"gold_per_floor":[119,133,24,24,47,81,81,110,190,190,206,206,224,256,256,354,354,370,15,25,25,37,65,65,93,93,121,141,141,160,187,187,283,283,299,299,315,40,64,95,95,110,182,197,48,76,88,88,88,88,88,88,39,74,74],"floor_reached":55,"playtime":8797,"items_purged":["Strike_G","Doubt"],"score":1487,"play_id":"43165510-7ec7-4d10-890f-c854687712b4","local_time":"20190313163608","is_ascension_mode":true,"campfire_choices":[{"floor":10,"key":"REST"},{"data":"Leg Sweep","floor":12,"key":"SMITH"},{"data":"Sucker Punch","floor":15,"key":"SMITH"},{"floor":24,"key":"REST"},{"floor":29,"key":"RECALL"},{"floor":32,"key":"REST"},{"floor":41,"key":"REST"},{"floor":49,"key":"REST"},{"floor":52,"key":"REST"}],"neow_cost":"NONE","seed_source_timestamp":539321839803465,"circlet_count":0,"master_deck":["AscendersBane","Defend_G","Defend_G","Defend_G","Defend_G","Defend_G","Strike_G","Strike_G+1","Survivor","Neutralize+1","Noxious Fumes+1","Well Laid Plans","Poisoned Stab","Terror","Sucker Punch+1","Leg Sweep+1","Flying Knee","Dagger Throw","Die Die Die","Backflip+1","Catalyst","Catalyst+1","Noxious Fumes","PiercingWail","Catalyst","Wraith Form v2","Quick Slash","Acrobatics+1","Catalyst","Malaise","Clumsy","Prepared+1","Backflip","Poisoned Stab","Apotheosis","PiercingWail"],"relics":["Ring of the Snake","Regal Pillow","Gremlin Horn","The Specimen","Ninja Scroll","Incense Burner","Fusion Hammer","TwistedFunnel","Vajra","Blood Vial","Whetstone","Darkstone Periapt","Du-Vu Doll","Cursed Key","Matryoshka","Art of War","Potion Belt","Unceasing Top","PreservedInsect","Question Card","Mercury Hourglass","Kunai"],"potions_floor_usage":[8,8,13,22,25,31,31,42,50,54,55,55],"damage_taken":[{"damage":4,"enemies":"2 Louse","floor":1,"turns":4},{"damage":0,"enemies":"Jaw Worm","floor":2,"turns":5},{"damage":32,"enemies":"Gremlin Nob","floor":6,"turns":5},{"damage":19,"enemies":"3 Sentries","floor":8,"turns":8},{"damage":0,"enemies":"Small Slimes","floor":11,"turns":4},{"damage":0,"enemies":"Gremlin Gang","floor":13,"turns":3},{"damage":6,"enemies":"Gremlin Nob","floor":14,"turns":4},{"damage":13,"enemies":"Hexaghost","floor":16,"turns":9},{"damage":22,"enemies":"2 Thieves","floor":18,"turns":3},{"damage":0,"enemies":"Chosen","floor":20,"turns":3},{"damage":4,"enemies":"Snake Plant","floor":22,"turns":4},{"damage":0,"enemies":"Gremlin Leader","floor":23,"turns":3},{"damage":8,"enemies":"Slavers","floor":25,"turns":3},{"damage":0,"enemies":"Gremlin Leader","floor":27,"turns":3},{"damage":2,"enemies":"Shelled Parasite and Fungi","floor":28,"turns":3},{"damage":0,"enemies":"3 Cultists","floor":30,"turns":3},{"damage":0,"enemies":"Slavers","floor":31,"turns":4},{"damage":7,"enemies":"Automaton","floor":33,"turns":6},{"damage":0,"enemies":"3 Shapes","floor":35,"turns":3},{"damage":0,"enemies":"3 Darklings","floor":37,"turns":3},{"damage":10,"enemies":"Nemesis","floor":40,"turns":3},{"damage":17,"enemies":"Spire Growth","floor":42,"turns":3},{"damage":10,"enemies":"Jaw Worm Horde","floor":44,"turns":3},{"damage":0,"enemies":"Reptomancer","floor":46,"turns":3},{"damage":2,"enemies":"3 Darklings","floor":47,"turns":3},{"damage":12,"enemies":"Time Eater","floor":50,"turns":7},{"damage":15,"enemies":"Shield and Spear","floor":54,"turns":5},{"damage":69,"enemies":"The Heart","floor":55,"turns":3}],"seed_played":"-8058732310521769445","potions_obtained":[{"floor":1,"key":"SteroidPotion"},{"floor":6,"key":"Swift Potion"},{"floor":8,"key":"GhostInAJar"},{"floor":14,"key":"EssenceOfSteel"},{"floor":18,"key":"SteroidPotion"},{"floor":23,"key":"FairyPotion"},{"floor":25,"key":"SkillPotion"},{"floor":30,"key":"PowerPotion"},{"floor":35,"key":"EssenceOfSteel"},{"floor":44,"key":"SkillPotion"},{"floor":46,"key":"Fire Potion"},{"floor":47,"key":"EssenceOfSteel"}],"is_trial":false,"path_per_floor":["M","M","$","?","T","E","?","E","T","R","M","R","M","E","R","B",null,"M","$","M","$","M","E","R","E","T","E","M","R","M","E","R","B",null,"M","?","M","$","T","E","R","M","T","M","$","E","M","?","R","B",null,"R","$","E","B"],"character_chosen":"THE_SILENT","items_purchased":["Terror","TwistedFunnel","Vajra","Matryoshka","Catalyst","AttackPotion","Strength Potion"],"campfire_rested":6,"item_purchase_floors":[3,19,19,38,38,45,53],"current_hp_per_floor":[59,59,59,59,59,27,27,8,8,44,44,44,44,38,38,25,59,37,37,37,37,33,33,69,62,62,64,64,64,66,68,70,63,68,70,70,70,70,76,66,76,59,65,57,57,59,59,49,82,70,79,82,82,67,0],"gold":74,"neow_bonus":"TRANSFORM_CARD","is_prod":false,"is_daily":false,"chose_seed":false,"campfire_upgraded":2,"win_rate":0,"timestamp":1552494968,"path_taken":["M","M","$","?","?","E","?","E","T","R","M","R","M","E","R","BOSS","M","$","?","?","M","E","R","E","T","E","M","R","M","E","R","BOSS","M","?","M","$","?","E","R","M","T","M","$","E","M","?","R","BOSS","R","$","E","BOSS"],"build_version":"2019-01-23","purchased_purges":2,"victory":false,"max_hp_per_floor":[70,70,70,70,70,70,70,70,70,70,70,70,70,70,70,70,70,70,70,70,70,70,70,70,70,70,70,70,70,70,70,70,70,70,70,70,70,70,76,76,76,76,82,82,82,82,82,82,82,82,82,82,82,82,82],"card_choices":[{"not_picked":["Slice","Dagger Throw"],"picked":"Well Laid Plans","floor":1},{"not_picked":["Caltrops","Prepared"],"picked":"Poisoned Stab","floor":2},{"not_picked":["Backflip","Eviscerate","Tactician"],"picked":"SKIP","floor":6},{"not_picked":["Terror","Choke"],"picked":"Sucker Punch","floor":8},{"not_picked":["Flying Knee","Outmaneuver"],"picked":"Leg Sweep","floor":11},{"not_picked":["Catalyst","Deflect"],"picked":"Flying Knee","floor":13},{"not_picked":["Masterful Stab","Deadly Poison"],"picked":"Dagger Throw","floor":14},{"not_picked":["Phantasmal Killer","Venomology"],"picked":"Die Die Die","floor":16},{"not_picked":["Flying Knee","Sucker Punch"],"picked":"Backflip+1","floor":18},{"not_picked":["Poisoned Stab","Bouncing Flask","Deadly Poison+1"],"picked":"SKIP","floor":20},{"not_picked":["Prepared","Riddle With Holes"],"picked":"Catalyst","floor":22},{"not_picked":["Dodge and Roll","A Thousand Cuts"],"picked":"Catalyst+1","floor":23},{"not_picked":["Flying Knee","Blade Dance"],"picked":"Noxious Fumes","floor":25},{"not_picked":["Bouncing Flask","Flying Knee","Acrobatics"],"picked":"SKIP","floor":27},{"not_picked":["Backflip","Underhanded Strike"],"picked":"PiercingWail","floor":28},{"not_picked":["Underhanded Strike","Skewer","Accuracy+1"],"picked":"SKIP","floor":30},{"not_picked":["Masterful Stab","Flying Knee"],"picked":"Catalyst","floor":31},{"not_picked":["Tools of the Trade","Unload"],"picked":"Wraith Form v2","floor":33},{"not_picked":["Cloak And Dagger+1","Quick Slash","Dodge and Roll"],"picked":"SKIP","floor":35},{"not_picked":["Outmaneuver","Blade Dance"],"picked":"Acrobatics+1","floor":37},{"not_picked":["Bane+1","PiercingWail"],"picked":"Malaise","floor":40},{"not_picked":["Well Laid Plans","Tactician","Deflect+1"],"picked":"SKIP","floor":42},{"not_picked":["Flechettes","Deadly Poison","Eviscerate"],"picked":"Prepared+1","floor":44},{"not_picked":["Escape Plan+1","Cloak And Dagger","Calculated Gamble+1"],"picked":"Backflip","floor":46},{"not_picked":["Cloak And Dagger","Underhanded Strike","Acrobatics+1"],"picked":"Poisoned Stab","floor":47},{"not_picked":["Transmutation","Bandage Up","Finesse"],"picked":"Apotheosis","floor":48},{"not_picked":["Distraction","Acrobatics","Expertise"],"picked":"PiercingWail","floor":54}],"player_experience":589232,"relics_obtained":[{"floor":5,"key":"Regal Pillow"},{"floor":6,"key":"Gremlin Horn"},{"floor":8,"key":"The Specimen"},{"floor":9,"key":"Ninja Scroll"},{"floor":14,"key":"Incense Burner"},{"floor":23,"key":"Blood Vial"},{"floor":25,"key":"Whetstone"},{"floor":27,"key":"Darkstone Periapt"},{"floor":31,"key":"Du-Vu Doll"},{"floor":39,"key":"Art of War"},{"floor":39,"key":"Potion Belt"},{"floor":40,"key":"Unceasing Top"},{"floor":43,"key":"PreservedInsect"},{"floor":43,"key":"Question Card"},{"floor":46,"key":"Mercury Hourglass"},{"floor":54,"key":"Kunai"}],"event_choices":[{"damage_healed":0,"gold_gain":0,"player_choice":"Leave","damage_taken":0,"max_hp_gain":0,"max_hp_loss":0,"event_name":"The Cleric","floor":4,"gold_loss":0},{"damage_healed":0,"gold_gain":0,"player_choice":"Upgraded","damage_taken":0,"max_hp_gain":0,"max_hp_loss":0,"event_name":"Upgrade Shrine","floor":7,"gold_loss":0,"cards_upgraded":["Noxious Fumes"]},{"damage_healed":0,"gold_gain":0,"cards_transformed":["Strike_G"],"player_choice":"Transformed","damage_taken":0,"max_hp_gain":0,"max_hp_loss":0,"event_name":"Transmorgrifier","floor":36,"gold_loss":0,"cards_obtained":["Quick Slash"]},{"damage_healed":0,"gold_gain":0,"player_choice":"Memory 3","damage_taken":10,"max_hp_gain":0,"max_hp_loss":0,"event_name":"SensoryStone","floor":48,"gold_loss":0}],"is_beta":false,"boss_relics":[{"not_picked":["Tiny House","White Beast Statue"],"picked":"Fusion Hammer"},{"not_picked":["Busted Crown","Ring of the Serpent"],"picked":"Cursed Key"}],"items_purged_floors":[3,45],"is_endless":false,"potions_floor_spawned":[1,6,8,14,18,23,25,30,35,44,46,47],"killed_by":"The Heart","ascension_level":12}