{"gold_per_floor":[112,131,146,33,50,50,62,62,62,77,77,104,63,80,80,182,182,200,115,134,14,14],"floor_reached":22,"playtime":4823,"items_purged":["Strike_B"],"score":273,"play_id":"62a4a78b-a4f5-4a8c-a20d-e4a0f74a4679","local_time":"20190327114550","is_ascension_mode":true,"campfire_choices":[{"data":"Go for the Eyes","floor":6,"key":"SMITH"},{"floor":8,"key":"REST"},{"data":"Static Discharge","floor":11,"key":"SMITH"},{"floor":15,"key":"REST"}],"neow_cost":"NONE","seed_source_timestamp":0,"circlet_count":0,"master_deck":["Strike_B","Strike_B","Strike_B","Defend_B","Defend_B","Defend_B","Defend_B","Zap","Dualcast","Genetic Algorithm","Go for the Eyes+1","Defragment","Static Discharge+1","Ball Lightning","Amplify","FTL+1","Stack","Cold Snap"],"special_seed":0,"relics":["Black Star","Potion Belt","Orichalcum","Shuriken","Nuclear Battery","Girya"],"potions_floor_usage":[7,14,16],"damage_taken":[{"damage":3.0,"enemies":"Jaw Worm","floor":1.0,"turns":5.0},{"damage":0.0,"enemies":"2 Louse","floor":2.0,"turns":5.0},{"damage":1.0,"enemies":"Cultist","floor":3.0,"turns":4.0},{"damage":1.0,"enemies":"Looter","floor":5.0,"turns":4.0},{"damage":47,"enemies":"Gremlin Gang","floor":7,"turns":6},{"damage":2,"enemies":"Blue Slaver","floor":10,"turns":4},{"damage":32,"enemies":"Lagavulin","floor":12,"turns":7},{"damage":2,"enemies":"Exordium Thugs","floor":14,"turns":4},{"damage":21,"enemies":"Hexaghost","floor":16,"turns":8},{"damage":35,"enemies":"2 Thieves","floor":18,"turns":4},{"damage":21,"enemies":"Spheric Guardian","floor":20,"turns":3},{"damage":6,"enemies":"Centurion and Healer","floor":22,"turns":2}],"seed_played":"7767907637649543077","potions_obtained":[{"floor":1.0,"key":"Swift Potion"},{"floor":5.0,"key":"Ancient Potion"},{"floor":7,"key":"SteroidPotion"},{"floor":12,"key":"Explosive Potion"},{"floor":16,"key":"GamblersBrew"}],"is_trial":false,"path_per_floor":["M","M","M","$","M","R","M","R","T","M","R","E","?","M","R","B",null,"M","?","M","$","M"],"character_chosen":"DEFECT","items_purchased":["Defragment","Cold Snap","EssenceOfSteel"],"campfire_rested":2,"item_purchase_floors":[4,21,21],"current_hp_per_floor":[65,65,64,64,63,63,16,38,38,36,36,4,4,2,24,3,57,22,22,1,1,0],"gold":14,"neow_bonus":"BOSS_RELIC","is_prod":false,"is_daily":false,"chose_seed":false,"campfire_upgraded":2,"win_rate":0,"timestamp":1553687150,"path_taken":["M","M","M","$","M","R","M","R","T","M","R","E","?","M","R","BOSS","M","?","M","$","M"],"build_version":"2019-01-23","purchased_purges":1,"victory":false,"max_hp_per_floor":[75,75,75,75,75,75,75,75,75,75,75,75,75,75,75,75,75,75,75,75,75,75],"card_choices":[{"not_picked":["Conserve Battery","Barrage"],"picked":"Genetic Algorithm","floor":1.0},{"not_picked":["Leap","Loop"],"picked":"Go for the Eyes","floor":2.0},{"not_picked":["Leap","Reinforced Body","Lockon"],"picked":"SKIP","floor":3.0},{"not_picked":["Steam","Leap","Gash"],"picked":"SKIP","floor":5.0},{"not_picked":["Creative AI","Recycle"],"picked":"Static Discharge","floor":7},{"not_picked":["Leap","Beam Cell","Capacitor"],"picked":"SKIP","floor":10},{"not_picked":["Steam","Genetic Algorithm","Streamline"],"picked":"SKIP","floor":12},{"not_picked":["Streamline","Steam Power"],"picked":"Ball Lightning","floor":14},{"not_picked":["Multi-Cast","Hyperbeam"],"picked":"Amplify","floor":16},{"not_picked":["Compile Driver+1","Hello World"],"picked":"FTL+1","floor":18},{"not_picked":["Sunder","Gash"],"picked":"Stack","floor":20}],"player_experience":785286,"relics_obtained":[{"floor":9,"key":"Potion Belt"},{"floor":12,"key":"Orichalcum"},{"floor":12,"key":"Shuriken"}],"event_choices":[{"damage_healed":0,"gold_gain":0,"player_choice":"Left Gold","damage_taken":0,"max_hp_gain":0,"max_hp_loss":0,"event_name":"World of Goop","floor":13,"gold_loss":41},{"damage_healed":0,"gold_gain":0,"player_choice":"Obtained Relic","damage_taken":0,"relics_obtained":["Girya"],"max_hp_gain":0,"max_hp_loss":0,"event_name":"Addict","floor":19,"gold_loss":85}],"is_beta":false,"boss_relics":[{"not_picked":["Philosopher\u0027s Stone","Empty Cage"],"picked":"Nuclear Battery"}],"items_purged_floors":[4],"is_endless":false,"potions_floor_spawned":[1,5,7,12,16],"killed_by":"Centurion and Healer","ascension_level":9}