{"gold_per_floor":[114,114,114,133,4,37,37,78,101,122,138,179,179,53,53,143,143,167,167,192,215,2,2,26,26,52,52,83,83,107,138,138,234,234,255,1254,283,304,317,360,360,393,393,393,426,441,101,101,101,101],"floor_reached":51,"playtime":5213,"items_purged":["Injury","Normality"],"score":1544,"play_id":"08826ec3-8d04-4dab-b0af-294bc470c51a","local_time":"20190415092339","is_ascension_mode":true,"campfire_choices":[{"data":"Noxious Fumes","floor":13.0,"key":"SMITH"},{"data":"Wraith Form v2","floor":15.0,"key":"SMITH"},{"data":"Wraith Form v2","floor":23.0,"key":"SMITH"},{"floor":29.0,"key":"REST"},{"data":"Apotheosis","floor":32.0,"key":"SMITH"},{"data":"Envenom","floor":41,"key":"SMITH"},{"floor":49,"key":"REST"}],"neow_cost":"NONE","seed_source_timestamp":0,"circlet_count":0,"master_deck":["AscendersBane","Defend_G+1","Defend_G","Defend_G","Defend_G","Defend_G","Strike_G","Strike_G","Survivor","Neutralize","Leg Sweep","Die Die Die","Neutralize","Dagger Throw","Noxious Fumes+1","Wraith Form v2+1","PiercingWail","Cloak And Dagger","Footwork","Terror+1","Wraith Form v2+1","Dash+1","Apotheosis+1","Crippling Poison","Ghostly","Ghostly","Ghostly","Sucker Punch","Dagger Spray+1","Flechettes+1","Sucker Punch+1","Dodge and Roll","Normality","Bane","Noxious Fumes","Well Laid Plans+1","Dodge and Roll","Envenom+1","Adrenaline","Shame","Skewer+1","Pain"],"special_seed":0,"relics":["Ring of the Snake","NeowsBlessing","Golden Idol","Pen Nib","CultistMask","Paper Crane","Boot","Cursed Key","Nloth\u0027s Gift","Juzu Bracelet","Oddly Smooth Stone","Regal Pillow","Astrolabe","Happy Flower","Dream Catcher","HandDrill","Bottled Tornado","Shuriken","Question Card","War Paint","Mango","Turnip"],"potions_floor_usage":[40,40,50,50],"damage_taken":[{"damage":0.0,"enemies":"Jaw Worm","floor":1.0,"turns":1.0},{"damage":0.0,"enemies":"Cultist","floor":4.0,"turns":1.0},{"damage":0.0,"enemies":"Lagavulin","floor":6.0,"turns":1.0},{"damage":6.0,"enemies":"3 Sentries","floor":8.0,"turns":9.0},{"damage":0.0,"enemies":"Small Slimes","floor":10.0,"turns":3.0},{"damage":2.0,"enemies":"Blue Slaver","floor":11.0,"turns":4.0},{"damage":15.0,"enemies":"Lagavulin","floor":12.0,"turns":9.0},{"damage":45.0,"enemies":"Slime Boss","floor":16.0,"turns":11.0},{"damage":2.0,"enemies":"2 Thieves","floor":18.0,"turns":4.0},{"damage":13.0,"enemies":"Spheric Guardian","floor":20.0,"turns":7.0},{"damage":12.0,"enemies":"Shelled Parasite and Fungi","floor":21.0,"turns":7.0},{"damage":0.0,"enemies":"Snake Plant","floor":24.0,"turns":6.0},{"damage":21.0,"enemies":"Slavers","floor":28.0,"turns":5.0},{"damage":1.0,"enemies":"Centurion and Healer","floor":30.0,"turns":8.0},{"damage":6.0,"enemies":"Gremlin Leader","floor":31.0,"turns":7.0},{"damage":16.0,"enemies":"Champ","floor":33.0,"turns":19.0},{"damage":2.0,"enemies":"Orb Walker","floor":35.0,"turns":7.0},{"damage":0.0,"enemies":"3 Shapes","floor":38.0,"turns":9.0},{"damage":5.0,"enemies":"3 Darklings","floor":39.0,"turns":6.0},{"damage":7,"enemies":"Reptomancer","floor":40,"turns":7},{"damage":3,"enemies":"Nemesis","floor":42,"turns":9},{"damage":2,"enemies":"Giant Head","floor":45,"turns":9},{"damage":0,"enemies":"Spire Growth","floor":46,"turns":7},{"damage":21,"enemies":"Donu and Deca","floor":50,"turns":12}],"seed_played":"-9005892601693063080","potions_obtained":[{"floor":6.0,"key":"SteroidPotion"},{"floor":10.0,"key":"Ancient Potion"},{"floor":11.0,"key":"Regen Potion"},{"floor":16.0,"key":"Swift Potion"},{"floor":24.0,"key":"FearPotion"},{"floor":28.0,"key":"Regen Potion"},{"floor":30.0,"key":"Poison Potion"},{"floor":31.0,"key":"Poison Potion"},{"floor":33.0,"key":"Fruit Juice"},{"floor":39,"key":"FearPotion"},{"floor":40,"key":"Strength Potion"},{"floor":45,"key":"Fire Potion"}],"is_trial":false,"path_per_floor":["M","?","?","M","$","E","?","E","T","M","M","E","R","$","R","B",null,"M","?","M","M","$","R","M","?","T","?","E","R","M","E","R","B",null,"M","?","$","M","M","E","R","E","T","?","E","M","$","T","R","B",null],"character_chosen":"THE_SILENT","items_purchased":["PowerPotion","Footwork","Terror","Apotheosis","Malaise","Happy Flower","Dream Catcher","HandDrill","Regen Potion","Bane","Noxious Fumes","Mango"],"campfire_rested":2,"item_purchase_floors":[5,14,14,22,37,37,37,37,37,37,37,47],"current_hp_per_floor":[59,59,59,59,59,59,59,53,53,53,51,51,51,51,51,6,51,49,49,36,24,24,24,24,24,24,24,3,12,26,20,20,4,26,29,29,29,29,24,32,32,29,29,29,27,27,41,41,52,31],"gold":101,"neow_bonus":"THREE_ENEMY_KILL","is_prod":false,"is_daily":false,"chose_seed":false,"campfire_upgraded":5,"win_rate":0,"timestamp":1555316619,"path_taken":["M","?","?","?","$","E","?","E","T","?","M","E","R","$","R","BOSS","M","?","?","M","$","R","M","?","T","?","E","R","M","E","R","BOSS","M","?","$","M","M","E","R","E","T","?","E","M","?","?","R","BOSS"],"build_version":"2019-01-23","purchased_purges":2,"victory":true,"max_hp_per_floor":[66,66,66,66,66,66,66,66,66,66,66,66,66,66,66,66,66,66,66,66,66,66,66,66,33,33,33,33,33,33,33,33,33,33,38,38,38,38,38,38,38,38,38,38,38,38,52,52,52,52],"card_choices":[{"not_picked":["Deflect","Infinite Blades"],"picked":"Leg Sweep","floor":1.0},{"not_picked":["Blade Dance","Poisoned Stab"],"picked":"Dagger Throw","floor":4.0},{"not_picked":["Phantasmal Killer","Slice"],"picked":"Noxious Fumes","floor":6.0},{"not_picked":["Flying Knee","Riddle With Holes"],"picked":"Wraith Form v2","floor":8.0},{"not_picked":["Deflect","Blade Dance"],"picked":"PiercingWail","floor":10.0},{"not_picked":["Deflect","Leg Sweep","Acrobatics"],"picked":"SKIP","floor":11.0},{"not_picked":["Escape Plan","Accuracy"],"picked":"Cloak And Dagger","floor":12.0},{"not_picked":["Die Die Die","Grand Finale"],"picked":"Wraith Form v2","floor":16.0},{"not_picked":["Dagger Throw","Slice","Underhanded Strike"],"picked":"SKIP","floor":18.0},{"not_picked":["Slice","Dagger Throw","Dagger Spray"],"picked":"SKIP","floor":20.0},{"not_picked":["Bane","Finisher"],"picked":"Dash+1","floor":21.0},{"not_picked":["Acrobatics","Accuracy"],"picked":"Crippling Poison","floor":24.0},{"not_picked":["Die Die Die","Dagger Spray","Dagger Throw"],"picked":"SKIP","floor":28.0},{"not_picked":["Deadly Poison","Slice"],"picked":"Sucker Punch","floor":30.0},{"not_picked":["Flying Knee","Slice","Grand Finale"],"picked":"SKIP","floor":31.0},{"not_picked":["Flechettes","Dash"],"picked":"Dodge and Roll","floor":35.0},{"not_picked":["Acrobatics","Dagger Spray"],"picked":"Well Laid Plans+1","floor":38.0},{"not_picked":["Tactician","Prepared"],"picked":"Dodge and Roll","floor":39},{"not_picked":["Doppelganger","Deflect"],"picked":"Envenom","floor":40},{"not_picked":["Predator","Burst"],"picked":"Adrenaline","floor":42},{"not_picked":["Poisoned Stab","Dodge and Roll","Acrobatics","Escape Plan+1"],"picked":"SKIP","floor":45},{"not_picked":["Setup","Heel Hook+1","Bane"],"picked":"Skewer+1","floor":46}],"player_experience":1068393,"relics_obtained":[{"floor":6.0,"key":"Pen Nib"},{"floor":8.0,"key":"Paper Crane"},{"floor":9.0,"key":"Boot"},{"floor":12.0,"key":"Lantern"},{"floor":26.0,"key":"Juzu Bracelet"},{"floor":28.0,"key":"Oddly Smooth Stone"},{"floor":31.0,"key":"Regal Pillow"},{"floor":40,"key":"Bottled Tornado"},{"floor":42,"key":"Shuriken"},{"floor":43,"key":"Question Card"},{"floor":45,"key":"War Paint"},{"floor":48,"key":"Turnip"}],"event_choices":[{"damage_healed":0.0,"max_hp_gain":0.0,"max_hp_loss":0.0,"gold_gain":0.0,"event_name":"Golden Idol","player_choice":"Take Wound","floor":2.0,"gold_loss":0.0,"damage_taken":0.0,"relics_obtained":["Golden Idol"],"cards_obtained":["Injury"]},{"damage_healed":0.0,"max_hp_gain":0.0,"max_hp_loss":0.0,"gold_gain":0.0,"event_name":"Match and Keep!","player_choice":"2 cards matched","floor":3.0,"gold_loss":0.0,"damage_taken":0.0,"cards_obtained":["Die Die Die","Neutralize"]},{"damage_healed":0.0,"max_hp_gain":0.0,"max_hp_loss":0.0,"gold_gain":0.0,"event_name":"FaceTrader","player_choice":"Trade","floor":7.0,"gold_loss":0.0,"damage_taken":0.0,"relics_obtained":["CultistMask"]},{"damage_healed":0.0,"max_hp_gain":0.0,"max_hp_loss":0.0,"gold_gain":0.0,"event_name":"N\u0027loth","player_choice":"Traded Relic","floor":19.0,"relics_lost":["Lantern"],"gold_loss":0.0,"damage_taken":0.0,"relics_obtained":["Nloth\u0027s Gift"]},{"damage_healed":0.0,"max_hp_gain":0.0,"max_hp_loss":33.0,"gold_gain":0.0,"event_name":"Ghosts","player_choice":"Became a Ghost","floor":25.0,"gold_loss":0.0,"damage_taken":0.0,"cards_obtained":["Ghostly","Ghostly","Ghostly"]},{"cards_removed":["Doubt"],"damage_healed":0.0,"max_hp_gain":0.0,"max_hp_loss":0.0,"gold_gain":0.0,"event_name":"Fountain of Cleansing","player_choice":"Removed Curses","floor":27.0,"gold_loss":0.0,"damage_taken":0.0},{"damage_healed":0.0,"max_hp_gain":0.0,"max_hp_loss":0.0,"gold_gain":999.0,"event_name":"MindBloom","player_choice":"Gold","floor":36.0,"gold_loss":0.0,"damage_taken":0.0,"cards_obtained":["Normality","Normality"]},{"cards_removed":["Malaise"],"damage_healed":0,"gold_gain":0,"player_choice":"Removed Skill","damage_taken":0,"max_hp_gain":0,"max_hp_loss":0,"event_name":"Falling","floor":44,"gold_loss":0}],"is_beta":false,"boss_relics":[{"not_picked":["Eternal Feather","White Beast Statue"],"picked":"Cursed Key"},{"not_picked":["Snecko Eye","Runic Dome"],"picked":"Astrolabe"}],"items_purged_floors":[5,37],"is_endless":false,"potions_floor_spawned":[6,10,11,16,24,28,30,31,33,39,40,45],"ascension_level":19}