{"gold_per_floor":[15,90,102,102,114,141,141,10,10,10,45,59,74,74,74,204,204,223,223,236,161,76,116,116,159,233,233],"floor_reached":27,"playtime":2220,"items_purged":["Defend_R"],"score":259,"play_id":"4806e07e-49ba-4907-9db6-b729d176dcf3","local_time":"20190416123035","is_ascension_mode":false,"campfire_choices":[{"data":"Whirlwind","floor":7.0,"key":"SMITH"},{"data":"Uppercut","floor":10.0,"key":"SMITH"},{"floor":15,"key":"REST"},{"floor":24,"key":"REST"}],"neow_cost":"NO_GOLD","seed_source_timestamp":0,"circlet_count":0,"master_deck":["Strike_R","Strike_R","Defend_R","Defend_R","Defend_R","Bash","Metallicize","Whirlwind+1","Uppercut+1","Shrug It Off","Evolve","Iron Wave","Pommel Strike","Pommel Strike","Injury","Juggernaut","Iron Wave","Pommel Strike+1"],"special_seed":0,"relics":["Burning Blood","Bronze Scales","Ornamental Fan","Oddly Smooth Stone","Golden Idol","Lizard Tail","Meat on the Bone","Red Skull","Dead Branch","Toxic Egg 2","Kunai"],"potions_floor_usage":[23,23],"damage_taken":[{"damage":4.0,"enemies":"2 Louse","floor":1.0,"turns":3.0},{"damage":5.0,"enemies":"Jaw Worm","floor":3.0,"turns":5.0},{"damage":4.0,"enemies":"Cultist","floor":5.0,"turns":4.0},{"damage":42.0,"enemies":"Gremlin Nob","floor":6.0,"turns":5.0},{"damage":19.0,"enemies":"3 Sentries","floor":11.0,"turns":6.0},{"damage":0.0,"enemies":"2 Fungi Beasts","floor":12.0,"turns":3.0},{"damage":0.0,"enemies":"Blue Slaver","floor":13.0,"turns":4.0},{"damage":24,"enemies":"The Guardian","floor":16,"turns":12},{"damage":4,"enemies":"Chosen","floor":18,"turns":6},{"damage":34,"enemies":"Spheric Guardian","floor":20,"turns":6},{"damage":43,"enemies":"Slavers","floor":23,"turns":7},{"damage":75,"enemies":"Gremlin Leader","floor":25,"turns":8},{"damage":35,"enemies":"Book of Stabbing","floor":27,"turns":6}],"seed_played":"5786974262074174968","potions_obtained":[{"floor":5.0,"key":"GamblersBrew"},{"floor":6.0,"key":"EssenceOfSteel"},{"floor":12.0,"key":"SpeedPotion"},{"floor":20,"key":"Explosive Potion"},{"floor":25,"key":"Dexterity Potion"}],"is_trial":false,"path_per_floor":["M","?","M","?","M","E","R","$","T","R","E","M","M","?","R","B",null,"M","?","M","$","?","E","R","E","T","E"],"character_chosen":"IRONCLAD","items_purchased":["Evolve","Iron Wave"],"campfire_rested":2,"item_purchase_floors":[8,8],"current_hp_per_floor":[80,69,70,70,72,36,36,36,36,36,23,29,35,35,59,41,80,80,80,52,52,52,27,51,34,34,0],"gold":233,"neow_bonus":"TRANSFORM_TWO_CARDS","is_prod":false,"is_daily":false,"chose_seed":false,"campfire_upgraded":2,"win_rate":0.0,"timestamp":1555443035,"path_taken":["M","?","M","?","M","E","R","$","T","R","E","?","M","?","R","BOSS","M","?","M","$","?","E","R","E","T","E"],"build_version":"2019-01-23","purchased_purges":1,"victory":false,"max_hp_per_floor":[80,80,80,80,80,80,80,80,80,80,80,80,80,80,80,80,80,80,80,80,80,80,80,80,80,80,80],"card_choices":[{"not_picked":["Perfected Strike","Flex"],"picked":"Uppercut","floor":1.0},{"not_picked":["Body Slam","Blood for Blood","Wild Strike"],"picked":"SKIP","floor":3.0},{"not_picked":["Twin Strike","Clash"],"picked":"Shrug It Off","floor":5.0},{"not_picked":["Clothesline","Offering","Havoc"],"picked":"SKIP","floor":6.0},{"not_picked":["Flame Barrier","Sword Boomerang"],"picked":"Pommel Strike","floor":11.0},{"not_picked":["Havoc","Evolve","Entrench"],"picked":"SKIP","floor":12.0},{"not_picked":["Shrug It Off","Sword Boomerang"],"picked":"Pommel Strike","floor":13.0},{"not_picked":["Fiend Fire","Demon Form"],"picked":"Juggernaut","floor":16},{"not_picked":["True Grit","Spot Weakness"],"picked":"Iron Wave","floor":18},{"not_picked":["Sword Boomerang+1","Clothesline"],"picked":"Pommel Strike+1","floor":20},{"not_picked":["Shockwave","Headbutt","Clothesline"],"picked":"SKIP","floor":23},{"not_picked":["Sever Soul+1","Clothesline+1","Dropkick"],"picked":"SKIP","floor":25}],"player_experience":76641,"relics_obtained":[{"floor":6.0,"key":"Bronze Scales"},{"floor":9.0,"key":"Ornamental Fan"},{"floor":11.0,"key":"Oddly Smooth Stone"},{"floor":23,"key":"Dead Branch"},{"floor":25,"key":"Toxic Egg 2"},{"floor":26,"key":"Kunai"}],"event_choices":[{"damage_healed":0.0,"max_hp_gain":0.0,"max_hp_loss":0.0,"gold_gain":75.0,"event_name":"World of Goop","player_choice":"Gather Gold","floor":2.0,"gold_loss":0.0,"damage_taken":11.0},{"cards_removed":["Strike_R"],"damage_healed":0.0,"max_hp_gain":0.0,"max_hp_loss":0.0,"gold_gain":0.0,"event_name":"Purifier","player_choice":"Purged","floor":4.0,"gold_loss":0.0,"damage_taken":0.0},{"damage_healed":0.0,"max_hp_gain":0.0,"max_hp_loss":0.0,"gold_gain":0.0,"event_name":"Golden Idol","player_choice":"Take Wound","floor":14.0,"gold_loss":0.0,"damage_taken":0.0,"relics_obtained":["Golden Idol"],"cards_obtained":["Injury"]},{"damage_healed":0,"gold_gain":0,"player_choice":"Opened","damage_taken":0,"relics_obtained":["Meat on the Bone"],"max_hp_gain":0,"max_hp_loss":0,"event_name":"The Mausoleum","floor":19,"gold_loss":0},{"damage_healed":0,"gold_gain":0,"player_choice":"Obtained Relic","damage_taken":0,"relics_obtained":["Red Skull"],"max_hp_gain":0,"max_hp_loss":0,"event_name":"Addict","floor":22,"gold_loss":85}],"is_beta":false,"boss_relics":[{"not_picked":["White Beast Statue","Runic Cube"],"picked":"Lizard Tail"}],"items_purged_floors":[21],"is_endless":false,"potions_floor_spawned":[5,6,12,18,20,25],"killed_by":"Book of Stabbing","ascension_level":0}