{"gold_per_floor":[15,15,15,190,140,140,175,175,200,200,220,220,3,19,19,93,93,103,103,103,116,135,135,155,155],"floor_reached":25,"playtime":599,"items_purged":["Parasite"],"score":338,"play_id":"cc2ef720-b947-427d-a228-bafa2a8524c1","local_time":"20181022080606","is_ascension_mode":true,"campfire_choices":[{"data":"Demon Form","floor":6,"key":"SMITH"},{"data":"Strike_R","floor":8,"key":"PURGE"},{"data":"True Grit","floor":15,"key":"SMITH"},{"floor":23,"key":"REST"}],"neow_cost":"NO_GOLD","seed_source_timestamp":1001272663138322,"circlet_count":0,"master_deck":["Strike_R","Strike_R","Strike_R","Strike_R","Defend_R","Defend_R","Defend_R","Defend_R","Bash","AscendersBane","Flex","Demon Form+1","Shockwave+1","Headbutt","Burning Pact","Sentinel","True Grit+1","Immolate","Twin Strike","Decay","Sentinel","Thunderclap","Pommel Strike"],"relics":["Burning Blood","Incense Burner","Peace Pipe","Pen Nib","White Beast Statue"],"potions_floor_usage":[16,18,22,24,25],"damage_taken":[{"damage":8,"enemies":"Jaw Worm","floor":1,"turns":4},{"damage":31,"enemies":"Gremlin Nob","floor":7,"turns":5},{"damage":5,"enemies":"Cultist","floor":11,"turns":4},{"damage":10,"enemies":"Small Slimes","floor":14,"turns":4},{"damage":30,"enemies":"Slime Boss","floor":16,"turns":11},{"damage":31,"enemies":"Spheric Guardian","floor":18,"turns":5},{"damage":9,"enemies":"3 Byrds","floor":21,"turns":5},{"damage":30,"enemies":"Centurion and Healer","floor":22,"turns":5},{"damage":24,"enemies":"Snake Plant","floor":24,"turns":4},{"damage":40,"enemies":"Book of Stabbing","floor":25,"turns":4}],"seed_played":"4963745711745911686","potions_obtained":[{"floor":7,"key":"GamblersBrew"},{"floor":16,"key":"FearPotion"},{"floor":18,"key":"Fire Potion"},{"floor":21,"key":"GamblersBrew"},{"floor":22,"key":"GamblersBrew"},{"floor":24,"key":"SteroidPotion"}],"is_trial":false,"path_per_floor":["M","?","$","?","?","R","E","R","T","?","M","?","$","M","R","B",null,"M","?","?","M","M","R","M"],"character_chosen":"IRONCLAD","items_purchased":["Burning Pact","Sentinel"],"campfire_rested":1,"item_purchase_floors":[13,13],"current_hp_per_floor":[66,66,66,66,66,66,41,41,41,59,60,60,60,56,56,32,62,37,61,61,58,34,55,37,0],"gold":155,"neow_bonus":"ONE_RARE_RELIC","is_prod":false,"is_daily":false,"chose_seed":false,"campfire_upgraded":2,"win_rate":0,"timestamp":1540220766,"path_taken":["M","?","$","?","?","R","E","R","T","?","?","?","$","M","R","BOSS","M","?","?","?","?","R","M","E"],"build_version":"2018-10-18","purchased_purges":1,"victory":false,"max_hp_per_floor":[75,75,75,75,75,75,75,75,75,75,75,75,72,72,72,72,72,72,72,72,72,72,72,72,72],"card_choices":[{"not_picked":["Armaments","Body Slam"],"picked":"Flex","floor":1},{"not_picked":["Warcry","Entrench"],"picked":"Shockwave","floor":7},{"not_picked":["Wild Strike","Reckless Charge"],"picked":"Headbutt","floor":11},{"not_picked":["Armaments","Power Through"],"picked":"True Grit","floor":14},{"not_picked":["Exhume","Impervious"],"picked":"Immolate","floor":16},{"not_picked":["Rage+1","Entrench"],"picked":"Twin Strike","floor":18},{"not_picked":["Perfected Strike","Twin Strike"],"picked":"Sentinel","floor":21},{"not_picked":["Shrug It Off","Havoc+1"],"picked":"Thunderclap","floor":22},{"not_picked":["Perfected Strike","True Grit"],"picked":"Pommel Strike","floor":24}],"player_experience":611260,"relics_obtained":[{"floor":7,"key":"Peace Pipe"},{"floor":9,"key":"Pen Nib"}],"event_choices":[{"damage_healed":0,"gold_gain":0,"player_choice":"1 cards matched","damage_taken":0,"max_hp_gain":0,"max_hp_loss":0,"event_name":"Match and Keep!","floor":2,"gold_loss":0,"cards_obtained":["Demon Form"]},{"damage_healed":0,"gold_gain":175,"player_choice":"AGREE","damage_taken":0,"max_hp_gain":0,"max_hp_loss":0,"event_name":"Liars Game","floor":4,"gold_loss":0,"cards_obtained":["Doubt"]},{"cards_removed":["Doubt"],"damage_healed":0,"gold_gain":0,"player_choice":"Card Removal","damage_taken":0,"max_hp_gain":0,"max_hp_loss":0,"event_name":"The Cleric","floor":5,"gold_loss":50},{"damage_healed":18,"gold_gain":0,"player_choice":"Healed and dodged fight","damage_taken":0,"max_hp_gain":0,"max_hp_loss":0,"event_name":"Mushrooms","floor":10,"gold_loss":0,"cards_obtained":["Parasite"]},{"damage_healed":0,"gold_gain":0,"player_choice":"Grow","damage_taken":0,"max_hp_gain":0,"max_hp_loss":0,"event_name":"Living Wall","floor":12,"gold_loss":0,"cards_upgraded":["Shockwave"]},{"damage_healed":24,"gold_gain":0,"player_choice":"Heal","damage_taken":0,"max_hp_gain":0,"max_hp_loss":0,"event_name":"The Library","floor":19,"gold_loss":0},{"damage_healed":0,"gold_gain":0,"player_choice":"Smashed Altar","damage_taken":0,"max_hp_gain":0,"max_hp_loss":0,"event_name":"Forgotten Altar","floor":20,"gold_loss":0,"cards_obtained":["Decay"]}],"is_beta":false,"boss_relics":[{"not_picked":["Astrolabe","Fusion Hammer"],"picked":"White Beast Statue"}],"items_purged_floors":[13],"is_endless":false,"potions_floor_spawned":[7,16,18,21,22,24],"killed_by":"Book of Stabbing","ascension_level":14}