{"gold_per_floor":[117,134,144,99,118,150,150,175,175,185,185,216,232,37,37,132,132,149,149,167,20,40,70,70,90,114,130,130,163,88,108,108,209,209,227,243,86,0,0,11,11],"floor_reached":41,"playtime":2239,"items_purged":["Body Slam"],"score":478,"play_id":"cf676d81-4717-4ae3-8174-d1d3aadabfbd","local_time":"20190416004135","is_ascension_mode":true,"campfire_choices":[{"data":"Wild Strike","floor":7,"key":"SMITH"},{"floor":11,"key":"REST"},{"data":"Searing Blow","floor":15,"key":"SMITH"},{"floor":24,"key":"REST"},{"floor":32,"key":"REST"}],"neow_cost":"NONE","seed_source_timestamp":442715771448300,"circlet_count":0,"master_deck":["Strike_R","Strike_R","Strike_R","Strike_R","Strike_R","Defend_R","Defend_R","Defend_R","Defend_R","Bash","Thunderclap","Iron Wave","Wild Strike+1","Perfected Strike","Sentinel","Infernal Blade","Flex","Searing Blow+1","Clash","Shrug It Off","Juggernaut","Perfected Strike+1","Blood for Blood+1","Carnage+1","Shrug It Off","Pommel Strike","Headbutt+1","Rage+1","Thunderclap+1","Flame Barrier","Cleave+1"],"relics":["Black Blood","Incense Burner","Centennial Puzzle","Question Card","Nunchaku","Lantern","Happy Flower","Pantograph","Strawberry","Ancient Tea Set","Black Star","Bronze Scales","Red Mask"],"potions_floor_usage":[6,6,6,8,10,16,20,23,23,31,33,33,41],"damage_taken":[{"damage":15,"enemies":"Cultist","floor":1,"turns":4},{"damage":1,"enemies":"Jaw Worm","floor":2,"turns":3},{"damage":0,"enemies":"Small Slimes","floor":3,"turns":3},{"damage":13,"enemies":"Exordium Wildlife","floor":5,"turns":5},{"damage":13,"enemies":"Lagavulin","floor":6,"turns":5},{"damage":21,"enemies":"3 Sentries","floor":8,"turns":8},{"damage":6,"enemies":"Exordium Thugs","floor":10,"turns":4},{"damage":21,"enemies":"Lagavulin","floor":12,"turns":5},{"damage":0,"enemies":"3 Louse","floor":13,"turns":1},{"damage":22,"enemies":"Slime Boss","floor":16,"turns":11},{"damage":32,"enemies":"Shell Parasite","floor":18,"turns":7},{"damage":16,"enemies":"Chosen","floor":20,"turns":5},{"damage":36,"enemies":"3 Cultists","floor":22,"turns":6},{"damage":28,"enemies":"Book of Stabbing","floor":23,"turns":5},{"damage":0,"enemies":"Snake Plant","floor":25,"turns":2},{"damage":21,"enemies":"Shelled Parasite and Fungi","floor":27,"turns":6},{"damage":35,"enemies":"Colosseum Slavers","floor":28,"turns":5},{"damage":8,"enemies":"Slavers","floor":29,"turns":3},{"damage":16,"enemies":"3 Cultists","floor":31,"turns":4},{"damage":76,"enemies":"Collector","floor":33,"turns":7},{"damage":10,"enemies":"3 Shapes","floor":35,"turns":2},{"damage":15,"enemies":"Orb Walker","floor":36,"turns":2},{"damage":25,"enemies":"3 Darklings","floor":40,"turns":4},{"damage":84,"enemies":"Giant Head","floor":41,"turns":7}],"seed_played":"1316907017882354716","potions_obtained":[{"floor":0,"key":"AttackPotion"},{"floor":0,"key":"SpeedPotion"},{"floor":0,"key":"Block Potion"},{"floor":5,"key":"PowerPotion"},{"floor":6,"key":"Fire Potion"},{"floor":8,"key":"Energy Potion"},{"floor":12,"key":"SteroidPotion"},{"floor":19,"key":"SteroidPotion"},{"floor":19,"key":"Regen Potion"},{"floor":19,"key":"FearPotion"},{"floor":22,"key":"BloodPotion"},{"floor":25,"key":"SpeedPotion"},{"floor":27,"key":"EssenceOfSteel"},{"floor":29,"key":"PowerPotion"},{"floor":33,"key":"GamblersBrew"},{"floor":40,"key":"PowerPotion"}],"is_trial":false,"path_per_floor":["M","M","M","$","M","E","R","E","T","M","R","E","M","$","R","B",null,"M","?","M","$","M","E","R","M","T","M","?","E","$","M","R","B",null,"M","M","$","?","?","M","E"],"character_chosen":"IRONCLAD","items_purchased":["Perfected Strike","Lantern","Shrug It Off","Happy Flower","Bronze Scales"],"campfire_rested":3,"item_purchase_floors":[4,14,14,21,37],"current_hp_per_floor":[71,76,80,80,73,66,66,51,51,51,75,60,66,66,66,50,80,58,58,66,66,40,30,54,64,71,60,35,37,37,31,57,16,87,87,82,82,82,87,72,0],"gold":11,"neow_bonus":"THREE_SMALL_POTIONS","is_prod":false,"is_daily":false,"chose_seed":false,"campfire_upgraded":2,"win_rate":0,"timestamp":1555389695,"path_taken":["M","M","M","?","?","E","R","E","T","M","R","E","M","$","R","BOSS","M","?","?","$","M","E","R","?","T","M","?","E","?","M","R","BOSS","M","M","$","?","?","M","E"],"build_version":"2019-01-23","purchased_purges":1,"victory":false,"max_hp_per_floor":[80,80,80,80,80,80,80,80,80,80,80,80,80,80,80,80,80,80,80,80,80,80,80,80,80,87,87,87,87,87,87,87,87,87,87,87,87,87,87,87,87],"card_choices":[{"not_picked":["Intimidate","Rupture"],"picked":"Thunderclap","floor":1},{"not_picked":["Twin Strike","Burning Pact"],"picked":"Iron Wave","floor":2},{"not_picked":["Exhume","Anger"],"picked":"Wild Strike","floor":3},{"not_picked":["Perfected Strike","Seeing Red"],"picked":"Sentinel","floor":5},{"not_picked":["Blood for Blood","Heavy Blade"],"picked":"Body Slam","floor":6},{"not_picked":["Sword Boomerang","Blood for Blood"],"picked":"Infernal Blade","floor":8},{"not_picked":["Sword Boomerang","Dropkick","Warcry"],"picked":"Flex","floor":10},{"not_picked":["Entrench","Berserk","Dual Wield"],"picked":"Searing Blow","floor":12},{"not_picked":["Twin Strike","Flex","Intimidate"],"picked":"Clash","floor":13},{"not_picked":["Reaper","Brutality","Fiend Fire"],"picked":"Juggernaut","floor":16},{"not_picked":["Flex","Headbutt","Ghostly Armor"],"picked":"Perfected Strike+1","floor":18},{"not_picked":["Twin Strike","Thunderclap","Headbutt"],"picked":"Blood for Blood+1","floor":20},{"not_picked":["Wild Strike","Shrug It Off","Battle Trance+1"],"picked":"Carnage+1","floor":22},{"not_picked":["Bludgeon","Heavy Blade","Sever Soul"],"picked":"Shrug It Off","floor":23},{"not_picked":["Perfected Strike+1","Shrug It Off","Evolve"],"picked":"Pommel Strike","floor":25},{"not_picked":["Metallicize","Evolve","Reckless Charge"],"picked":"Headbutt+1","floor":27},{"not_picked":["Havoc","Sword Boomerang","Reaper"],"picked":"Thunderclap+1","floor":29},{"not_picked":["Wild Strike","Blood for Blood","Iron Wave"],"picked":"Rage+1","floor":31},{"not_picked":["Cleave","Clash","Heavy Blade"],"picked":"Thunderclap+1","floor":35},{"not_picked":["Thunderclap","Warcry","Feel No Pain"],"picked":"Flame Barrier","floor":36},{"not_picked":["Burning Pact","Headbutt+1","Feed"],"picked":"Cleave+1","floor":40}],"player_experience":192797,"relics_obtained":[{"floor":6,"key":"Incense Burner"},{"floor":8,"key":"Centennial Puzzle"},{"floor":9,"key":"Question Card"},{"floor":12,"key":"Nunchaku"},{"floor":23,"key":"Pantograph"},{"floor":26,"key":"Strawberry"},{"floor":29,"key":"Ancient Tea Set"}],"event_choices":[{"damage_healed":0,"gold_gain":0,"player_choice":"Got Potions","damage_taken":0,"max_hp_gain":0,"max_hp_loss":0,"event_name":"Lab","floor":19,"gold_loss":0},{"damage_healed":0,"gold_gain":0,"player_choice":"Fight","damage_taken":0,"max_hp_gain":0,"max_hp_loss":0,"event_name":"Colosseum","floor":28,"gold_loss":0},{"damage_healed":0,"gold_gain":0,"player_choice":"Fled From Nobs","damage_taken":0,"max_hp_gain":0,"max_hp_loss":0,"event_name":"Colosseum","floor":28,"gold_loss":0},{"damage_healed":0,"gold_gain":0,"player_choice":"Paid","damage_taken":0,"relics_obtained":["Red Mask"],"max_hp_gain":0,"max_hp_loss":0,"event_name":"Tomb of Lord Red Mask","floor":38,"gold_loss":86},{"cards_removed":["Thunderclap"],"damage_healed":5,"gold_gain":0,"player_choice":"Offered Common","damage_taken":0,"max_hp_gain":0,"max_hp_loss":0,"event_name":"Bonfire Elementals","floor":39,"gold_loss":0},{"cards_removed":["Thunderclap"],"damage_healed":5,"gold_gain":0,"player_choice":"Offered Special","damage_taken":0,"max_hp_gain":0,"max_hp_loss":0,"event_name":"Bonfire Elementals","floor":39,"gold_loss":0}],"is_beta":false,"boss_relics":[{"not_picked":["Runic Pyramid","Pandora\u0027s Box"],"picked":"Black Blood"},{"not_picked":["Cursed Key","Calling Bell"],"picked":"Black Star"}],"items_purged_floors":[30],"is_endless":false,"potions_floor_spawned":[5,6,8,12,22,25,27,29,33,40],"killed_by":"Giant Head","ascension_level":1}