{"gold_per_floor":[114,127,147,37,53,86,86,103,103,133,103,103,117,117,117,212,212,229,229,504,14,26,26,39,39,39,39,57,57,74,92,92,92],"floor_reached":33,"playtime":1660,"items_purged":["Shame","Regret"],"score":414,"play_id":"9fcecef2-78c6-4306-a643-ec84fe0b3a18","local_time":"20190309215715","is_ascension_mode":true,"campfire_choices":[{"floor":7,"key":"REST"},{"floor":15,"key":"REST"},{"data":"Uppercut","floor":23,"key":"SMITH"},{"floor":25,"key":"REST"},{"data":"Rampage","floor":29,"key":"SMITH"},{"floor":32,"key":"REST"}],"neow_cost":"CURSE","seed_source_timestamp":459986485506050,"circlet_count":0,"master_deck":["AscendersBane","Strike_R","Strike_R","Strike_R","Strike_R","Strike_R","Defend_R","Defend_R","Defend_R","Defend_R","Bash","Demon Form+1","Pommel Strike","Metallicize","Twin Strike","Feel No Pain","Cleave","Bludgeon","Clothesline","Headbutt","Impervious","Uppercut+1","Rampage+1","Shrug It Off","Twin Strike+1","Immolate","Thunderclap+1"],"relics":["Burning Blood","Smiling Mask","Ornamental Fan","Dodecahedron","Sozu","Enchiridion","Lee\u0027s Waffle","Frozen Egg 2","Juzu Bracelet"],"potions_floor_usage":[5,11,16],"damage_taken":[{"damage":7,"enemies":"Small Slimes","floor":1,"turns":4},{"damage":3,"enemies":"2 Louse","floor":2,"turns":3},{"damage":15,"enemies":"Jaw Worm","floor":3,"turns":5},{"damage":29,"enemies":"Exordium Thugs","floor":5,"turns":5},{"damage":24,"enemies":"Lagavulin","floor":6,"turns":7},{"damage":12,"enemies":"Large Slime","floor":8,"turns":3},{"damage":25,"enemies":"3 Sentries","floor":10,"turns":8},{"damage":2,"enemies":"Looter","floor":11,"turns":4},{"damage":15,"enemies":"2 Fungi Beasts","floor":13,"turns":3},{"damage":35,"enemies":"Hexaghost","floor":16,"turns":9},{"damage":36,"enemies":"Spheric Guardian","floor":18,"turns":7},{"damage":35,"enemies":"3 Byrds","floor":22,"turns":5},{"damage":24,"enemies":"Snecko","floor":24,"turns":4},{"damage":7,"enemies":"Snake Plant","floor":28,"turns":5},{"damage":23,"enemies":"Shelled Parasite and Fungi","floor":30,"turns":3},{"damage":27,"enemies":"Sentry and Sphere","floor":31,"turns":4},{"damage":53,"enemies":"Collector","floor":33,"turns":5}],"seed_played":"6712132121395112557","potions_obtained":[{"floor":3,"key":"Explosive Potion"},{"floor":5,"key":"SpeedPotion"},{"floor":8,"key":"LiquidBronze"}],"is_trial":false,"path_per_floor":["M","M","M","$","M","E","R","M","T","E","M","?","M","?","R","B",null,"M","?","?","$","M","R","M","R","T","?","M","R","M","M","R","B"],"character_chosen":"IRONCLAD","items_purchased":["Feel No Pain","Lee\u0027s Waffle","Frozen Egg 2"],"campfire_rested":4,"item_purchase_floors":[4,21,21],"current_hp_per_floor":[71,74,65,65,42,24,48,42,42,23,27,27,18,18,42,13,63,33,17,17,87,58,58,40,66,66,66,65,65,48,27,53,0],"gold":92,"neow_bonus":"THREE_RARE_CARDS","is_prod":false,"is_daily":false,"chose_seed":false,"campfire_upgraded":2,"win_rate":0,"timestamp":1552186635,"path_taken":["M","M","M","$","M","E","R","M","T","E","M","?","M","?","R","BOSS","M","?","?","$","M","R","M","R","T","?","M","R","M","M","R","BOSS"],"build_version":"2019-01-23","purchased_purges":2,"victory":false,"max_hp_per_floor":[80,80,80,80,80,80,80,80,80,80,80,80,80,80,80,80,80,80,80,80,87,87,87,87,87,87,87,87,87,87,87,87,87],"card_choices":[{"not_picked":["Double Tap","Feed"],"picked":"Demon Form","floor":0},{"not_picked":["Wild Strike","Havoc"],"picked":"Pommel Strike","floor":1},{"not_picked":["Battle Trance","Blood for Blood"],"picked":"Metallicize","floor":2},{"not_picked":["Warcry","True Grit"],"picked":"Twin Strike","floor":3},{"not_picked":["True Grit","Rage"],"picked":"Cleave","floor":5},{"not_picked":["Fire Breathing","Sever Soul"],"picked":"Bludgeon","floor":6},{"not_picked":["Inflame","Pommel Strike"],"picked":"Clothesline","floor":8},{"not_picked":["Rupture","Body Slam"],"picked":"Headbutt","floor":10},{"not_picked":["Body Slam","Flex","Carnage"],"picked":"SKIP","floor":11},{"not_picked":["Burning Pact","Fire Breathing","Sever Soul"],"picked":"SKIP","floor":13},{"not_picked":["Demon Form","Berserk"],"picked":"Impervious","floor":16},{"not_picked":["Pommel Strike","Wild Strike"],"picked":"Uppercut","floor":18},{"not_picked":["Heavy Blade","Twin Strike"],"picked":"Rampage","floor":22},{"not_picked":["Combust+1","Cleave"],"picked":"Shrug It Off","floor":24},{"not_picked":["Flex","Pommel Strike"],"picked":"Twin Strike+1","floor":28},{"not_picked":["Havoc","Anger"],"picked":"Immolate","floor":30},{"not_picked":["Spot Weakness","Wild Strike"],"picked":"Thunderclap+1","floor":31}],"player_experience":266660,"relics_obtained":[{"floor":6,"key":"Smiling Mask"},{"floor":9,"key":"Ornamental Fan"},{"floor":10,"key":"Dodecahedron"},{"floor":19,"key":"Enchiridion"},{"floor":26,"key":"Juzu Bracelet"}],"event_choices":[{"damage_healed":0,"gold_gain":0,"player_choice":"Ignored","damage_taken":0,"max_hp_gain":0,"max_hp_loss":0,"event_name":"Shining Light","floor":12,"gold_loss":0},{"damage_healed":0,"gold_gain":0,"player_choice":"Grow","damage_taken":0,"max_hp_gain":0,"max_hp_loss":0,"event_name":"Living Wall","floor":14,"gold_loss":0,"cards_upgraded":["Demon Form"]},{"damage_healed":0,"gold_gain":0,"player_choice":"Obtained Book","damage_taken":16,"max_hp_gain":0,"max_hp_loss":0,"event_name":"Cursed Tome","floor":19,"gold_loss":0},{"damage_healed":0,"gold_gain":275,"player_choice":"Desecrate","damage_taken":0,"max_hp_gain":0,"max_hp_loss":0,"event_name":"Golden Shrine","floor":20,"gold_loss":0,"cards_obtained":["Regret"]},{"damage_healed":0,"gold_gain":0,"player_choice":"Ignored","damage_taken":0,"max_hp_gain":0,"max_hp_loss":0,"event_name":"Beggar","floor":27,"gold_loss":0}],"is_beta":false,"boss_relics":[{"not_picked":["Orrery","Philosopher\u0027s Stone"],"picked":"Sozu"}],"items_purged_floors":[4,21],"is_endless":false,"potions_floor_spawned":[3,5,8,28,30,31],"killed_by":"Collector","ascension_level":12}