{"gold_per_floor":[118,43,62,82,95,95,110,110,110,110,122,150,167,201,201,275,275,289,339,339,356,368,368,383,393,445,445,471,471,471,483,483,555,555,570,581,147,162,175,175,204,204,204,214,214,244,244,144,144,144],"floor_reached":50,"playtime":4170,"items_purged":["Strike_B","Doubt"],"score":1072,"play_id":"25bb45d8-51a3-4f3e-a4f6-ac730a5ee2d7","local_time":"20190412135127","is_ascension_mode":true,"campfire_choices":[{"data":"Fission","floor":6,"key":"SMITH"},{"data":"Zap","floor":8,"key":"SMITH"},{"data":"Go for the Eyes","floor":10,"key":"SMITH"},{"data":"Barrage","floor":15,"key":"SMITH"},{"data":"Hologram","floor":23,"key":"SMITH"},{"floor":27,"key":"REST"},{"data":"Doubt","floor":30,"key":"PURGE"},{"data":"Buffer","floor":32,"key":"SMITH"},{"floor":40,"key":"REST"},{"data":"Strike_B","floor":42,"key":"PURGE"},{"floor":49,"key":"RECALL"}],"neow_cost":"NONE","seed_source_timestamp":120882764532543,"circlet_count":0,"master_deck":["AscendersBane","Defend_B","Defend_B","Defend_B","Defend_B","Zap+1","Dualcast+1","Fission+1","Glacier","Gash","Go for the Eyes+1","Gash","Cold Snap","Barrage+1","Hologram+1","Coolheaded","Core Surge","Conserve Battery","White Noise+1","White Noise","Skim","Buffer+1","Echo Form","Dark Shackles","Self Repair+1","Defragment+1","Glacier","Gash"],"relics":["Cracked Core","Meat on the Bone","PreservedInsect","Du-Vu Doll","Cursed Key","War Paint","Peace Pipe","Fusion Hammer","Cables","Vajra","Bottled Flame"],"potions_floor_usage":[11,14,16,24,33,41,41,44,50],"damage_taken":[{"damage":0,"enemies":"2 Louse","floor":1,"turns":2},{"damage":0,"enemies":"Small Slimes","floor":3,"turns":6},{"damage":0,"enemies":"Cultist","floor":4,"turns":3},{"damage":3,"enemies":"Blue Slaver","floor":5,"turns":6},{"damage":0,"enemies":"Exordium Wildlife","floor":7,"turns":2},{"damage":17,"enemies":"Exordium Thugs","floor":11,"turns":5},{"damage":13,"enemies":"Lagavulin","floor":12,"turns":9},{"damage":18,"enemies":"3 Louse","floor":13,"turns":2},{"damage":7,"enemies":"3 Sentries","floor":14,"turns":4},{"damage":39,"enemies":"Slime Boss","floor":16,"turns":11},{"damage":14,"enemies":"3 Byrds","floor":18,"turns":6},{"damage":0,"enemies":"Chosen","floor":21,"turns":5},{"damage":6,"enemies":"Centurion and Healer","floor":22,"turns":11},{"damage":6,"enemies":"Snecko","floor":24,"turns":5},{"damage":11,"enemies":"Chosen and Byrds","floor":25,"turns":7},{"damage":22,"enemies":"Slavers","floor":28,"turns":2},{"damage":10,"enemies":"Snake Plant","floor":31,"turns":4},{"damage":31,"enemies":"Automaton","floor":33,"turns":10},{"damage":19,"enemies":"3 Shapes","floor":35,"turns":7},{"damage":6,"enemies":"3 Darklings","floor":36,"turns":5},{"damage":0,"enemies":"Maw","floor":38,"turns":9},{"damage":39,"enemies":"4 Shapes","floor":39,"turns":7},{"damage":37,"enemies":"Reptomancer","floor":41,"turns":7},{"damage":3,"enemies":"Jaw Worm Horde","floor":44,"turns":7},{"damage":13,"enemies":"Giant Head","floor":46,"turns":9},{"damage":76,"enemies":"Time Eater","floor":50,"turns":19}],"seed_played":"-4449255395595361751","potions_obtained":[{"floor":1,"key":"Poison Potion"},{"floor":7,"key":"PowerPotion"},{"floor":13,"key":"PowerPotion"},{"floor":14,"key":"EssenceOfSteel"},{"floor":18,"key":"Poison Potion"},{"floor":28,"key":"AttackPotion"},{"floor":36,"key":"Poison Potion"},{"floor":41,"key":"Block Potion"},{"floor":44,"key":"PowerPotion"},{"floor":46,"key":"Block Potion"}],"is_trial":false,"path_per_floor":["M","?","M","M","M","R","M","R","T","R","M","E","M","E","R","B",null,"M","?","?","M","M","R","M","M","T","R","E","?","R","M","R","B",null,"M","M","$","M","M","R","E","R","T","M","?","E","$","$","R","B"],"character_chosen":"DEFECT","items_purchased":["Cables","Dark Shackles"],"campfire_rested":2,"item_purchase_floors":[37,37],"current_hp_per_floor":[64,64,64,64,61,61,61,61,61,61,44,43,37,42,42,15,57,43,43,43,43,37,37,43,44,44,65,43,43,43,45,45,26,60,41,47,47,47,30,51,46,46,46,63,63,70,70,70,70,0],"gold":144,"neow_bonus":"ONE_RANDOM_RARE_CARD","is_prod":false,"is_daily":false,"chose_seed":false,"campfire_upgraded":6,"win_rate":0,"timestamp":1555098687,"path_taken":["M","?","M","M","M","R","M","R","T","R","M","E","M","E","R","BOSS","M","?","?","M","M","R","M","?","T","R","E","?","R","M","R","BOSS","M","M","$","M","M","R","E","R","T","M","?","E","?","$","R","BOSS"],"build_version":"2019-04-04","purchased_purges":2,"victory":false,"max_hp_per_floor":[71,71,71,71,71,71,71,71,71,71,71,71,71,71,71,71,71,71,71,71,71,71,71,71,71,71,71,71,71,71,71,71,71,71,71,71,71,71,71,71,71,71,71,71,71,71,71,71,71,71],"card_choices":[{"not_picked":["Sunder","Beam Cell"],"picked":"Glacier","floor":1},{"not_picked":["Hologram","Redo"],"picked":"Gash","floor":3},{"not_picked":["Redo","Auto Shields"],"picked":"Go for the Eyes","floor":4},{"not_picked":["Redo","Reinforced Body"],"picked":"Gash","floor":5},{"not_picked":["Static Discharge","Heatsinks"],"picked":"Cold Snap","floor":7},{"not_picked":["Consume","Turbo","Streamline"],"picked":"SKIP","floor":11},{"not_picked":["Doom and Gloom","Chill"],"picked":"Barrage","floor":12},{"not_picked":["Multi-Cast","Stack"],"picked":"Hologram","floor":13},{"not_picked":["Cold Snap","Turbo"],"picked":"Coolheaded","floor":14},{"not_picked":["Buffer","Machine Learning"],"picked":"Core Surge","floor":16},{"not_picked":["Steam","Sweeping Beam","Steam Power"],"picked":"SKIP","floor":18},{"not_picked":["Rebound","Ball Lightning"],"picked":"Conserve Battery","floor":21},{"not_picked":["Recycle","Rebound","Turbo"],"picked":"SKIP","floor":22},{"not_picked":["Cold Snap","Sweeping Beam","Leap"],"picked":"SKIP","floor":24},{"not_picked":["Genetic Algorithm","Steam Power+1"],"picked":"White Noise","floor":25},{"not_picked":["Sweeping Beam","Sunder"],"picked":"White Noise","floor":28},{"not_picked":["Cold Snap","Reinforced Body"],"picked":"Buffer","floor":31},{"not_picked":["All For One","Electrodynamics"],"picked":"Echo Form","floor":33},{"not_picked":["Barrage+1","Beam Cell+1","Turbo"],"picked":"SKIP","floor":35},{"not_picked":["Barrage+1","Beam Cell+1","Turbo"],"picked":"SKIP","floor":35},{"not_picked":["Barrage","Compile Driver","Conserve Battery"],"picked":"SKIP","floor":36},{"not_picked":["Rebound","Hello World"],"picked":"Self Repair+1","floor":38},{"not_picked":["Barrage","Genetic Algorithm","Stack"],"picked":"SKIP","floor":39},{"not_picked":["Compile Driver","Rebound+1"],"picked":"Defragment","floor":41},{"not_picked":["Beam Cell","Electrodynamics"],"picked":"Glacier","floor":44},{"not_picked":["Turbo","Go for the Eyes"],"picked":"Gash","floor":46}],"player_experience":2861611,"relics_obtained":[{"floor":9,"key":"Meat on the Bone"},{"floor":12,"key":"PreservedInsect"},{"floor":14,"key":"Du-Vu Doll"},{"floor":26,"key":"War Paint"},{"floor":28,"key":"Peace Pipe"},{"floor":41,"key":"Vajra"},{"floor":46,"key":"Bottled Flame"}],"event_choices":[{"cards_removed":["Strike_B"],"damage_healed":0,"gold_gain":0,"player_choice":"Card Removal","damage_taken":0,"max_hp_gain":0,"max_hp_loss":0,"event_name":"The Cleric","floor":2,"gold_loss":75},{"damage_healed":0,"gold_gain":50,"player_choice":"Stole From Cult","damage_taken":0,"max_hp_gain":0,"max_hp_loss":0,"event_name":"Nest","floor":19,"gold_loss":0},{"cards_removed":["Strike_B"],"damage_healed":0,"gold_gain":0,"player_choice":"Purged","damage_taken":0,"max_hp_gain":0,"max_hp_loss":0,"event_name":"Purifier","floor":20,"gold_loss":0},{"damage_healed":0,"gold_gain":0,"player_choice":"Read","damage_taken":0,"max_hp_gain":0,"max_hp_loss":0,"event_name":"The Library","floor":29,"gold_loss":0,"cards_obtained":["Skim"]},{"damage_healed":0,"gold_gain":0,"player_choice":"Upgraded","damage_taken":0,"max_hp_gain":0,"max_hp_loss":0,"event_name":"Upgrade Shrine","floor":45,"gold_loss":0,"cards_upgraded":["Defragment"]}],"is_beta":true,"boss_relics":[{"not_picked":["Inserter","Runic Pyramid"],"picked":"Cursed Key"},{"not_picked":["Velvet Choker","Black Star"],"picked":"Fusion Hammer"}],"items_purged_floors":[37,48],"is_endless":false,"potions_floor_spawned":[1,7,13,14,18,22,28,36,41,44,46],"killed_by":"Time Eater","ascension_level":20}