{"path_per_floor":["M","?","?","M","$","R","M","R","T","?","R","T","M","E","R","B",null,"M","$","?","?","?","E","$","R","T","M","E","M","E","M","R","B",null,"M","?","M","?","?","R","E"],"character_chosen":"THE_SILENT","items_purchased":["Slice","Deflect","Ancient Tea Set","Block Potion","Noxious Fumes"],"gold_per_floor":[117,117,67,87,33,33,53,53,53,53,53,53,76,120,120,250,250,271,31,31,31,31,71,36,36,36,59,103,122,161,185,185,308,308,328,328,344,677,677,677,705],"floor_reached":42,"campfire_rested":1,"playtime":1667,"current_hp_per_floor":[63,63,63,59,59,59,54,54,68,68,68,68,68,50,50,27,79,59,59,59,43,43,21,21,21,21,28,31,40,23,35,35,25,79,47,47,15,15,15,38,26],"items_purged":[],"gold":705,"score":542,"play_id":"e1f61092-5079-4d27-8e35-b37b4c3058c0","is_prod":false,"is_daily":false,"is_ascension_mode":true,"campfire_upgraded":4,"path_taken":["M","?","?","?","$","R","M","R","T","?","R","?","M","E","R","BOSS","M","$","?","?","?","E","$","R","T","M","E","M","E","M","R","BOSS","M","?","M","?","?","R","E","M"],"build_version":"2018-02-15-PROD1","purchased_purges":1,"victory":false,"master_deck":["Survivor","Neutralize+1","Phantasmal Killer+1","Skewer+1","Dagger Throw","Slice+1","Deflect","Noxious Fumes+1","Dagger Spray","After Image","Malaise","Flying Knee","Acrobatics","All Out Attack","Dagger Throw","PiercingWail","Sucker Punch","Blur","Slice","Deflect","Deflect","Deflect","Venomology+1","Noxious Fumes","Cloak And Dagger+1","Bouncing Flask+1","Flying Knee+1","Deadly Poison+1","Quick Slash+1","Tools of the Trade","Catalyst+1","Catalyst+1","Dark Shackles"],"max_hp_per_floor":[70,65,65,65,65,65,65,65,79,79,79,79,79,79,79,79,79,79,79,79,79,79,79,79,79,79,79,79,79,79,79,79,79,79,79,79,79,79,79,79,81],"relics":["Ring of the Snake","Mango","Art of War","Meat on the Bone","Pandora\u0027s Box","Ancient Tea Set","Nilry\u0027s Codex","Girya","Pen Nib","Mummified Hand","Peace Pipe","The Specimen","Singing Bowl"],"card_choices":[{"not_picked":["Deadly Poison","Calculated Gamble"],"picked":"Skewer"},{"not_picked":["PiercingWail","Leg Sweep"],"picked":"Dagger Throw"},{"not_picked":["Dash","Dagger Spray"],"picked":"Deflect"},{"not_picked":["Dodge and Roll","Expertise"],"picked":"Noxious Fumes"},{"not_picked":["PiercingWail","Slice"],"picked":"Dagger Spray"},{"not_picked":["Tools of the Trade","Glass Knife"],"picked":"After Image"},{"not_picked":["Crippling Poison","Outmaneuver"],"picked":"Deflect"},{"not_picked":["Deflect","Outmaneuver"],"picked":"Venomology"},{"not_picked":["Well Laid Plans","Riddle With Holes"],"picked":"Cloak And Dagger"},{"not_picked":["Flying Knee","Caltrops"],"picked":"Bouncing Flask"},{"not_picked":["Infinite Blades","Accuracy"],"picked":"Flying Knee"},{"not_picked":["Underhanded Strike","Dash"],"picked":"Deadly Poison"},{"not_picked":["Calculated Gamble","PiercingWail"],"picked":"Quick Slash"},{"not_picked":["Phantasmal Killer","Burst"],"picked":"Tools of the Trade"},{"not_picked":["Leg Sweep","Setup"],"picked":"Catalyst"},{"not_picked":["Underhanded Strike","Bane"],"picked":"Catalyst"}],"player_experience":177051,"potions_floor_usage":[13,23,27,27,28,28,29,29,30,30,33,33,33,35,41,41,42,42],"damage_taken":[{"damage":7,"enemies":"Small Slimes","floor":1,"turns":4},{"damage":4,"enemies":"Jaw Worm","floor":4,"turns":2},{"damage":5,"enemies":"2 Louse","floor":7,"turns":2},{"damage":0,"enemies":"Lots of Slimes","floor":13,"turns":3},{"damage":18,"enemies":"Gremlin Nob","floor":14,"turns":4},{"damage":35,"enemies":"Slime Boss","floor":16,"turns":10},{"damage":20,"enemies":"Shell Parasite","floor":18,"turns":5},{"damage":34,"enemies":"Slavers","floor":23,"turns":6},{"damage":5,"enemies":"3 Byrds","floor":27,"turns":4},{"damage":9,"enemies":"Gremlin Leader","floor":28,"turns":8},{"damage":6,"enemies":"Sentry and Sphere","floor":29,"turns":6},{"damage":29,"enemies":"Slavers","floor":30,"turns":4},{"damage":0,"enemies":"Snecko","floor":31,"turns":4},{"damage":22,"enemies":"Champ","floor":33,"turns":10},{"damage":32,"enemies":"3 Shapes","floor":35,"turns":3},{"damage":44,"enemies":"3 Darklings","floor":37,"turns":4},{"damage":26,"enemies":"Nemesis","floor":41,"turns":5},{"damage":26,"enemies":"Sphere and 2 Shapes","floor":42,"turns":3}],"event_choices":[{"event_name":"Golden Idol","player_choice":"Lose Max HP","floor":2,"damage_taken":0},{"event_name":"The Cleric","player_choice":"Card Removal","floor":3,"damage_taken":0},{"event_name":"Living Wall","player_choice":"Grow","floor":10,"damage_taken":0},{"event_name":"Beggar","player_choice":"Ignored","floor":20,"damage_taken":0},{"event_name":"Cursed Tome","player_choice":"Obtained Book","floor":21,"damage_taken":0},{"event_name":"The Library","player_choice":"Read","floor":22,"damage_taken":0},{"event_name":"Upgrade Shrine","player_choice":"Upgraded","floor":36,"damage_taken":0},{"event_name":"The Moai Head","player_choice":"Gave Idol","floor":38,"damage_taken":0},{"event_name":"Match and Keep!","player_choice":"1 cards matched","floor":39,"damage_taken":0}],"boss_relics":[{"not_picked":["Velvet Choker","Philosopher\u0027s Stone"],"picked":"Pandora\u0027s Box"},{"not_picked":["Tiny House","Eternal Feather"],"picked":"The Specimen"}],"potions_floor_spawned":[7,16,23,27,28,37,41],"seed_played":"3892285701925580531","killed_by":"Sphere and 2 Shapes","ascension_level":4,"is_trial":false}