{"gold_per_floor":[115,131,149,162,53,53,67,78,128,147,157,157,171,190,190,286,286,297,222,222,22,35,35],"floor_reached":23,"playtime":1284,"items_purged":[],"score":189,"play_id":"5aa8e1e3-0b14-47ae-8a84-51878680a130","local_time":"20181105062757","is_ascension_mode":false,"campfire_choices":[{"data":"Storm","floor":6,"key":"SMITH"},{"floor":15,"key":"REST"}],"neow_cost":"NONE","seed_source_timestamp":204290330795401,"circlet_count":0,"master_deck":["Strike_B","Strike_B","Strike_B","Strike_B","Defend_B","Defend_B","Defend_B","Defend_B","Zap","Dualcast","Ball Lightning","Storm+1","Lockon","BootSequence","Loop","Skim","Sweeping Beam","Darkness","Leap","Sweeping Beam","Decay","Double Energy","Rainbow","Doubt","Doubt","Hello World+1","Creative AI+1","Genetic Algorithm","Heatsinks+1"],"relics":["Cracked Core","NeowsBlessing","Vajra","Calling Bell","FossilizedHelix","Frozen Egg 2","Anchor"],"potions_floor_usage":[16,16,16,23],"damage_taken":[{"damage":0,"enemies":"Cultist","floor":1,"turns":1},{"damage":0,"enemies":"Small Slimes","floor":2,"turns":1},{"damage":0,"enemies":"Jaw Worm","floor":3,"turns":1},{"damage":16,"enemies":"2 Fungi Beasts","floor":4,"turns":3},{"damage":6,"enemies":"Red Slaver","floor":7,"turns":3},{"damage":2,"enemies":"Blue Slaver","floor":8,"turns":3},{"damage":5,"enemies":"Exordium Thugs","floor":10,"turns":4},{"damage":5,"enemies":"3 Louse","floor":11,"turns":3},{"damage":14,"enemies":"Exordium Wildlife","floor":13,"turns":4},{"damage":12,"enemies":"Red Slaver","floor":14,"turns":4},{"damage":2,"enemies":"Slime Boss","floor":16,"turns":5},{"damage":36,"enemies":"Shell Parasite","floor":18,"turns":8},{"damage":16,"enemies":"3 Byrds","floor":22,"turns":5},{"damage":49,"enemies":"Gremlin Leader","floor":23,"turns":7}],"seed_played":"5299307734004630559","potions_obtained":[{"floor":1,"key":"Energy Potion"},{"floor":7,"key":"PowerPotion"},{"floor":8,"key":"SteroidPotion"},{"floor":11,"key":"PowerPotion"},{"floor":22,"key":"SkillPotion"}],"is_trial":false,"path_per_floor":["M","M","M","M","$","R","M","M","T","M","M","?","M","M","R","B",null,"M","?","?","$","M","E"],"character_chosen":"DEFECT","items_purchased":["Loop","Skim","Creative AI+1","Genetic Algorithm"],"campfire_rested":1,"item_purchase_floors":[5,5,21,21],"current_hp_per_floor":[75,75,75,59,59,59,53,51,51,46,41,41,27,15,37,35,75,39,39,64,64,48,0],"gold":35,"neow_bonus":"THREE_ENEMY_KILL","is_prod":false,"is_daily":false,"chose_seed":false,"campfire_upgraded":1,"win_rate":0.0,"timestamp":1541428077,"path_taken":["M","M","M","M","$","R","?","M","T","M","M","?","M","?","R","BOSS","M","?","?","$","M","E"],"build_version":"2018-11-01","purchased_purges":0,"victory":false,"max_hp_per_floor":[75,75,75,75,75,75,75,75,75,75,75,75,75,75,75,75,75,75,75,75,75,75,75],"card_choices":[{"not_picked":["Genetic Algorithm","Reinforced Body"],"picked":"Ball Lightning","floor":1},{"not_picked":["Stack","Sweeping Beam"],"picked":"Storm","floor":2},{"not_picked":["Compile Driver","Coolheaded"],"picked":"Lockon","floor":3},{"not_picked":["Steam Power","Skim"],"picked":"BootSequence","floor":4},{"not_picked":["Steam","Leap"],"picked":"Sweeping Beam","floor":7},{"not_picked":["Rebound","Aggregate"],"picked":"Darkness","floor":8},{"not_picked":["Creative AI","Redo"],"picked":"Leap","floor":10},{"not_picked":["Undo","Coolheaded"],"picked":"Sweeping Beam","floor":11},{"not_picked":["Beam Cell","Reinforced Body"],"picked":"Double Energy","floor":13},{"not_picked":["Streamline","Cold Snap","Steam"],"picked":"SKIP","floor":14},{"not_picked":["All For One","Fission"],"picked":"Rainbow","floor":16},{"not_picked":["Compile Driver","Streamline"],"picked":"Hello World+1","floor":18},{"not_picked":["Hologram","Cold Snap+1"],"picked":"Heatsinks+1","floor":22}],"player_experience":15723,"relics_obtained":[{"floor":9,"key":"Vajra"},{"floor":17,"key":"FossilizedHelix"},{"floor":17,"key":"Frozen Egg 2"},{"floor":17,"key":"Anchor"}],"event_choices":[{"damage_healed":0,"gold_gain":0,"player_choice":"Cursed","damage_taken":0,"max_hp_gain":0,"max_hp_loss":0,"event_name":"Wheel of Change","floor":12,"gold_loss":0,"cards_obtained":["Decay"]},{"cards_removed":["Normality"],"damage_healed":0,"gold_gain":0,"player_choice":"Gave Gold","damage_taken":0,"max_hp_gain":0,"max_hp_loss":0,"event_name":"Beggar","floor":19,"gold_loss":75},{"damage_healed":25,"gold_gain":0,"player_choice":"Heal","damage_taken":0,"max_hp_gain":0,"max_hp_loss":0,"event_name":"The Library","floor":20,"gold_loss":0}],"is_beta":false,"boss_relics":[{"not_picked":["Velvet Choker","Orrery"],"picked":"Calling Bell"}],"items_purged_floors":[],"is_endless":false,"potions_floor_spawned":[1,7,8,11,13,14,22],"killed_by":"Gremlin Leader","ascension_level":0}