{"gold_per_floor":[15,15,90,90,90,121,121,139,139,104,104,104,104],"floor_reached":13,"playtime":248,"items_purged":[],"score":91,"play_id":"93609642-1a82-4984-9dc6-d022adb73705","local_time":"20190304201208","is_ascension_mode":true,"campfire_choices":[{"floor":7,"key":"REST"},{"data":"Shrug It Off","floor":11,"key":"SMITH"}],"neow_cost":"NO_GOLD","seed_source_timestamp":15119748651100,"circlet_count":0,"master_deck":["Strike_R","Strike_R","Defend_R","Defend_R","Defend_R","Defend_R","Bash","Shrug It Off+1","Reaper","Sword Boomerang"],"relics":["Burning Blood","Peace Pipe","Ornamental Fan","Prayer Wheel"],"potions_floor_usage":[8],"damage_taken":[{"damage":9,"enemies":"2 Louse","floor":1,"turns":4},{"damage":40,"enemies":"Gremlin Nob","floor":6,"turns":5},{"damage":3,"enemies":"Jaw Worm","floor":8,"turns":5},{"damage":66,"enemies":"The Mushroom Lair","floor":13,"turns":5}],"seed_played":"-7663792025492974208","potions_obtained":[{"floor":6,"key":"Explosive Potion"}],"is_trial":false,"path_per_floor":["M","?","?","$","?","E","R","M","T","?","R","?","?"],"character_chosen":"IRONCLAD","items_purchased":[],"campfire_rested":1,"item_purchase_floors":[],"current_hp_per_floor":[77,65,54,54,46,12,36,39,39,59,59,52,0],"gold":104,"neow_bonus":"REMOVE_TWO","is_prod":false,"is_daily":false,"chose_seed":false,"campfire_upgraded":1,"win_rate":0,"timestamp":1551759128,"path_taken":["M","?","?","?","?","E","R","?","T","?","R","?","?"],"build_version":"2019-02-06","purchased_purges":0,"victory":false,"max_hp_per_floor":[80,80,80,80,80,80,80,80,80,80,80,80,80],"card_choices":[{"not_picked":["Wild Strike","Body Slam"],"picked":"Shrug It Off","floor":1},{"not_picked":["Heavy Blade","Wild Strike"],"picked":"Reaper","floor":6},{"not_picked":["Shockwave","Anger"],"picked":"Sword Boomerang","floor":8}],"player_experience":536294,"relics_obtained":[{"floor":6,"key":"Ornamental Fan"},{"floor":9,"key":"Prayer Wheel"}],"event_choices":[{"damage_healed":0,"gold_gain":0,"player_choice":"Success","damage_taken":12,"relics_obtained":["Peace Pipe"],"max_hp_gain":0,"max_hp_loss":0,"event_name":"Scrap Ooze","floor":2,"gold_loss":0},{"damage_healed":0,"gold_gain":75,"player_choice":"Gather Gold","damage_taken":11,"max_hp_gain":0,"max_hp_loss":0,"event_name":"World of Goop","floor":3,"gold_loss":0},{"damage_healed":0,"gold_gain":0,"player_choice":"Damaged","damage_taken":8,"max_hp_gain":0,"max_hp_loss":0,"event_name":"Wheel of Change","floor":5,"gold_loss":0},{"damage_healed":20,"gold_gain":0,"player_choice":"Healed","damage_taken":0,"max_hp_gain":0,"max_hp_loss":0,"event_name":"The Cleric","floor":10,"gold_loss":35},{"cards_removed":["Strike_R"],"damage_healed":0,"gold_gain":0,"player_choice":"Card Removal","damage_taken":7,"max_hp_gain":0,"max_hp_loss":0,"event_name":"Golden Wing","floor":12,"gold_loss":0},{"damage_healed":0,"gold_gain":0,"player_choice":"Fought Mushrooms","damage_taken":0,"max_hp_gain":0,"max_hp_loss":0,"event_name":"Mushrooms","floor":13,"gold_loss":0}],"is_beta":true,"boss_relics":[],"items_purged_floors":[],"is_endless":false,"potions_floor_spawned":[6],"killed_by":"The Mushroom Lair","ascension_level":3}