{"gold_per_floor":[114,129,144,144,144,144,163,182,232,251,289,39,39,58,58,183,183,202,202,221,71,71],"floor_reached":22,"playtime":1463,"items_purged":["Loop","Shame"],"score":238,"play_id":"0808fbd4-12e6-4124-b43e-252fb01aadd9","local_time":"20181119065402","daily_mods":["Chimera","Diverse","Binary"],"is_ascension_mode":false,"campfire_choices":[{"floor":6,"key":"REST"},{"floor":13,"key":"REST"},{"data":"Pommel Strike","floor":15,"key":"SMITH"}],"neow_cost":"","seed_source_timestamp":0,"circlet_count":0,"master_deck":["Bash+1","Survivor","Zap","Strike_R+1","Strike_G","Strike_B","Defend_R","Defend_G","Defend_B","Clash","Clash","Inflame","Pommel Strike+1","Rip and Tear","Secret Weapon","Blade Dance","Regret","Regret","Accuracy+1","Dagger Throw"],"special_seed":17854,"relics":["Cracked Core","Golden Idol","Bag of Marbles","Centennial Puzzle","Calling Bell","Art of War","Singing Bowl","Turnip"],"potions_floor_usage":[16],"damage_taken":[{"damage":3,"enemies":"Jaw Worm","floor":1,"turns":3},{"damage":0,"enemies":"Small Slimes","floor":2,"turns":4},{"damage":2,"enemies":"2 Louse","floor":3,"turns":2},{"damage":4,"enemies":"2 Fungi Beasts","floor":7,"turns":3},{"damage":0,"enemies":"Red Slaver","floor":8,"turns":1},{"damage":2,"enemies":"Looter","floor":10,"turns":2},{"damage":14,"enemies":"3 Sentries","floor":11,"turns":6},{"damage":3,"enemies":"Large Slime","floor":14,"turns":4},{"damage":0,"enemies":"Slime Boss","floor":16,"turns":4},{"damage":47,"enemies":"2 Thieves","floor":18,"turns":4},{"damage":41,"enemies":"Shell Parasite","floor":20,"turns":6},{"damage":16,"enemies":"Colosseum Slavers","floor":22,"turns":1}],"seed_played":"-8230449717086533208","potions_obtained":[{"floor":2,"key":"GamblersBrew"},{"floor":7,"key":"SmokeBomb"},{"floor":8,"key":"Poison Potion"}],"is_trial":false,"path_per_floor":["M","M","M","?","?","R","M","M","T","M","E","$","R","M","R","B",null,"M","?","M","$","?"],"character_chosen":"DEFECT","items_purchased":["Secret Weapon","Dagger Throw"],"campfire_rested":2,"item_purchase_floors":[12,21],"current_hp_per_floor":[72,72,70,55,37,59,55,55,55,53,39,39,61,58,58,58,75,28,53,14,14,0],"gold":71,"neow_bonus":"","is_prod":false,"is_daily":true,"chose_seed":false,"campfire_upgraded":1,"win_rate":0,"timestamp":1542639242,"path_taken":["M","M","M","?","?","R","M","M","T","M","E","?","R","M","R","BOSS","M","?","M","$","?"],"build_version":"2018-11-15","purchased_purges":2,"victory":false,"max_hp_per_floor":[75,75,75,75,75,75,75,75,75,75,75,75,75,75,75,75,75,75,75,77,77,77],"card_choices":[{"not_picked":["True Grit","Body Slam"],"picked":"SKIP","floor":1},{"not_picked":["Deadly Poison"],"picked":"Clash","floor":2},{"not_picked":["Outmaneuver"],"picked":"Loop","floor":3},{"not_picked":["Skim"],"picked":"Clash","floor":7},{"not_picked":["Barricade"],"picked":"Inflame","floor":8},{"not_picked":["Undo"],"picked":"Pommel Strike","floor":10},{"not_picked":["Sunder"],"picked":"Rip and Tear","floor":11},{"not_picked":["Fusion"],"picked":"Blade Dance","floor":14},{"not_picked":["Cloak And Dagger"],"picked":"Accuracy+1","floor":18},{"not_picked":["Reflex+1","Thunderclap"],"picked":"Singing Bowl","floor":20}],"player_experience":25278,"relics_obtained":[{"floor":9,"key":"Bag of Marbles"},{"floor":11,"key":"Centennial Puzzle"},{"floor":17,"key":"Art of War"},{"floor":17,"key":"Singing Bowl"},{"floor":17,"key":"Turnip"}],"event_choices":[{"damage_healed":0,"gold_gain":0,"player_choice":"Entered Light","damage_taken":15,"max_hp_gain":0,"max_hp_loss":0,"event_name":"Shining Light","floor":4,"gold_loss":0,"cards_upgraded":["Strike_R","Bash"]},{"damage_healed":0,"gold_gain":0,"player_choice":"Take Damage","damage_taken":18,"relics_obtained":["Golden Idol"],"max_hp_gain":0,"max_hp_loss":0,"event_name":"Golden Idol","floor":5,"gold_loss":0},{"damage_healed":25,"gold_gain":0,"player_choice":"Heal","damage_taken":0,"max_hp_gain":0,"max_hp_loss":0,"event_name":"The Library","floor":19,"gold_loss":0},{"damage_healed":0,"gold_gain":0,"player_choice":"Fight","damage_taken":0,"max_hp_gain":0,"max_hp_loss":0,"event_name":"Colosseum","floor":22,"gold_loss":0}],"is_beta":false,"boss_relics":[{"not_picked":["Inserter","Empty Cage"],"picked":"Calling Bell"}],"items_purged_floors":[12,21],"is_endless":false,"potions_floor_spawned":[2,7,8],"killed_by":"Colosseum Slavers","ascension_level":0}