{"gold_per_floor":[113,113,113,131,146,146,173,173,224,249,249,249,260,276,276,276],"floor_reached":16,"playtime":373,"items_purged":[],"score":121,"play_id":"99588e12-e00f-4be1-bd5c-1589787e75b9","local_time":"20190415031009","is_ascension_mode":true,"campfire_choices":[{"floor":6,"key":"RECALL"},{"floor":8,"key":"REST"},{"data":"Storm","floor":12,"key":"SMITH"},{"floor":15,"key":"REST"}],"neow_cost":"NONE","seed_source_timestamp":261881610078500,"circlet_count":0,"master_deck":["Strike_B","Strike_B","Strike_B","Defend_B","Defend_B","Defend_B","Defend_B","Zap","Dualcast","Storm+1","Storm","Turbo","Skim","Parasite","Electrodynamics","Genetic Algorithm"],"relics":["Cracked Core","NeowsBlessing","The Courier","Unceasing Top","Pantograph"],"potions_floor_usage":[7,10,16],"damage_taken":[{"damage":0,"enemies":"2 Louse","floor":1,"turns":1},{"damage":0,"enemies":"Jaw Worm","floor":4,"turns":1},{"damage":0,"enemies":"Small Slimes","floor":5,"turns":1},{"damage":35,"enemies":"Gremlin Nob","floor":7,"turns":4},{"damage":31,"enemies":"Lagavulin","floor":10,"turns":6},{"damage":13,"enemies":"Blue Slaver","floor":13,"turns":3},{"damage":7,"enemies":"Looter","floor":14,"turns":3},{"damage":72,"enemies":"Hexaghost","floor":16,"turns":10}],"seed_played":"1019467783500220672","potions_obtained":[{"floor":1,"key":"SpeedPotion"},{"floor":7,"key":"Weak Potion"},{"floor":14,"key":"FocusPotion"}],"is_trial":false,"path_per_floor":["M","?","T","M","M","R","E","R","T","E","?","R","M","M","R","B"],"character_chosen":"DEFECT","items_purchased":[],"campfire_rested":2,"item_purchase_floors":[],"current_hp_per_floor":[75,68,68,68,68,68,33,55,55,24,42,42,29,22,44,0],"gold":276,"neow_bonus":"THREE_ENEMY_KILL","is_prod":false,"is_daily":false,"chose_seed":false,"campfire_upgraded":1,"win_rate":0,"timestamp":1555323009,"path_taken":["M","?","?","M","M","R","E","R","T","E","?","R","M","M","R","BOSS"],"build_version":"2019-01-23","purchased_purges":0,"victory":false,"max_hp_per_floor":[75,75,75,75,75,75,75,75,75,75,75,75,75,75,75,75],"card_choices":[{"not_picked":["Loop","Streamline"],"picked":"Storm","floor":1},{"not_picked":["Hello World","Redo","Sunder"],"picked":"SKIP","floor":4},{"not_picked":["Undo","Gash"],"picked":"Storm","floor":5},{"not_picked":["Capacitor","Aggregate"],"picked":"Turbo","floor":7},{"not_picked":["Auto Shields","Gash"],"picked":"Skim","floor":10},{"not_picked":["Sunder","Undo"],"picked":"Electrodynamics","floor":13},{"not_picked":["Recycle","Compile Driver"],"picked":"Genetic Algorithm","floor":14}],"player_experience":112422,"relics_obtained":[{"floor":3,"key":"The Courier"},{"floor":7,"key":"Unceasing Top"},{"floor":10,"key":"Pantograph"}],"event_choices":[{"cards_removed":["Strike_B"],"damage_healed":0,"gold_gain":0,"player_choice":"Card Removal","damage_taken":7,"max_hp_gain":0,"max_hp_loss":0,"event_name":"Golden Wing","floor":2,"gold_loss":0},{"damage_healed":18,"gold_gain":0,"player_choice":"Healed and dodged fight","damage_taken":0,"max_hp_gain":0,"max_hp_loss":0,"event_name":"Mushrooms","floor":11,"gold_loss":0,"cards_obtained":["Parasite"]}],"is_beta":false,"boss_relics":[],"items_purged_floors":[],"is_endless":false,"potions_floor_spawned":[1,7,14],"killed_by":"Hexaghost","ascension_level":2}