{"gold_per_floor":[115,115,40,40,53,86,97,126,179,179,214,163,163,178,178,267,267,287,386,386,271,290,290,290],"floor_reached":24,"playtime":660,"items_purged":["Defend_R"],"score":360,"play_id":"0e6afda9-fd97-4edc-b806-9b632aab42e3","local_time":"20181022184144","is_ascension_mode":true,"campfire_choices":[{"data":"Armaments","floor":15,"key":"SMITH"},{"data":"Offering","floor":23,"key":"SMITH"}],"neow_cost":"NONE","seed_source_timestamp":1039347474415619,"circlet_count":0,"master_deck":["Strike_R","Strike_R","Strike_R","Strike_R","Strike_R","Defend_R+1","Defend_R","Bash","AscendersBane","Perfected Strike+1","Second Wind","Perfected Strike","Intimidate+1","Iron Wave","Twin Strike","Armaments+1","Twin Strike","Offering+1","Perfected Strike","Pommel Strike","Blind"],"relics":["Burning Blood","Pantograph","War Paint","Strawberry","Golden Idol","Happy Flower","Black Star"],"potions_floor_usage":[11,18,24,24,24],"damage_taken":[{"damage":3,"enemies":"Jaw Worm","floor":1,"turns":5},{"damage":1,"enemies":"Cultist","floor":5,"turns":3},{"damage":40,"enemies":"Lagavulin","floor":6,"turns":5},{"damage":1,"enemies":"2 Louse","floor":7,"turns":3},{"damage":20,"enemies":"Gremlin Nob","floor":8,"turns":4},{"damage":24,"enemies":"3 Sentries","floor":11,"turns":6},{"damage":8,"enemies":"Blue Slaver","floor":14,"turns":2},{"damage":45,"enemies":"The Guardian","floor":16,"turns":8},{"damage":3,"enemies":"2 Thieves","floor":18,"turns":4},{"damage":17,"enemies":"Spheric Guardian","floor":22,"turns":3},{"damage":46,"enemies":"Gremlin Leader","floor":24,"turns":6}],"seed_played":"3831819924077652236","potions_obtained":[{"floor":1,"key":"Ancient Potion"},{"floor":7,"key":"EssenceOfSteel"},{"floor":14,"key":"AttackPotion"}],"is_trial":false,"path_per_floor":["M","?","$","?","M","E","M","E","T","?","E","$","?","M","R","B",null,"M","?","?","$","M","R"],"character_chosen":"IRONCLAD","items_purchased":["Weak Potion","Pommel Strike","Blind"],"campfire_rested":0,"item_purchase_floors":[12,21,21],"current_hp_per_floor":[71,71,71,71,75,41,46,32,39,39,21,21,46,44,44,30,65,68,68,54,54,43,43,0],"gold":290,"neow_bonus":"THREE_CARDS","is_prod":false,"is_daily":false,"chose_seed":false,"campfire_upgraded":2,"win_rate":0,"timestamp":1540258904,"path_taken":["M","?","$","?","M","E","M","E","T","?","E","?","?","?","R","BOSS","M","?","?","?","?","R","E"],"build_version":"2018-10-18","purchased_purges":1,"victory":false,"max_hp_per_floor":[75,75,75,75,75,75,75,75,82,76,76,76,76,76,76,76,76,76,76,76,76,76,76,76],"card_choices":[{"not_picked":["Entrench","True Grit"],"picked":"Perfected Strike","floor":0},{"not_picked":["Sentinel","Clothesline"],"picked":"Second Wind","floor":1},{"not_picked":["Sword Boomerang","Sever Soul"],"picked":"Perfected Strike","floor":5},{"not_picked":["Body Slam","Whirlwind"],"picked":"Intimidate","floor":6},{"not_picked":["Sword Boomerang","Bludgeon"],"picked":"Iron Wave","floor":7},{"not_picked":["Corruption","Body Slam"],"picked":"Twin Strike","floor":8},{"not_picked":["Clash","Cleave"],"picked":"Armaments","floor":11},{"not_picked":["Disarm","Whirlwind"],"picked":"Twin Strike","floor":14},{"not_picked":["Impervious","Demon Form"],"picked":"Offering","floor":16},{"not_picked":["Searing Blow","Headbutt"],"picked":"Perfected Strike","floor":18},{"not_picked":["Cleave","Clothesline","Rupture"],"picked":"SKIP","floor":22}],"player_experience":618971,"relics_obtained":[{"floor":6,"key":"Pantograph"},{"floor":8,"key":"War Paint"},{"floor":9,"key":"Strawberry"},{"floor":11,"key":"Happy Flower"}],"event_choices":[{"cards_removed":["Defend_R"],"damage_healed":0,"gold_gain":0,"player_choice":"Purged","damage_taken":0,"max_hp_gain":0,"max_hp_loss":0,"event_name":"Purifier","floor":2,"gold_loss":0},{"damage_healed":0,"gold_gain":0,"player_choice":"Upgraded","damage_taken":0,"max_hp_gain":0,"max_hp_loss":0,"event_name":"Upgrade Shrine","floor":4,"gold_loss":0,"cards_upgraded":["Perfected Strike"]},{"damage_healed":0,"gold_gain":0,"player_choice":"Lose Max HP","damage_taken":0,"relics_obtained":["Golden Idol"],"max_hp_gain":0,"max_hp_loss":6,"event_name":"Golden Idol","floor":10,"gold_loss":0},{"damage_healed":25,"gold_gain":0,"player_choice":"Banana","damage_taken":0,"max_hp_gain":0,"max_hp_loss":0,"event_name":"Big Fish","floor":13,"gold_loss":0},{"damage_healed":0,"gold_gain":99,"player_choice":"Stole From Cult","damage_taken":0,"max_hp_gain":0,"max_hp_loss":0,"event_name":"Nest","floor":19,"gold_loss":0},{"damage_healed":0,"gold_gain":0,"player_choice":"POTION ","damage_taken":14,"max_hp_gain":0,"max_hp_loss":0,"event_name":"Knowing Skull","floor":20,"potions_obtained":["EntropicBrew"],"gold_loss":0,"cards_obtained":[]}],"is_beta":false,"boss_relics":[{"not_picked":["Snecko Eye","Pandora\u0027s Box"],"picked":"Black Star"}],"items_purged_floors":[3],"is_endless":false,"potions_floor_spawned":[1,7,14,16],"killed_by":"Gremlin Leader","ascension_level":14}