{"gold_per_floor":[117,117,90,103,122,122,148,148,148,174,174,187,187,221,221,294,294,306,276,292,325,154,154,154,154,154,168,187,220,230,71,71,71],"floor_reached":33,"playtime":861,"items_purged":["Decay"],"score":515,"play_id":"18be9a0a-600d-4752-a09a-853b8c3ebbe2","local_time":"20181020133209","is_ascension_mode":true,"campfire_choices":[{"data":"Perfected Strike","floor":6,"key":"SMITH"},{"data":"Heavy Blade","floor":8,"key":"SMITH"},{"floor":11,"key":"REST"},{"data":"Infernal Blade","floor":15,"key":"SMITH"},{"data":"Perfected Strike","floor":23,"key":"SMITH"},{"data":"Whirlwind","floor":25,"key":"SMITH"},{"floor":32,"key":"REST"}],"neow_cost":"NONE","seed_source_timestamp":847766157276774,"circlet_count":0,"master_deck":["Strike_R","Strike_R","Strike_R","Strike_R","Strike_R","Defend_R","Defend_R","Defend_R","Defend_R","Bash","AscendersBane","Spot Weakness+1","Wild Strike","Perfected Strike+1","Heavy Blade+1","Ghostly Armor+1","Infernal Blade+1","Whirlwind+1","Double Tap+1","Cleave","Heavy Blade+1","Perfected Strike+1","Pommel Strike","Immolate","Perfected Strike","Pommel Strike","Shrug It Off"],"relics":["Burning Blood","NeowsBlessing","Meat on the Bone","Omamori","Smiling Mask","The Courier","Bronze Scales","Calling Bell","War Paint","Darkstone Periapt","Dead Branch","Red Mask","Orichalcum","Kunai","Ornamental Fan","Oddly Smooth Stone"],"potions_floor_usage":[7,14,16,24,24,28],"damage_taken":[{"damage":0,"enemies":"2 Louse","floor":1,"turns":2},{"damage":0,"enemies":"Jaw Worm","floor":4,"turns":1},{"damage":0,"enemies":"Cultist","floor":5,"turns":1},{"damage":25,"enemies":"Lagavulin","floor":7,"turns":4},{"damage":16,"enemies":"Gremlin Nob","floor":10,"turns":3},{"damage":13,"enemies":"Blue Slaver","floor":12,"turns":2},{"damage":20,"enemies":"Lagavulin","floor":14,"turns":3},{"damage":46,"enemies":"Hexaghost","floor":16,"turns":8},{"damage":14,"enemies":"Chosen","floor":18,"turns":3},{"damage":22,"enemies":"2 Thieves","floor":20,"turns":2},{"damage":18,"enemies":"Masked Bandits","floor":21,"turns":3},{"damage":0,"enemies":"Slavers","floor":24,"turns":1},{"damage":26,"enemies":"Snecko","floor":27,"turns":4},{"damage":6,"enemies":"Cultist and Chosen","floor":28,"turns":3},{"damage":33,"enemies":"Book of Stabbing","floor":29,"turns":4},{"damage":20,"enemies":"Chosen and Byrds","floor":30,"turns":5},{"damage":64,"enemies":"Collector","floor":33,"turns":5}],"seed_played":"-8504096294674068015","potions_obtained":[{"floor":1,"key":"Strength Potion"},{"floor":5,"key":"PowerPotion"},{"floor":7,"key":"BloodPotion"},{"floor":19,"key":"SmokeBomb"},{"floor":19,"key":"Strength Potion"},{"floor":27,"key":"AttackPotion"},{"floor":29,"key":"Dexterity Potion"}],"is_trial":false,"path_per_floor":["M","?","?","M","M","R","E","R","T","E","R","M","T","E","R","B",null,"M","?","M","?","$","R","E","R","T","M","M","E","M","$","R"],"character_chosen":"IRONCLAD","items_purchased":["Orichalcum","Oddly Smooth Stone","Shrug It Off"],"campfire_rested":2,"item_purchase_floors":[22,31,31],"current_hp_per_floor":[74,74,74,75,75,75,56,56,56,46,68,61,61,47,47,26,63,55,55,51,51,51,51,57,57,57,49,49,34,32,32,54,0],"gold":71,"neow_bonus":"THREE_ENEMY_KILL","is_prod":false,"is_daily":false,"chose_seed":false,"campfire_upgraded":5,"win_rate":0,"timestamp":1540067529,"path_taken":["M","?","?","M","M","R","E","R","T","E","R","M","?","E","R","BOSS","M","?","M","?","$","R","E","R","T","M","M","E","?","$","R","BOSS"],"build_version":"2018-10-18","purchased_purges":1,"victory":false,"max_hp_per_floor":[75,75,75,75,75,75,75,75,75,75,75,75,75,75,75,75,75,75,75,75,75,75,75,75,75,75,75,75,75,75,75,75,75],"card_choices":[{"not_picked":["Rage","Heavy Blade"],"picked":"Spot Weakness","floor":1},{"not_picked":["Rage","Twin Strike"],"picked":"Wild Strike","floor":4},{"not_picked":["Anger","Uppercut"],"picked":"Perfected Strike","floor":5},{"not_picked":["Headbutt","Clothesline"],"picked":"Heavy Blade","floor":7},{"not_picked":["Dual Wield","Havoc"],"picked":"Ghostly Armor","floor":10},{"not_picked":["Carnage","Ghostly Armor"],"picked":"Infernal Blade","floor":12},{"not_picked":["Clash","Armaments"],"picked":"Whirlwind","floor":14},{"not_picked":["Immolate","Exhume"],"picked":"Double Tap","floor":16},{"not_picked":["Feel No Pain","Second Wind"],"picked":"Cleave","floor":18},{"not_picked":["Anger","Rage"],"picked":"Heavy Blade+1","floor":20},{"not_picked":["Second Wind+1","Searing Blow"],"picked":"Perfected Strike","floor":21},{"not_picked":["Warcry","Second Wind"],"picked":"Pommel Strike","floor":27},{"not_picked":["Heavy Blade","Shrug It Off"],"picked":"Immolate","floor":28},{"not_picked":["Feel No Pain+1","Fire Breathing+1"],"picked":"Perfected Strike","floor":29},{"not_picked":["Ghostly Armor","Cleave"],"picked":"Pommel Strike","floor":30}],"player_experience":569607,"relics_obtained":[{"floor":7,"key":"Meat on the Bone"},{"floor":9,"key":"Omamori"},{"floor":10,"key":"Smiling Mask"},{"floor":13,"key":"The Courier"},{"floor":14,"key":"Bronze Scales"},{"floor":17,"key":"War Paint"},{"floor":17,"key":"Darkstone Periapt"},{"floor":17,"key":"Dead Branch"},{"floor":21,"key":"Red Mask"},{"floor":26,"key":"Kunai"},{"floor":29,"key":"Ornamental Fan"}],"event_choices":[{"damage_healed":0,"gold_gain":0,"player_choice":"Grow","damage_taken":0,"max_hp_gain":0,"max_hp_loss":0,"event_name":"Living Wall","floor":2,"gold_loss":0,"cards_upgraded":["Spot Weakness"]},{"damage_healed":0,"gold_gain":0,"player_choice":"Left Gold","damage_taken":0,"max_hp_gain":0,"max_hp_loss":0,"event_name":"World of Goop","floor":3,"gold_loss":27},{"damage_healed":0,"gold_gain":0,"player_choice":"Bought 2 Potions","damage_taken":0,"max_hp_gain":0,"max_hp_loss":0,"event_name":"The Woman in Blue","floor":19,"gold_loss":0},{"damage_healed":0,"gold_gain":0,"player_choice":"Fought Bandits","damage_taken":0,"max_hp_gain":0,"max_hp_loss":0,"event_name":"Masked Bandits","floor":21,"gold_loss":0}],"is_beta":false,"boss_relics":[{"not_picked":["Runic Dome","Tiny House"],"picked":"Calling Bell"}],"items_purged_floors":[22],"is_endless":false,"potions_floor_spawned":[1,5,7,21,24,27,29],"killed_by":"Collector","ascension_level":14}