{"gold_per_floor":[113,113,188,5,17,47,47,64,64,92,92,108,139,159,159,235,235,252,272,272,272,286,286,316,316,316,344,360,360],"floor_reached":29,"playtime":6390,"items_purged":[],"score":481,"play_id":"453ee2df-5118-4369-9fc4-843d326cec5d","local_time":"20190409110303","is_ascension_mode":true,"campfire_choices":[{"data":"Go for the Eyes","floor":7,"key":"SMITH"},{"data":"Zap","floor":15,"key":"SMITH"},{"floor":23,"key":"REST"},{"data":"Panacea","floor":25,"key":"SMITH"}],"neow_cost":"NONE","seed_source_timestamp":440923940750161,"circlet_count":0,"master_deck":["AscendersBane","Strike_B","Strike_B","Strike_B","Strike_B","Defend_B","Defend_B","Defend_B","Defend_B","Zap+1","Dualcast","Leap","Doom and Gloom","Go for the Eyes+1","White Noise","Glacier","Conserve Battery","Panacea+1","Auto Shields","Tempest","Conserve Battery","Biased Cognition","Turbo","Compile Driver","Capacitor","Barrage","Stack","Chill"],"relics":["Nuclear Battery","DataDisk","Gambling Chip","Dodecahedron","Omamori","Bronze Scales","Sozu","Oddly Smooth Stone","Gremlin Horn","Happy Flower"],"potions_floor_usage":[6,10,13,24],"damage_taken":[{"damage":8,"enemies":"Jaw Worm","floor":1,"turns":4},{"damage":0,"enemies":"2 Louse","floor":5,"turns":2},{"damage":4,"enemies":"Lagavulin","floor":6,"turns":7},{"damage":0,"enemies":"Cultist","floor":8,"turns":4},{"damage":14,"enemies":"3 Sentries","floor":10,"turns":7},{"damage":4,"enemies":"Exordium Wildlife","floor":12,"turns":6},{"damage":9,"enemies":"Gremlin Nob","floor":13,"turns":5},{"damage":1,"enemies":"2 Fungi Beasts","floor":14,"turns":2},{"damage":6,"enemies":"The Guardian","floor":16,"turns":9},{"damage":0,"enemies":"Spheric Guardian","floor":18,"turns":3},{"damage":7,"enemies":"Shell Parasite","floor":19,"turns":3},{"damage":16,"enemies":"Snecko","floor":22,"turns":4},{"damage":10,"enemies":"Slavers","floor":24,"turns":4},{"damage":14,"enemies":"Gremlin Leader","floor":27,"turns":7},{"damage":2,"enemies":"Chosen and Byrds","floor":28,"turns":6},{"damage":36,"enemies":"Slavers","floor":29,"turns":4}],"seed_played":"4765673266379178016","potions_obtained":[{"floor":1,"key":"EssenceOfSteel"},{"floor":6,"key":"Dexterity Potion"},{"floor":12,"key":"FocusPotion"},{"floor":16,"key":"Fire Potion"}],"is_trial":false,"path_per_floor":["M","?","?","$","M","E","R","M","T","E","?","M","E","M","R","B",null,"M","M","?","?","M","R","E","R","T","E","M","E"],"character_chosen":"DEFECT","items_purchased":["DataDisk","Doom and Gloom"],"campfire_rested":1,"item_purchase_floors":[4,4],"current_hp_per_floor":[56,61,50,50,50,46,46,46,46,32,32,28,19,18,18,12,60,60,53,53,53,37,59,49,49,49,35,33,0],"gold":360,"neow_bonus":"BOSS_RELIC","is_prod":false,"is_daily":false,"chose_seed":false,"campfire_upgraded":3,"win_rate":0,"timestamp":1554804183,"path_taken":["M","?","?","$","M","E","R","M","T","E","?","?","E","M","R","BOSS","M","M","?","?","?","R","E","R","T","E","M","E"],"build_version":"2019-01-23","purchased_purges":0,"victory":false,"max_hp_per_floor":[71,76,76,76,76,76,76,76,76,76,76,76,76,76,76,76,76,76,76,76,76,76,76,76,76,76,76,76,76],"card_choices":[{"not_picked":["Static Discharge","Beam Cell"],"picked":"Leap","floor":1},{"not_picked":["Compile Driver","Reinforced Body"],"picked":"Go for the Eyes","floor":5},{"not_picked":["Static Discharge","Lockon"],"picked":"White Noise","floor":6},{"not_picked":["Hello World","Tempest"],"picked":"Glacier","floor":8},{"not_picked":["Ball Lightning","Amplify"],"picked":"Conserve Battery","floor":10},{"not_picked":["Go for the Eyes","Sweeping Beam"],"picked":"Auto Shields","floor":12},{"not_picked":["Ball Lightning","Rip and Tear"],"picked":"Tempest","floor":13},{"not_picked":["Steam","Gash"],"picked":"Conserve Battery","floor":14},{"not_picked":["Meteor Strike","Creative AI"],"picked":"Biased Cognition","floor":16},{"not_picked":["Darkness","Gash"],"picked":"Turbo","floor":18},{"not_picked":["Melter","Stack"],"picked":"Compile Driver","floor":19},{"not_picked":["Turbo","Genetic Algorithm+1"],"picked":"Barrage","floor":22},{"not_picked":["Machine Learning","Rebound"],"picked":"Stack","floor":24},{"not_picked":["Go for the Eyes","Compile Driver","Static Discharge"],"picked":"SKIP","floor":27},{"not_picked":["Steam+1","Barrage"],"picked":"Chill","floor":28}],"player_experience":955196,"relics_obtained":[{"floor":6,"key":"Gambling Chip"},{"floor":9,"key":"Dodecahedron"},{"floor":10,"key":"Omamori"},{"floor":13,"key":"Bronze Scales"},{"floor":24,"key":"Oddly Smooth Stone"},{"floor":26,"key":"Gremlin Horn"},{"floor":27,"key":"Happy Flower"}],"event_choices":[{"damage_healed":0,"gold_gain":0,"player_choice":"Donut","damage_taken":0,"max_hp_gain":5,"max_hp_loss":0,"event_name":"Big Fish","floor":2,"gold_loss":0},{"damage_healed":0,"gold_gain":75,"player_choice":"Gather Gold","damage_taken":11,"max_hp_gain":0,"max_hp_loss":0,"event_name":"World of Goop","floor":3,"gold_loss":0},{"damage_healed":0,"gold_gain":0,"player_choice":"1 cards matched","damage_taken":0,"max_hp_gain":0,"max_hp_loss":0,"event_name":"Match and Keep!","floor":11,"gold_loss":0,"cards_obtained":["Panacea"]},{"damage_healed":0,"gold_gain":0,"player_choice":"Read","damage_taken":0,"max_hp_gain":0,"max_hp_loss":0,"event_name":"The Library","floor":20,"gold_loss":0,"cards_obtained":["Capacitor"]},{"damage_healed":0,"gold_gain":0,"player_choice":"Ignored","damage_taken":0,"max_hp_gain":0,"max_hp_loss":0,"event_name":"N\u0027loth","floor":21,"gold_loss":0}],"is_beta":false,"boss_relics":[{"not_picked":["Runic Pyramid","Pandora\u0027s Box"],"picked":"Sozu"}],"items_purged_floors":[],"is_endless":false,"potions_floor_spawned":[1,6,12,16,18,22,24,28],"killed_by":"Slavers","ascension_level":14}