{"path_per_floor":["M","M","?","?","$","M","?","E","T","R","M","E","M","M","R"],"character_chosen":"THE_SILENT","items_purchased":["Dagger Spray","Poison Potion"],"gold_per_floor":[117,134,134,134,37,56,56,85,85,85,105,131,150,169,169],"floor_reached":16,"campfire_rested":2,"playtime":452,"current_hp_per_floor":[55,50,50,43,43,43,43,25,25,43,41,16,12,12,30],"items_purged":[],"gold":169,"score":151,"play_id":"94e103ff-b160-4802-8d91-8a69d03e8362","is_prod":false,"is_daily":false,"is_ascension_mode":true,"campfire_upgraded":0,"path_taken":["M","M","?","?","$","M","?","E","T","R","?","E","M","M","R","BOSS"],"build_version":"2018-02-22-PROD2","purchased_purges":1,"victory":false,"master_deck":["Defend_G","Defend_G","Defend_G","Defend_G","Strike_G","Strike_G","Strike_G","Strike_G","Strike_G","Survivor","Neutralize","Envenom+1","Poisoned Stab","Cloak And Dagger","Dagger Spray","Escape Plan","Riddle With Holes","Quick Slash","Adrenaline","Cloak And Dagger","Accuracy"],"max_hp_per_floor":[63,63,63,63,63,63,63,63,63,63,63,63,63,63,63],"relics":["Ring of the Snake","Blue Candle","Ninja Scroll","Tingsha","Smiling Mask"],"card_choices":[{"not_picked":["Tactician","Storm of Steel"],"picked":"Envenom"},{"not_picked":["Bane","Tactician"],"picked":"Poisoned Stab"},{"not_picked":["Underhanded Strike","Dodge and Roll"],"picked":"Cloak And Dagger"},{"not_picked":["PiercingWail","Deflect"],"picked":"Escape Plan"},{"not_picked":["Backflip","Underhanded Strike"],"picked":"Riddle With Holes"},{"not_picked":["Crippling Poison","Flechettes"],"picked":"Quick Slash"},{"not_picked":["Backflip","Eviscerate"],"picked":"Adrenaline"},{"not_picked":["Bouncing Flask","Dash"],"picked":"Cloak And Dagger"},{"not_picked":["Distraction","Poisoned Stab"],"picked":"Accuracy"}],"player_experience":271848,"potions_floor_usage":[8,11,12,16],"damage_taken":[{"damage":8,"enemies":"Jaw Worm","floor":1,"turns":6},{"damage":5,"enemies":"2 Louse","floor":2,"turns":2},{"damage":0,"enemies":"Cultist","floor":6,"turns":3},{"damage":18,"enemies":"3 Sentries","floor":8,"turns":8},{"damage":2,"enemies":"Large Slime","floor":11,"turns":6},{"damage":25,"enemies":"Lagavulin","floor":12,"turns":6},{"damage":4,"enemies":"Exordium Thugs","floor":13,"turns":3},{"damage":0,"enemies":"Blue Slaver","floor":14,"turns":2},{"damage":31,"enemies":"Hexaghost","floor":16,"turns":4}],"event_choices":[{"event_name":"Living Wall","player_choice":"Grow","floor":3,"damage_taken":0},{"event_name":"Scrap Ooze","player_choice":"success","floor":4,"damage_taken":7},{"event_name":"Purifier","player_choice":"One Purge","floor":7,"damage_taken":0}],"boss_relics":[],"potions_floor_spawned":[8,11,13,14],"seed_played":"-6808716805528877853","killed_by":"Hexaghost","ascension_level":7,"is_trial":false}