{"gold_per_floor":[117,130,20,20,32,32,60,60,113,13,28,54,19,19,19,91,91,103,103,117,117,132,132,132,142,142,241,273,273,273],"floor_reached":30,"playtime":658,"items_purged":["Strike_R","Strike_R"],"score":478,"play_id":"922e7c6d-8e28-4b22-b24c-2b54453f22bb","local_time":"20181022143331","is_ascension_mode":true,"campfire_choices":[{"data":"Iron Wave","floor":6,"key":"SMITH"},{"data":"Offering","floor":15,"key":"SMITH"},{"floor":23,"key":"REST"}],"neow_cost":"NONE","seed_source_timestamp":1024459032126768,"circlet_count":0,"master_deck":["Bash","AscendersBane","Cleave+1","Flex","Uppercut","Inflame","Iron Wave+1","Perfected Strike","Thunderclap","Offering+1","Immolate+1","Seeing Red","Body Slam","Heavy Blade","Disarm","Rampage","Havoc","True Grit","Armaments","Headbutt","Pommel Strike","Flex","Flame Barrier+1"],"relics":["Burning Blood","Lantern","PreservedInsect","Ornamental Fan","Pandora\u0027s Box","MutagenicStrength","Boot","Charon\u0027s Ashes"],"potions_floor_usage":[2,12,12,18,28,28],"damage_taken":[{"damage":8,"enemies":"Jaw Worm","floor":1,"turns":4},{"damage":0,"enemies":"2 Louse","floor":2,"turns":3},{"damage":7,"enemies":"Small Slimes","floor":5,"turns":2},{"damage":40,"enemies":"Lagavulin","floor":7,"turns":5},{"damage":2,"enemies":"Exordium Wildlife","floor":11,"turns":3},{"damage":0,"enemies":"Gremlin Nob","floor":12,"turns":2},{"damage":70,"enemies":"Hexaghost","floor":16,"turns":9},{"damage":13,"enemies":"2 Thieves","floor":18,"turns":2},{"damage":23,"enemies":"Spheric Guardian","floor":20,"turns":4},{"damage":26,"enemies":"Chosen and Byrds","floor":22,"turns":5},{"damage":20,"enemies":"Snake Plant","floor":25,"turns":2},{"damage":20,"enemies":"Book of Stabbing","floor":28,"turns":4},{"damage":42,"enemies":"Slavers","floor":30,"turns":3}],"seed_played":"5579324245082194119","potions_obtained":[{"floor":2,"key":"Fruit Juice"},{"floor":8,"key":"Strength Potion"},{"floor":8,"key":"AttackPotion"},{"floor":12,"key":"Swift Potion"},{"floor":22,"key":"Block Potion"},{"floor":25,"key":"Swift Potion"}],"is_trial":false,"path_per_floor":["M","M","$","?","M","R","E","?","T","$","M","E","?","?","R","B",null,"M","?","M","?","M","R","?","M","T","?","E","?"],"character_chosen":"IRONCLAD","items_purchased":["Inflame"],"campfire_rested":1,"item_purchase_floors":[3],"current_hp_per_floor":[66,77,77,77,76,76,42,42,42,42,46,52,72,77,77,13,67,60,60,43,43,23,48,40,26,26,26,12,40,0],"gold":273,"neow_bonus":"THREE_CARDS","is_prod":false,"is_daily":false,"chose_seed":false,"campfire_upgraded":2,"win_rate":0,"timestamp":1540244011,"path_taken":["M","M","$","?","M","R","E","?","T","$","M","E","?","?","R","BOSS","M","?","M","?","?","R","?","?","T","?","E","?","E"],"build_version":"2018-10-18","purchased_purges":2,"victory":false,"max_hp_per_floor":[75,80,80,80,80,80,80,80,80,80,80,80,80,85,85,85,85,85,85,85,85,85,85,85,85,85,85,85,85,85],"card_choices":[{"not_picked":["Thunderclap","Heavy Blade"],"picked":"Cleave","floor":0},{"not_picked":["True Grit","Heavy Blade"],"picked":"Flex","floor":1},{"not_picked":["Heavy Blade","Seeing Red"],"picked":"Uppercut","floor":2},{"not_picked":["Rupture","Dropkick"],"picked":"Iron Wave","floor":5},{"not_picked":["Anger","Wild Strike"],"picked":"Perfected Strike","floor":7},{"not_picked":["Sword Boomerang","Warcry"],"picked":"Thunderclap","floor":11},{"not_picked":["Twin Strike","Spot Weakness"],"picked":"Offering","floor":12},{"not_picked":["Fiend Fire","Double Tap"],"picked":"Immolate","floor":16},{"not_picked":["Dual Wield","Wild Strike"],"picked":"Armaments","floor":18},{"not_picked":["Anger","Body Slam"],"picked":"Headbutt","floor":20},{"not_picked":["Wild Strike","Perfected Strike"],"picked":"Pommel Strike","floor":22},{"not_picked":["Wild Strike+1","Clash"],"picked":"Flex","floor":25},{"not_picked":["Double Tap","Power Through"],"picked":"Flame Barrier+1","floor":28}],"player_experience":617053,"relics_obtained":[{"floor":7,"key":"Lantern"},{"floor":9,"key":"PreservedInsect"},{"floor":12,"key":"Ornamental Fan"},{"floor":26,"key":"Boot"},{"floor":28,"key":"Charon\u0027s Ashes"}],"event_choices":[{"damage_healed":0,"gold_gain":0,"player_choice":"Grow","damage_taken":0,"max_hp_gain":0,"max_hp_loss":0,"event_name":"Living Wall","floor":4,"gold_loss":0,"cards_upgraded":["Cleave"]},{"damage_healed":0,"gold_gain":0,"player_choice":"Got Potions","damage_taken":0,"max_hp_gain":0,"max_hp_loss":0,"event_name":"The Lab","floor":8,"gold_loss":0},{"damage_healed":20,"gold_gain":0,"player_choice":"Healed","damage_taken":0,"max_hp_gain":0,"max_hp_loss":0,"event_name":"The Cleric","floor":13,"gold_loss":35},{"damage_healed":0,"gold_gain":0,"player_choice":"Donut","damage_taken":0,"max_hp_gain":5,"max_hp_loss":0,"event_name":"Big Fish","floor":14,"gold_loss":0},{"damage_healed":0,"gold_gain":0,"player_choice":"Inject Mutagens","damage_taken":0,"relics_obtained":["MutagenicStrength"],"max_hp_gain":0,"max_hp_loss":0,"event_name":"Drug Dealer","floor":19,"gold_loss":0},{"damage_healed":0,"gold_gain":0,"player_choice":"Forge","damage_taken":0,"max_hp_gain":0,"max_hp_loss":0,"event_name":"Accursed Blacksmith","floor":21,"gold_loss":0,"cards_upgraded":["Immolate"]},{"damage_healed":0,"gold_gain":0,"player_choice":"Damaged","damage_taken":8,"max_hp_gain":0,"max_hp_loss":0,"event_name":"Wheel of Change","floor":24,"gold_loss":0},{"damage_healed":0,"gold_gain":99,"player_choice":"Stole From Cult","damage_taken":0,"max_hp_gain":0,"max_hp_loss":0,"event_name":"Nest","floor":27,"gold_loss":0},{"damage_healed":28,"gold_gain":0,"player_choice":"Heal","damage_taken":0,"max_hp_gain":0,"max_hp_loss":0,"event_name":"The Library","floor":29,"gold_loss":0}],"is_beta":false,"boss_relics":[{"not_picked":["Runic Pyramid","Snecko Eye"],"picked":"Pandora\u0027s Box"}],"items_purged_floors":[3,10],"is_endless":false,"potions_floor_spawned":[2,11,12,22,25],"killed_by":"Slavers","ascension_level":14}