{"path_per_floor":["M","?","?","?","M","R","E","R","T","E","M","M","$","M","R","B",null,"M","?","$","M","?","R","E","M","T","$","?","R","M","M","R"],"character_chosen":"THE_SILENT","items_purchased":["Calipers","Envenom","Distraction","Dagger Spray","Dagger Spray","Tiny Chest","Eviscerate"],"gold_per_floor":[117,292,292,372,383,383,411,411,434,463,473,493,3,18,18,122,122,142,142,42,61,61,61,93,110,164,13,13,13,25,41,41],"floor_reached":33,"campfire_rested":4,"playtime":934,"current_hp_per_floor":[69,69,69,69,68,68,50,50,50,29,29,29,29,29,50,23,58,42,42,42,15,15,36,25,19,19,19,19,40,40,6,27],"items_purged":["Writhe"],"gold":41,"score":344,"play_id":"011b5158-0719-4426-af53-fd1c98ac2115","is_prod":false,"is_daily":false,"is_ascension_mode":true,"campfire_upgraded":2,"path_taken":["M","?","?","?","M","R","E","R","T","E","M","M","$","?","R","BOSS","M","?","$","M","?","R","E","M","T","$","?","R","M","M","R","BOSS"],"build_version":"2018-02-15-PROD1","purchased_purges":1,"victory":false,"master_deck":["Defend_G","Defend_G","Defend_G","Defend_G","Strike_G","Strike_G","Strike_G","Survivor","Neutralize","Dash+1","Dash+1","Backstab+1","Poisoned Stab+1","Well Laid Plans","Deflect","Envenom","Distraction","Dagger Spray+1","Catalyst","Phantasmal Killer","Distraction+1","Caltrops+1","Setup+1","Calculated Gamble","Dagger Spray+1","Dagger Spray+1","Backflip+1","Deflect","Eviscerate+1","Decay","Underhanded Strike+1"],"max_hp_per_floor":[70,70,70,70,70,70,70,70,70,70,70,70,70,70,70,70,70,70,70,70,70,70,70,70,70,70,70,70,70,70,72,72],"relics":["Ring of the Snake","Molten Egg 2","Ancient Tea Set","Peace Pipe","Calipers","Astrolabe","Bag of Preparation","Du-Vu Doll","Singing Bowl","Tiny Chest"],"card_choices":[{"not_picked":["PiercingWail","Acrobatics"],"picked":"Dash"},{"not_picked":["Reflex","Bane"],"picked":"Dash"},{"not_picked":["Backflip","Infinite Blades"],"picked":"Backstab"},{"not_picked":["Deadly Poison","Skewer"],"picked":"Poisoned Stab"},{"not_picked":["Grand Finale","Dash"],"picked":"Well Laid Plans"},{"not_picked":["Slice","Poisoned Stab"],"picked":"Deflect"},{"not_picked":["Terror","Crippling Poison"],"picked":"Catalyst"},{"not_picked":["Bullet Time","Glass Knife"],"picked":"Phantasmal Killer"},{"not_picked":["Outmaneuver","Acrobatics"],"picked":"Calculated Gamble"},{"not_picked":["Catalyst","Deadly Poison"],"picked":"Dagger Spray"},{"not_picked":["Dodge and Roll","Quick Slash"],"picked":"Backflip"},{"not_picked":["All Out Attack","Concentrate"],"picked":"Deflect"},{"not_picked":["All Out Attack","Unload"],"picked":"Underhanded Strike"}],"player_experience":186400,"potions_floor_usage":[7,10,16,24,25,25,25,33],"damage_taken":[{"damage":1,"enemies":"Jaw Worm","floor":1,"turns":5},{"damage":1,"enemies":"Small Slimes","floor":5,"turns":4},{"damage":18,"enemies":"Gremlin Nob","floor":7,"turns":5},{"damage":21,"enemies":"Lagavulin","floor":10,"turns":8},{"damage":0,"enemies":"2 Louse","floor":11,"turns":1},{"damage":0,"enemies":"Lots of Slimes","floor":12,"turns":4},{"damage":0,"enemies":"2 Fungi Beasts","floor":14,"turns":2},{"damage":27,"enemies":"The Guardian","floor":16,"turns":9},{"damage":16,"enemies":"Shell Parasite","floor":18,"turns":5},{"damage":27,"enemies":"Spheric Guardian","floor":21,"turns":4},{"damage":11,"enemies":"Slavers","floor":24,"turns":4},{"damage":12,"enemies":"Slaver and Parasite","floor":25,"turns":4},{"damage":0,"enemies":"Snecko","floor":30,"turns":3},{"damage":36,"enemies":"Centurion and Healer","floor":31,"turns":4},{"damage":60,"enemies":"Automaton","floor":33,"turns":6}],"event_choices":[{"event_name":"Liars Game","player_choice":"agreed","floor":2,"damage_taken":0},{"event_name":"Fountain of Cleansing","player_choice":"Removed Curse","floor":3,"damage_taken":0},{"event_name":"Golden Wing","player_choice":"Gained Gold","floor":4,"damage_taken":0},{"event_name":"The Mausoleum","player_choice":"Yes","floor":19,"damage_taken":0},{"event_name":"Beggar","player_choice":"Ignored","floor":22,"damage_taken":0},{"event_name":"Forgotten Altar","player_choice":"Smashed Altar","floor":28,"damage_taken":0}],"boss_relics":[{"not_picked":["Question Card","Philosopher\u0027s Stone"],"picked":"Astrolabe"}],"potions_floor_spawned":[1,7,12,14,16,21,24,30],"seed_played":"6447897513597458138","killed_by":"Automaton","ascension_level":5,"is_trial":false}