{"gold_per_floor":[118,137,107,120,137,137,151,151,151,14,24,59,59,72,72,149,149,163,175,175,193,193],"floor_reached":22,"playtime":1233,"items_purged":[],"score":380,"play_id":"7356bcf2-37ba-41f8-9d63-be18dee1992e","local_time":"20190409174903","is_ascension_mode":true,"campfire_choices":[{"data":"Zap","floor":6,"key":"SMITH"},{"floor":8,"key":"REST"},{"data":"Defragment","floor":13,"key":"SMITH"},{"data":"Capacitor","floor":15,"key":"SMITH"}],"neow_cost":"PERCENT_DAMAGE","seed_source_timestamp":337927182873929,"circlet_count":0,"master_deck":["AscendersBane","Strike_B","Strike_B","Strike_B","Strike_B","Defend_B","Defend_B","Defend_B","Defend_B","Zap+1","Dualcast","Capacitor+1","Coolheaded","Ball Lightning","Barrage","Defragment+1","Barrage","Steam","Loop","Glacier","Echo Form","Genetic Algorithm+1","Capacitor","Coolheaded"],"special_seed":0,"relics":["Cracked Core","Du-Vu Doll","Potion Belt","Omamori","Sozu"],"potions_floor_usage":[5,7,12,16,22],"damage_taken":[{"damage":2.0,"enemies":"2 Louse","floor":1.0,"turns":2.0},{"damage":1.0,"enemies":"Cultist","floor":2.0,"turns":3.0},{"damage":5.0,"enemies":"Small Slimes","floor":4.0,"turns":3.0},{"damage":4,"enemies":"Red Slaver","floor":5,"turns":3},{"damage":8,"enemies":"Blue Slaver","floor":7,"turns":2},{"damage":1,"enemies":"2 Fungi Beasts","floor":11,"turns":2},{"damage":29,"enemies":"3 Sentries","floor":12,"turns":8},{"damage":9,"enemies":"3 Louse","floor":14,"turns":3},{"damage":18,"enemies":"The Guardian","floor":16,"turns":9},{"damage":13,"enemies":"3 Byrds","floor":18,"turns":4},{"damage":19,"enemies":"Chosen","floor":19,"turns":6},{"damage":16,"enemies":"Snecko","floor":21,"turns":6},{"damage":13,"enemies":"Centurion and Healer","floor":22,"turns":3}],"seed_played":"6177330877277916190","potions_obtained":[{"floor":2.0,"key":"SpeedPotion"},{"floor":3.0,"key":"Energy Potion"},{"floor":5,"key":"Fire Potion"},{"floor":11,"key":"Regen Potion"},{"floor":14,"key":"Weak Potion"}],"is_trial":false,"path_per_floor":["M","M","?","M","M","R","M","R","T","$","M","E","R","M","R","B",null,"M","M","?","M","M"],"character_chosen":"DEFECT","items_purchased":["Defragment","Barrage"],"campfire_rested":1,"item_purchase_floors":[10,10],"current_hp_per_floor":[44,43,43,38,34,34,26,47,47,47,46,32,32,23,23,5,55,42,23,23,7,0],"gold":193,"neow_bonus":"ONE_RARE_RELIC","is_prod":false,"is_daily":false,"chose_seed":false,"campfire_upgraded":3,"win_rate":0,"timestamp":1554853743,"path_taken":["M","M","?","M","M","R","?","R","T","$","M","E","R","M","R","BOSS","M","M","?","?","M"],"build_version":"2019-04-04","purchased_purges":0,"victory":false,"max_hp_per_floor":[71,71,71,71,71,71,71,71,71,71,71,71,71,71,71,71,71,71,71,71,71,71],"card_choices":[{"not_picked":["Beam Cell","Hello World"],"picked":"Capacitor","floor":1.0},{"not_picked":["Turbo","Streamline"],"picked":"Coolheaded","floor":2.0},{"not_picked":["Streamline","Compile Driver"],"picked":"Ball Lightning","floor":4.0},{"not_picked":["Stack","Go for the Eyes"],"picked":"Barrage","floor":5},{"not_picked":["Lockon","Gash","Sweeping Beam"],"picked":"SKIP","floor":7},{"not_picked":["Barrage","Go for the Eyes"],"picked":"Steam","floor":11},{"not_picked":["Stack","Go for the Eyes"],"picked":"Loop","floor":12},{"not_picked":["Leap","Self Repair"],"picked":"Glacier","floor":14},{"not_picked":["Rainbow","Fission"],"picked":"Echo Form","floor":16},{"not_picked":["Go for the Eyes","Ball Lightning"],"picked":"Genetic Algorithm","floor":18},{"not_picked":["Skim","Sweeping Beam"],"picked":"Capacitor","floor":19},{"not_picked":["Streamline","Leap"],"picked":"Coolheaded","floor":21}],"player_experience":2811618,"relics_obtained":[{"floor":9,"key":"Potion Belt"},{"floor":12,"key":"Omamori"}],"event_choices":[{"damage_healed":0.0,"max_hp_gain":0.0,"max_hp_loss":0.0,"gold_gain":0.0,"event_name":"The Woman in Blue","player_choice":"Bought 2 Potions","floor":3.0,"gold_loss":0.0,"damage_taken":0.0},{"damage_healed":0,"gold_gain":0,"player_choice":"Upgraded","damage_taken":0,"max_hp_gain":0,"max_hp_loss":0,"event_name":"Upgrade Shrine","floor":20,"gold_loss":0,"cards_upgraded":["Genetic Algorithm"]}],"is_beta":true,"boss_relics":[{"not_picked":["Tiny House","Velvet Choker"],"picked":"Sozu"}],"items_purged_floors":[],"is_endless":false,"potions_floor_spawned":[2,5,11,14],"killed_by":"Centurion and Healer","ascension_level":20}