{"gold_per_floor":[119,99,119,137,137,137,163,163,163,163,195,195,207,207],"floor_reached":14,"playtime":442,"items_purged":[],"score":196,"play_id":"3716ea63-63d4-4539-ac6a-be77950f3220","local_time":"20190403173608","is_ascension_mode":true,"campfire_choices":[{"data":"Noxious Fumes","floor":6.0,"key":"SMITH"},{"data":"Crippling Poison","floor":8.0,"key":"SMITH"},{"data":"Neutralize","floor":10.0,"key":"SMITH"}],"neow_cost":"NONE","seed_source_timestamp":949232153562651,"circlet_count":0,"master_deck":["AscendersBane","Defend_G","Defend_G","Defend_G","Defend_G","Defend_G","Strike_G","Strike_G","Strike_G","Strike_G","Strike_G","Survivor","Neutralize+1","Noxious Fumes+1","Crippling Poison+1","Dagger Spray","Crippling Poison+1","Noxious Fumes"],"special_seed":0,"relics":["Ring of the Snake","NeowsBlessing","Girya","Toxic Egg 2","Unceasing Top"],"potions_floor_usage":[14,14],"damage_taken":[{"damage":0.0,"enemies":"Jaw Worm","floor":1.0,"turns":1.0},{"damage":0.0,"enemies":"Cultist","floor":3.0,"turns":1.0},{"damage":0.0,"enemies":"2 Louse","floor":4.0,"turns":1.0},{"damage":15.0,"enemies":"Lagavulin","floor":7.0,"turns":9.0},{"damage":27.0,"enemies":"3 Sentries","floor":11.0,"turns":7.0},{"damage":5.0,"enemies":"Large Slime","floor":13.0,"turns":5.0},{"damage":23,"enemies":"Gremlin Nob","floor":14,"turns":3}],"seed_played":"8899700989599366594","potions_obtained":[{"floor":1.0,"key":"Ancient Potion"},{"floor":2.0,"key":"Strength Potion"},{"floor":4.0,"key":"SpeedPotion"},{"floor":11.0,"key":"AttackPotion"}],"is_trial":false,"path_per_floor":["M","?","M","M","?","R","E","R","T","R","E","?","M","E"],"character_chosen":"THE_SILENT","items_purchased":[],"campfire_rested":0,"item_purchase_floors":[],"current_hp_per_floor":[59,59,59,59,64,64,49,49,49,49,22,22,17,0],"gold":207,"neow_bonus":"THREE_ENEMY_KILL","is_prod":false,"is_daily":false,"chose_seed":false,"campfire_upgraded":3,"win_rate":0,"timestamp":1554334568,"path_taken":["M","?","?","M","?","R","E","R","T","R","E","?","M","E"],"build_version":"2019-03-15","purchased_purges":0,"victory":false,"max_hp_per_floor":[66,66,66,66,71,71,71,71,71,71,71,71,71,71],"card_choices":[{"not_picked":["Eviscerate","Blade Dance","Reflex"],"picked":"SKIP","floor":1.0},{"not_picked":["Concentrate","Outmaneuver"],"picked":"Noxious Fumes","floor":3.0},{"not_picked":["Eviscerate","Masterful Stab"],"picked":"Crippling Poison","floor":4.0},{"not_picked":["Distraction","Escape Plan"],"picked":"Dagger Spray","floor":7.0},{"not_picked":["Bane","Endless Agony"],"picked":"Crippling Poison+1","floor":11.0},{"not_picked":["Acrobatics+1","Finisher"],"picked":"Noxious Fumes","floor":13.0}],"player_experience":2736772,"relics_obtained":[{"floor":7.0,"key":"Girya"},{"floor":9.0,"key":"Toxic Egg 2"},{"floor":11.0,"key":"Unceasing Top"}],"event_choices":[{"damage_healed":0.0,"max_hp_gain":0.0,"max_hp_loss":0.0,"gold_gain":0.0,"event_name":"The Woman in Blue","player_choice":"Bought 1 Potion","floor":2.0,"gold_loss":0.0,"damage_taken":0.0},{"damage_healed":0.0,"max_hp_gain":5.0,"max_hp_loss":0.0,"gold_gain":0.0,"event_name":"Big Fish","player_choice":"Donut","floor":5.0,"gold_loss":0.0,"damage_taken":0.0},{"damage_healed":0.0,"max_hp_gain":0.0,"max_hp_loss":0.0,"gold_gain":0.0,"event_name":"Shining Light","player_choice":"Ignored","floor":12.0,"gold_loss":0.0,"damage_taken":0.0}],"is_beta":true,"boss_relics":[],"items_purged_floors":[],"is_endless":false,"potions_floor_spawned":[1,4,11],"killed_by":"Gremlin Nob","ascension_level":20}