{"gold_per_floor":[119,119,119,129,79,106,106,134,158,95,95,59,59,72,72,173,173,184,184,184,194,205,205,236,236,263,294,306,337,337,437,437,539,539,552,552,562,194,211,211,221,255,255,355,355,355,390,409,409,409],"floor_reached":51,"playtime":12971,"items_purged":["Strike_B","Strike_B"],"score":1025,"play_id":"8df32ec9-764c-4256-9e2e-d7c0bca32ccc","local_time":"20190325112651","is_ascension_mode":true,"campfire_choices":[{"data":"Genetic Algorithm","floor":7.0,"key":"SMITH"},{"floor":11.0,"key":"REST"},{"data":"Self Repair","floor":13.0,"key":"SMITH"},{"floor":15,"key":"REST"},{"data":"Defragment","floor":23,"key":"SMITH"},{"data":"Go for the Eyes","floor":25,"key":"SMITH"},{"data":"Blizzard","floor":30,"key":"SMITH"},{"data":"Coolheaded","floor":32,"key":"SMITH"},{"data":"Buffer","floor":40,"key":"SMITH"},{"data":"Reboot","floor":46,"key":"SMITH"},{"data":"Chill","floor":49,"key":"SMITH"}],"neow_cost":"NONE","seed_source_timestamp":0,"circlet_count":0,"master_deck":["Strike_B","Defend_B","Defend_B","Zap","Dualcast","Ball Lightning","Genetic Algorithm+1","Coolheaded+1","Self Repair+1","Reboot+1","Echo Form","Loop+1","Glacier","Defragment+1","Go for the Eyes+1","Blizzard+1","Self Repair+1","Buffer+1","Chill+1","Parasite"],"special_seed":0,"relics":["Empty Cage","Bronze Scales","Gremlin Horn","MawBank","Nuclear Battery","MutagenicStrength","PreservedInsect","Lantern","Orichalcum","Thread and Needle","Incense Burner","Mummified Hand","Busted Crown","ClockworkSouvenir","Singing Bowl","Ornamental Fan","Calipers","Centennial Puzzle"],"potions_floor_usage":[18,21,22,24,29,31,50,50],"damage_taken":[{"damage":1.0,"enemies":"2 Louse","floor":1.0,"turns":4.0},{"damage":7.0,"enemies":"Jaw Worm","floor":4.0,"turns":3.0},{"damage":34.0,"enemies":"3 Sentries","floor":6.0,"turns":6.0},{"damage":30.0,"enemies":"Lagavulin","floor":8.0,"turns":6.0},{"damage":0.0,"enemies":"Small Slimes","floor":14.0,"turns":4.0},{"damage":39,"enemies":"The Guardian","floor":16,"turns":13},{"damage":7,"enemies":"Spheric Guardian","floor":18,"turns":4},{"damage":8,"enemies":"Shell Parasite","floor":21,"turns":6},{"damage":3,"enemies":"Chosen and Byrds","floor":22,"turns":9},{"damage":60,"enemies":"Slavers","floor":24,"turns":8},{"damage":5,"enemies":"Book of Stabbing","floor":27,"turns":4},{"damage":0,"enemies":"Snake Plant","floor":28,"turns":5},{"damage":11,"enemies":"Slavers","floor":29,"turns":5},{"damage":15,"enemies":"Colosseum Slavers","floor":31,"turns":9},{"damage":1,"enemies":"Colosseum Nobs","floor":31,"turns":4},{"damage":25,"enemies":"Automaton","floor":33,"turns":9},{"damage":0,"enemies":"Orb Walker","floor":35,"turns":5},{"damage":0,"enemies":"3 Shapes","floor":37,"turns":6},{"damage":0,"enemies":"Writhing Mass","floor":39,"turns":6},{"damage":2,"enemies":"Jaw Worm Horde","floor":41,"turns":5},{"damage":0,"enemies":"Reptomancer","floor":42,"turns":6},{"damage":0,"enemies":"Mind Bloom Boss Battle","floor":44,"turns":6},{"damage":0,"enemies":"Nemesis","floor":47,"turns":7},{"damage":3,"enemies":"Maw","floor":48,"turns":9},{"damage":13,"enemies":"Donu and Deca","floor":50,"turns":8}],"seed_played":"5213227382805943654","potions_obtained":[{"floor":4.0,"key":"SteroidPotion"},{"floor":6.0,"key":"Swift Potion"},{"floor":16,"key":"SkillPotion"},{"floor":18,"key":"Swift Potion"},{"floor":21,"key":"SpeedPotion"},{"floor":27,"key":"SneckoOil"},{"floor":28,"key":"Regen Potion"},{"floor":29,"key":"SpeedPotion"},{"floor":37,"key":"Poison Potion"},{"floor":44,"key":"PowerPotion"},{"floor":47,"key":"FearPotion"},{"floor":48,"key":"Block Potion"}],"is_trial":false,"path_per_floor":["M","?","?","M","?","E","R","E","T","$","R","$","R","M","R","B",null,"M","?","?","M","M","R","E","R","T","E","M","E","R","?","R","B",null,"M","?","M","$","M","R","M","E","T","?","?","R","E","M","R","B",null],"character_chosen":"DEFECT","items_purchased":["Self Repair","Chill","ClockworkSouvenir"],"campfire_rested":2,"item_purchase_floors":[12,38,38],"current_hp_per_floor":[67,72,72,65,65,31,31,1,1,1,25,25,25,35,59,30,68,80,65,65,67,64,64,24,24,24,39,59,82,82,85,85,80,84,85,85,85,85,85,85,85,87,87,89,88,88,95,97,97,97],"gold":409,"neow_bonus":"BOSS_RELIC","is_prod":false,"is_daily":false,"chose_seed":false,"campfire_upgraded":9,"win_rate":0,"timestamp":1553513211,"path_taken":["M","?","?","M","?","E","R","E","T","$","R","$","R","M","R","BOSS","M","?","?","M","M","R","E","R","T","E","M","E","R","?","R","BOSS","M","?","M","$","M","R","M","E","T","?","?","R","E","M","R","BOSS"],"build_version":"2019-01-23","purchased_purges":2,"victory":true,"max_hp_per_floor":[75,80,80,80,80,80,80,80,80,80,80,80,80,80,80,80,80,80,85,85,85,85,85,85,85,85,85,85,85,85,85,85,85,85,85,85,85,85,85,85,85,87,87,89,93,93,95,97,97,97],"card_choices":[{"not_picked":["Go for the Eyes","Consume"],"picked":"Ball Lightning","floor":1.0},{"not_picked":["Turbo","Scrape"],"picked":"Genetic Algorithm","floor":4.0},{"not_picked":["Steam","Stack","Barrage"],"picked":"SKIP","floor":6.0},{"not_picked":["Leap","Cold Snap"],"picked":"Coolheaded","floor":8.0},{"not_picked":["Stack","Beam Cell"],"picked":"Reboot","floor":14},{"not_picked":["All For One","Creative AI"],"picked":"Echo Form","floor":16},{"not_picked":["Ball Lightning","Steam+1"],"picked":"Loop+1","floor":18},{"not_picked":["Leap","Coolheaded+1"],"picked":"Glacier","floor":21},{"not_picked":["Coolheaded","Go for the Eyes"],"picked":"Defragment","floor":22},{"not_picked":["Beam Cell","Self Repair"],"picked":"Go for the Eyes","floor":24},{"not_picked":["Fusion+1","Compile Driver","Amplify"],"picked":"SKIP","floor":27},{"not_picked":["Redo","Force Field","Go for the Eyes"],"picked":"SKIP","floor":28},{"not_picked":["Steam+1","Rebound"],"picked":"Blizzard","floor":29},{"not_picked":["Undo+1","Ball Lightning"],"picked":"Self Repair+1","floor":31},{"not_picked":["Fission","Biased Cognition"],"picked":"Buffer","floor":33},{"not_picked":["Turbo+1"],"picked":"SKIP","floor":35},{"not_picked":["Streamline+1"],"picked":"SKIP","floor":37},{"not_picked":["Ball Lightning"],"picked":"SKIP","floor":39},{"not_picked":["Sweeping Beam"],"picked":"SKIP","floor":41},{"not_picked":["Conserve Battery"],"picked":"Singing Bowl","floor":42},{"not_picked":["Hello World"],"picked":"Singing Bowl","floor":44},{"not_picked":["Swift Strike"],"picked":"Singing Bowl","floor":45},{"not_picked":["Impatience"],"picked":"Singing Bowl","floor":45},{"not_picked":["Aggregate+1"],"picked":"Singing Bowl","floor":47},{"not_picked":["Leap"],"picked":"Singing Bowl","floor":48}],"player_experience":739884,"relics_obtained":[{"floor":6.0,"key":"Bronze Scales"},{"floor":8.0,"key":"Gremlin Horn"},{"floor":9.0,"key":"MawBank"},{"floor":24,"key":"PreservedInsect"},{"floor":26,"key":"Lantern"},{"floor":27,"key":"Orichalcum"},{"floor":29,"key":"Thread and Needle"},{"floor":31,"key":"Incense Burner"},{"floor":31,"key":"Mummified Hand"},{"floor":42,"key":"Singing Bowl"},{"floor":43,"key":"Ornamental Fan"},{"floor":44,"key":"Calipers"},{"floor":47,"key":"Centennial Puzzle"}],"event_choices":[{"damage_healed":0.0,"max_hp_gain":5.0,"max_hp_loss":0.0,"gold_gain":0.0,"event_name":"Big Fish","player_choice":"Donut","floor":2.0,"gold_loss":0.0,"damage_taken":0.0},{"damage_healed":0.0,"max_hp_gain":0.0,"max_hp_loss":0.0,"gold_gain":0.0,"event_name":"Liars Game","player_choice":"Ignored","floor":3.0,"gold_loss":0.0,"damage_taken":0.0},{"cards_removed":["Defend_B"],"damage_healed":0.0,"max_hp_gain":0.0,"max_hp_loss":0.0,"gold_gain":0.0,"event_name":"The Cleric","player_choice":"Card Removal","floor":5.0,"gold_loss":50.0,"damage_taken":0.0},{"damage_healed":0,"gold_gain":0,"player_choice":"Shed Blood","damage_taken":20,"max_hp_gain":5,"max_hp_loss":0,"event_name":"Forgotten Altar","floor":19,"gold_loss":0},{"damage_healed":0,"gold_gain":0,"player_choice":"Inject Mutagens","damage_taken":0,"relics_obtained":["MutagenicStrength"],"max_hp_gain":0,"max_hp_loss":0,"event_name":"Drug Dealer","floor":20,"gold_loss":0},{"damage_healed":0,"gold_gain":0,"player_choice":"Fight","damage_taken":0,"max_hp_gain":0,"max_hp_loss":0,"event_name":"Colosseum","floor":31,"gold_loss":0},{"damage_healed":0,"gold_gain":0,"player_choice":"Fought Nobs","damage_taken":0,"max_hp_gain":0,"max_hp_loss":0,"event_name":"Colosseum","floor":31,"gold_loss":0},{"damage_healed":0,"gold_gain":0,"player_choice":"Ignored","damage_taken":0,"max_hp_gain":0,"max_hp_loss":0,"event_name":"Tomb of Lord Red Mask","floor":36,"gold_loss":0},{"damage_healed":0,"gold_gain":0,"player_choice":"Fight","damage_taken":0,"max_hp_gain":0,"max_hp_loss":0,"event_name":"MindBloom","floor":44,"gold_loss":0},{"damage_healed":0,"gold_gain":0,"player_choice":"Memory 2","damage_taken":5,"max_hp_gain":0,"max_hp_loss":0,"event_name":"SensoryStone","floor":45,"gold_loss":0}],"is_beta":false,"boss_relics":[{"not_picked":["Lizard Tail","Runic Dome"],"picked":"Nuclear Battery"},{"not_picked":["Runic Pyramid","White Beast Statue"],"picked":"Busted Crown"}],"items_purged_floors":[10,38],"is_endless":false,"potions_floor_spawned":[4,6,16,18,21,27,28,29,37,44,47,48],"ascension_level":6}