{"gold_per_floor":[116,135,135,152,2,30,30,57,57,57,68,33,33,208,208,208],"floor_reached":16,"playtime":3117,"items_purged":[],"score":167,"play_id":"91fa38e6-ed6d-4837-b116-cab4ccc0f932","local_time":"20190329162430","is_ascension_mode":true,"campfire_choices":[{"floor":7,"key":"REST"},{"data":"Buffer","floor":13,"key":"SMITH"},{"data":"Zap","floor":15,"key":"SMITH"}],"neow_cost":"NONE","seed_source_timestamp":28414817549125,"circlet_count":0,"master_deck":["AscendersBane","Strike_B","Strike_B","Strike_B","Strike_B","Defend_B","Defend_B","Defend_B","Defend_B","Zap+1","Dualcast","Streamline","Barrage","Compile Driver","Buffer+1","Clumsy","Doubt"],"relics":["Cursed Key","Pen Nib","Turnip","Sundial","Question Card","NlothsMask"],"potions_floor_usage":[6],"damage_taken":[{"damage":6,"enemies":"Jaw Worm","floor":1,"turns":6},{"damage":0,"enemies":"Cultist","floor":2,"turns":3},{"damage":2,"enemies":"Small Slimes","floor":4,"turns":3},{"damage":45,"enemies":"3 Sentries","floor":6,"turns":9},{"damage":30,"enemies":"Gremlin Nob","floor":8,"turns":4},{"damage":9,"enemies":"Red Slaver","floor":11,"turns":3},{"damage":31,"enemies":"The Guardian","floor":16,"turns":2}],"seed_played":"-331378631377284605","potions_obtained":[{"floor":1,"key":"LiquidBronze"},{"floor":2,"key":"PowerPotion"}],"is_trial":false,"path_per_floor":["M","M","?","M","$","E","R","E","T","?","M","?","R","?","R","B"],"character_chosen":"DEFECT","items_purchased":["Pen Nib"],"campfire_rested":1,"item_purchase_floors":[5],"current_hp_per_floor":[62,62,75,73,73,28,50,20,20,20,11,29,29,29,29,0],"gold":208,"neow_bonus":"BOSS_RELIC","is_prod":false,"is_daily":false,"chose_seed":false,"campfire_upgraded":2,"win_rate":0,"timestamp":1553876670,"path_taken":["M","M","?","M","?","E","R","E","T","?","?","?","R","?","R","BOSS"],"build_version":"2019-01-23","purchased_purges":0,"victory":false,"max_hp_per_floor":[75,75,75,75,75,75,75,75,75,75,75,75,75,75,75,75],"card_choices":[{"not_picked":["Double Energy","Defragment"],"picked":"Streamline","floor":1},{"not_picked":["Force Field","Chill"],"picked":"Sunder","floor":2},{"not_picked":["Steam Power","Consume"],"picked":"Barrage","floor":4},{"not_picked":["Streamline","Redo"],"picked":"Compile Driver","floor":6},{"not_picked":["Meteor Strike","Beam Cell"],"picked":"Buffer","floor":8},{"not_picked":["Gash","Compile Driver","Beam Cell","Capacitor"],"picked":"SKIP","floor":11}],"player_experience":821668,"relics_obtained":[{"floor":6,"key":"Turnip"},{"floor":8,"key":"Sundial"},{"floor":9,"key":"Question Card"}],"event_choices":[{"cards_removed":["Sunder"],"damage_healed":13,"gold_gain":0,"player_choice":"Offered Uncommon","damage_taken":0,"max_hp_gain":0,"max_hp_loss":0,"event_name":"Bonfire Elementals","floor":3,"gold_loss":0},{"damage_healed":0,"gold_gain":0,"player_choice":"Trade","damage_taken":0,"relics_obtained":["NlothsMask"],"max_hp_gain":0,"max_hp_loss":0,"event_name":"FaceTrader","floor":10,"gold_loss":0},{"damage_healed":18,"gold_gain":0,"player_choice":"Healed","damage_taken":0,"max_hp_gain":0,"max_hp_loss":0,"event_name":"The Cleric","floor":12,"gold_loss":35},{"damage_healed":0,"gold_gain":175,"player_choice":"AGREE","damage_taken":0,"max_hp_gain":0,"max_hp_loss":0,"event_name":"Liars Game","floor":14,"gold_loss":0,"cards_obtained":["Doubt"]}],"is_beta":false,"boss_relics":[],"items_purged_floors":[],"is_endless":false,"potions_floor_spawned":[1,2],"killed_by":"The Guardian","ascension_level":11}