{"gold_per_floor":[113,113,113,188,208,240,290,173,173,54,54,73,73,100,100,177,177,188,238,238,248,263,263,263,276,276,276,293,293,309,337,337,411,411,425,425,441,456,471,496,496,496],"floor_reached":42,"playtime":2990,"items_purged":["Strike_B"],"score":1112,"play_id":"4d16f8d1-de51-4bd8-b888-00787454c696","local_time":"20190411224418","is_ascension_mode":true,"campfire_choices":[{"data":"Defragment","floor":11.0,"key":"SMITH"},{"data":"Defragment","floor":13.0,"key":"SMITH"},{"data":"Loop","floor":15.0,"key":"SMITH"},{"floor":23.0,"key":"REST"},{"floor":27.0,"key":"REST"},{"floor":29.0,"key":"REST"},{"floor":32.0,"key":"REST"},{"floor":41,"key":"REST"}],"neow_cost":"NONE","seed_source_timestamp":67340795112296,"circlet_count":0,"master_deck":["AscendersBane","Defend_B","Defend_B","Defend_B","Defend_B","Zap","Dualcast","Defragment+1","Coolheaded","Defragment+1","Loop+1","Doom and Gloom","Loop","Core Surge","Leap","Creative AI","Hologram+1","Coolheaded","Redo","White Noise","Conserve Battery","Hologram","Buffer","Electrodynamics","Defragment+1"],"special_seed":0,"relics":["Cracked Core","Oddly Smooth Stone","Anchor","Meat on the Bone","Vajra","Inserter","Nloth\u0027s Gift","Smiling Mask","Calipers","Snecko Eye","Frozen Egg 2"],"potions_floor_usage":[39,40],"damage_taken":[{"damage":0.0,"enemies":"Small Slimes","floor":1.0,"turns":1.0},{"damage":0.0,"enemies":"2 Louse","floor":5.0,"turns":1.0},{"damage":0.0,"enemies":"Gremlin Nob","floor":6.0,"turns":1.0},{"damage":0.0,"enemies":"Jaw Worm","floor":12.0,"turns":3.0},{"damage":4.0,"enemies":"Lagavulin","floor":14.0,"turns":7.0},{"damage":0.0,"enemies":"The Guardian","floor":16.0,"turns":14.0},{"damage":16.0,"enemies":"Shell Parasite","floor":18.0,"turns":5.0},{"damage":10.0,"enemies":"Chosen","floor":21.0,"turns":5.0},{"damage":35.0,"enemies":"Snake Plant","floor":22.0,"turns":5.0},{"damage":35.0,"enemies":"Cultist and Chosen","floor":25.0,"turns":6.0},{"damage":10.0,"enemies":"Snecko","floor":28.0,"turns":6.0},{"damage":13.0,"enemies":"Centurion and Healer","floor":30.0,"turns":12.0},{"damage":46.0,"enemies":"Book of Stabbing","floor":31.0,"turns":9.0},{"damage":39.0,"enemies":"Collector","floor":33.0,"turns":20.0},{"damage":0.0,"enemies":"Orb Walker","floor":35.0,"turns":5.0},{"damage":4.0,"enemies":"3 Shapes","floor":37.0,"turns":4.0},{"damage":26.0,"enemies":"Jaw Worm Horde","floor":38.0,"turns":3.0},{"damage":0,"enemies":"Maw","floor":39,"turns":7},{"damage":29,"enemies":"Giant Head","floor":40,"turns":11},{"damage":47,"enemies":"Reptomancer","floor":42,"turns":2}],"seed_played":"3920524438398290718","potions_obtained":[{"floor":5.0,"key":"Poison Potion"},{"floor":6.0,"key":"AttackPotion"},{"floor":14.0,"key":"FearPotion"},{"floor":21.0,"key":"SkillPotion"},{"floor":22.0,"key":"Ancient Potion"},{"floor":25.0,"key":"Fire Potion"},{"floor":30.0,"key":"Block Potion"},{"floor":33.0,"key":"SkillPotion"},{"floor":37.0,"key":"PowerPotion"},{"floor":38.0,"key":"PowerPotion"}],"is_trial":false,"path_per_floor":["M","?","?","?","M","E","T","$","T","$","R","M","R","E","R","B",null,"M","?","?","M","M","R","?","M","T","R","M","R","M","E","R","B",null,"M","?","M","M","M","E","R","E"],"character_chosen":"DEFECT","items_purchased":["Loop","Doom and Gloom","Loop"],"campfire_rested":5,"item_purchase_floors":[8,10,10],"current_hp_per_floor":[64,57,62,51,51,51,51,51,51,51,51,51,51,47,47,47,69,53,53,53,43,20,42,42,19,19,41,43,65,52,18,40,13,60,60,60,56,42,42,25,47,0],"gold":496,"neow_bonus":"THREE_ENEMY_KILL","is_prod":false,"is_daily":false,"chose_seed":false,"campfire_upgraded":3,"win_rate":0,"timestamp":1555044258,"path_taken":["M","?","?","?","M","E","?","$","T","?","R","M","R","E","R","BOSS","M","?","?","?","M","R","?","M","T","R","M","R","M","E","R","BOSS","M","?","M","M","?","E","R","E"],"build_version":"2019-04-04","purchased_purges":1,"victory":false,"max_hp_per_floor":[71,71,76,76,76,76,76,76,76,76,76,76,76,76,76,76,76,76,76,76,76,76,76,76,76,76,76,76,76,76,76,76,76,76,76,76,76,76,76,76,76,76],"card_choices":[{"not_picked":["Go for the Eyes","Conserve Battery"],"picked":"Defragment","floor":1.0},{"not_picked":["Steam","Hologram"],"picked":"Coolheaded","floor":5.0},{"not_picked":["Turbo","Lockon"],"picked":"Defragment","floor":6.0},{"not_picked":["Auto Shields","Redo"],"picked":"Core Surge","floor":12.0},{"not_picked":["Consume","Rebound"],"picked":"Leap","floor":14.0},{"not_picked":["All For One","Meteor Strike"],"picked":"Creative AI","floor":16.0},{"not_picked":["Go for the Eyes","Capacitor"],"picked":"Hologram+1","floor":18.0},{"not_picked":["Sweeping Beam","Barrage","Reprogram"],"picked":"SKIP","floor":21.0},{"not_picked":["Barrage","Tempest"],"picked":"Coolheaded","floor":22.0},{"not_picked":["Rebound","Genetic Algorithm","Stack"],"picked":"SKIP","floor":25.0},{"not_picked":["Static Discharge","Meteor Strike"],"picked":"Conserve Battery","floor":28.0},{"not_picked":["Cold Snap+1","Steam"],"picked":"Hologram","floor":30.0},{"not_picked":["Conserve Battery","Steam"],"picked":"Buffer","floor":31.0},{"not_picked":["Meteor Strike","All For One"],"picked":"Electrodynamics","floor":33.0},{"not_picked":["Rebound","Beam Cell+1","Cold Snap"],"picked":"SKIP","floor":35.0},{"not_picked":["Darkness","Beam Cell","Go for the Eyes+1"],"picked":"SKIP","floor":37.0},{"not_picked":["Beam Cell","Stack","White Noise"],"picked":"SKIP","floor":38.0},{"not_picked":["Multi-Cast","Auto Shields","Compile Driver"],"picked":"SKIP","floor":39},{"not_picked":["Redo","Auto Shields+1","Doom and Gloom+1"],"picked":"SKIP","floor":40}],"player_experience":2854676,"relics_obtained":[{"floor":6.0,"key":"Oddly Smooth Stone"},{"floor":7.0,"key":"Anchor"},{"floor":9.0,"key":"Meat on the Bone"},{"floor":14.0,"key":"Vajra"},{"floor":26.0,"key":"Smiling Mask"},{"floor":31.0,"key":"Calipers"},{"floor":40,"key":"Frozen Egg 2"}],"event_choices":[{"cards_removed":["Strike_B"],"damage_healed":0.0,"max_hp_gain":0.0,"max_hp_loss":0.0,"gold_gain":0.0,"event_name":"Golden Wing","player_choice":"Card Removal","floor":2.0,"gold_loss":0.0,"damage_taken":7.0},{"damage_healed":0.0,"max_hp_gain":5.0,"max_hp_loss":0.0,"gold_gain":0.0,"event_name":"Big Fish","player_choice":"Donut","floor":3.0,"gold_loss":0.0,"damage_taken":0.0},{"damage_healed":0.0,"max_hp_gain":0.0,"max_hp_loss":0.0,"gold_gain":75.0,"event_name":"World of Goop","player_choice":"Gather Gold","floor":4.0,"gold_loss":0.0,"damage_taken":11.0},{"damage_healed":0.0,"max_hp_gain":0.0,"max_hp_loss":0.0,"gold_gain":50.0,"event_name":"Nest","player_choice":"Stole From Cult","floor":19.0,"gold_loss":0.0,"damage_taken":0.0},{"damage_healed":0.0,"max_hp_gain":0.0,"max_hp_loss":0.0,"gold_gain":0.0,"event_name":"N\u0027loth","player_choice":"Traded Relic","floor":20.0,"relics_lost":["NeowsBlessing"],"gold_loss":0.0,"damage_taken":0.0,"relics_obtained":["Nloth\u0027s Gift"]},{"damage_healed":0.0,"max_hp_gain":0.0,"max_hp_loss":0.0,"gold_gain":0.0,"cards_transformed":["Strike_B","Strike_B"],"event_name":"Drug Dealer","player_choice":"Became Test Subject","floor":24.0,"gold_loss":0.0,"damage_taken":0.0,"cards_obtained":["Redo","White Noise"]},{"damage_healed":0.0,"max_hp_gain":0.0,"max_hp_loss":0.0,"gold_gain":0.0,"event_name":"Duplicator","player_choice":"Copied","floor":36.0,"gold_loss":0.0,"damage_taken":0.0,"cards_obtained":["Defragment"]}],"is_beta":true,"boss_relics":[{"not_picked":["Lizard Tail","Runic Pyramid"],"picked":"Inserter"},{"not_picked":["Orrery","Calling Bell"],"picked":"Snecko Eye"}],"items_purged_floors":[8],"is_endless":false,"potions_floor_spawned":[5,6,14,21,22,25,30,33,37,38],"killed_by":"Reptomancer","ascension_level":20}