{"gold_per_floor":[118,136,211,92,109,109,123,123,123,141,175,175,205,170,170,248,248,265,24,53,72,72,72,106,106,132,132,156,186,216,244,256,268],"floor_reached":33,"playtime":4082,"items_purged":["Defend_G"],"score":524,"play_id":"d06718c4-ef44-4151-81f7-f57e6d02d90c","local_time":"20190320121114","is_ascension_mode":true,"campfire_choices":[{"data":"Neutralize","floor":6,"key":"SMITH"},{"floor":8,"key":"REST"},{"floor":15,"key":"REST"},{"floor":23,"key":"REST"},{"floor":25,"key":"DIG"},{"floor":27,"key":"DIG"},{"floor":32,"key":"DIG"}],"neow_cost":"PERCENT_DAMAGE","seed_source_timestamp":566314903569815,"circlet_count":0,"master_deck":["AscendersBane","Defend_G","Defend_G","Defend_G","Defend_G","Survivor","Neutralize+1","Terror","Doppelganger","Dagger Throw","Infinite Blades","Backstab","PiercingWail","Poisoned Stab","Malaise","Caltrops","Blade Dance+1","Noxious Fumes","Flying Knee+1","Bite+1","Bite+1","Bite+1","Bite+1","Bite+1","Sucker Punch+1"],"relics":["Ring of the Snake","Matryoshka","Molten Egg 2","Pen Nib","Shovel","Sozu","Snake Skull","Red Mask","Thread and Needle","Pear","Strawberry","Juzu Bracelet","MawBank","Bag of Marbles"],"potions_floor_usage":[11,20],"damage_taken":[{"damage":1,"enemies":"Small Slimes","floor":1,"turns":4},{"damage":2,"enemies":"Jaw Worm","floor":2,"turns":5},{"damage":0,"enemies":"2 Louse","floor":5,"turns":3},{"damage":1,"enemies":"2 Fungi Beasts","floor":7,"turns":4},{"damage":0,"enemies":"Blue Slaver","floor":10,"turns":4},{"damage":11,"enemies":"Lagavulin","floor":11,"turns":5},{"damage":20,"enemies":"3 Sentries","floor":13,"turns":9},{"damage":1,"enemies":"Hexaghost","floor":16,"turns":9},{"damage":2,"enemies":"Chosen","floor":18,"turns":6},{"damage":31,"enemies":"Masked Bandits","floor":20,"turns":6},{"damage":19,"enemies":"2 Thieves","floor":21,"turns":5},{"damage":17,"enemies":"Book of Stabbing","floor":24,"turns":6},{"damage":15,"enemies":"Sentry and Sphere","floor":28,"turns":7},{"damage":8,"enemies":"3 Cultists","floor":29,"turns":6},{"damage":1,"enemies":"Cultist and Chosen","floor":30,"turns":6},{"damage":10,"enemies":"Shelled Parasite and Fungi","floor":31,"turns":6},{"damage":73,"enemies":"Collector","floor":33,"turns":7}],"seed_played":"8447554588908691900","potions_obtained":[{"floor":2,"key":"PowerPotion"},{"floor":5,"key":"Energy Potion"}],"is_trial":false,"path_per_floor":["M","M","?","$","M","R","M","R","T","M","E","?","E","?","R","B",null,"M","$","?","M","?","R","E","R","T","R","M","M","M","M","R","B"],"character_chosen":"THE_SILENT","items_purchased":["Backstab","Noxious Fumes","Snake Skull"],"campfire_rested":3,"item_purchase_floors":[4,19,19],"current_hp_per_floor":[43,41,30,30,30,30,29,48,48,48,37,26,6,22,41,40,60,58,58,27,8,8,21,19,29,36,36,45,55,63,62,62,0],"gold":268,"neow_bonus":"TRANSFORM_TWO_CARDS","is_prod":false,"is_daily":false,"chose_seed":false,"campfire_upgraded":1,"win_rate":0,"timestamp":1553083874,"path_taken":["M","M","?","$","M","R","M","R","T","M","E","?","E","?","R","BOSS","M","$","?","M","?","R","E","R","T","R","M","M","M","M","R","BOSS"],"build_version":"2019-01-23","purchased_purges":1,"victory":false,"max_hp_per_floor":[66,66,66,66,66,66,66,66,66,66,66,66,66,66,66,66,66,66,66,66,66,46,46,46,56,63,63,63,63,63,63,63,63],"card_choices":[{"not_picked":["Bane","Prepared"],"picked":"Dagger Throw","floor":1},{"not_picked":["Deadly Poison","Expertise"],"picked":"Infinite Blades","floor":2},{"not_picked":["Dodge and Roll","Backflip","Bane"],"picked":"SKIP","floor":5},{"not_picked":["Underhanded Strike","Calculated Gamble"],"picked":"PiercingWail","floor":7},{"not_picked":["Dagger Throw","Masterful Stab"],"picked":"Poisoned Stab","floor":10},{"not_picked":["Deflect","Die Die Die"],"picked":"Malaise","floor":11},{"not_picked":["Setup","Choke+1"],"picked":"Caltrops","floor":13},{"not_picked":["Expertise","Underhanded Strike+1"],"picked":"Blade Dance+1","floor":18},{"not_picked":["Predator+1","Concentrate"],"picked":"Flying Knee+1","floor":21},{"not_picked":["Concentrate","Storm of Steel","All Out Attack+1"],"picked":"SKIP","floor":24},{"not_picked":["Accuracy","PiercingWail"],"picked":"Sucker Punch+1","floor":28},{"not_picked":["Setup","Dash+1","Reflex"],"picked":"SKIP","floor":29},{"not_picked":["Slice+1","Dagger Spray+1","Flying Knee+1"],"picked":"SKIP","floor":30},{"not_picked":["Sucker Punch+1","Acrobatics","Quick Slash+1"],"picked":"SKIP","floor":31}],"player_experience":671886,"relics_obtained":[{"floor":9,"key":"Matryoshka"},{"floor":11,"key":"Molten Egg 2"},{"floor":13,"key":"Shovel"},{"floor":20,"key":"Red Mask"},{"floor":24,"key":"Thread and Needle"},{"floor":25,"key":"Pear"},{"floor":26,"key":"Strawberry"},{"floor":26,"key":"Juzu Bracelet"},{"floor":27,"key":"MawBank"},{"floor":32,"key":"Bag of Marbles"}],"event_choices":[{"damage_healed":0,"gold_gain":75,"player_choice":"Gather Gold","damage_taken":11,"max_hp_gain":0,"max_hp_loss":0,"event_name":"World of Goop","floor":3,"gold_loss":0},{"damage_healed":0,"gold_gain":0,"player_choice":"Success","damage_taken":11,"relics_obtained":["Pen Nib"],"max_hp_gain":0,"max_hp_loss":0,"event_name":"Scrap Ooze","floor":12,"gold_loss":0},{"damage_healed":16,"gold_gain":0,"player_choice":"Healed","damage_taken":0,"max_hp_gain":0,"max_hp_loss":0,"event_name":"The Cleric","floor":14,"gold_loss":35},{"damage_healed":0,"gold_gain":0,"player_choice":"Fought Bandits","damage_taken":0,"max_hp_gain":0,"max_hp_loss":0,"event_name":"Masked Bandits","floor":20,"gold_loss":0},{"damage_healed":0,"gold_gain":0,"player_choice":"Became a vampire","damage_taken":0,"max_hp_gain":0,"max_hp_loss":20,"event_name":"Vampires","floor":22,"gold_loss":0,"cards_obtained":["Bite","Bite","Bite","Bite","Bite"]}],"is_beta":false,"boss_relics":[{"not_picked":["Snecko Eye","Calling Bell"],"picked":"Sozu"}],"items_purged_floors":[4],"is_endless":false,"potions_floor_spawned":[2,5,20,24,28,29],"killed_by":"Collector","ascension_level":16}