{"gold_per_floor":[113,113,83,93,112,112,141,141,141,157,90,104,104,159,171,288,300,328,340,365,377],"floor_reached":21,"playtime":5937,"items_purged":[],"score":261,"play_id":"a8756e54-40c6-4b8b-9221-9d3370dbf919","local_time":"20190322162413","is_ascension_mode":true,"campfire_choices":[{"data":"Doom and Gloom","floor":6.0,"key":"SMITH"},{"data":"Conserve Battery","floor":8.0,"key":"SMITH"},{"floor":15,"key":"REST"}],"neow_cost":"NONE","seed_source_timestamp":0,"circlet_count":0,"master_deck":["Defend_B","Defend_B","Defend_B","Defend_B","Zap","Dualcast","Doom and Gloom+1","Gash","Rebound","Conserve Battery+1","Static Discharge","Defragment","Ball Lightning","White Noise","Coolheaded","Echo Form","Consume","Bite","Bite","Bite","Bite","Bite","Stack+1"],"special_seed":0,"relics":["Philosopher\u0027s Stone","Pear","Matryoshka","MawBank","Darkstone Periapt","Dream Catcher","Inserter"],"potions_floor_usage":[16,16],"damage_taken":[{"damage":10.0,"enemies":"Jaw Worm","floor":1.0,"turns":4.0},{"damage":0.0,"enemies":"Cultist","floor":4.0,"turns":3.0},{"damage":0.0,"enemies":"Small Slimes","floor":5.0,"turns":2.0},{"damage":38.0,"enemies":"Gremlin Nob","floor":7.0,"turns":4.0},{"damage":0.0,"enemies":"3 Louse","floor":10.0,"turns":3.0},{"damage":0.0,"enemies":"Gremlin Gang","floor":12.0,"turns":2.0},{"damage":17.0,"enemies":"Lagavulin","floor":14.0,"turns":6.0},{"damage":11,"enemies":"The Guardian","floor":16,"turns":9},{"damage":33,"enemies":"2 Thieves","floor":18,"turns":4},{"damage":25,"enemies":"3 Byrds","floor":20,"turns":3},{"damage":35,"enemies":"Centurion and Healer","floor":21,"turns":2}],"seed_played":"-5088021199655107955","potions_obtained":[{"floor":3.0,"key":"SneckoOil"},{"floor":3.0,"key":"Fire Potion"},{"floor":4.0,"key":"LiquidBronze"},{"floor":7.0,"key":"AttackPotion"},{"floor":12.0,"key":"GamblersBrew"}],"is_trial":false,"path_per_floor":["M","?","?","M","M","R","E","R","T","M","$","M","T","E","R","B",null,"M","?","M","M"],"character_chosen":"DEFECT","items_purchased":["Defragment"],"campfire_rested":1,"item_purchase_floors":[11],"current_hp_per_floor":[65,70,70,70,70,70,42,42,42,42,42,42,42,25,52,41,78,45,45,24,0],"gold":377,"neow_bonus":"BOSS_RELIC","is_prod":false,"is_daily":false,"chose_seed":false,"campfire_upgraded":2,"win_rate":0,"timestamp":1553271853,"path_taken":["M","?","?","M","M","R","E","R","T","?","?","?","?","E","R","BOSS","M","?","M","M"],"build_version":"2019-01-23","purchased_purges":0,"victory":false,"max_hp_per_floor":[75,80,80,80,80,80,90,90,90,90,90,90,90,90,90,90,90,90,63,63,63],"card_choices":[{"not_picked":["Turbo","Beam Cell"],"picked":"Doom and Gloom","floor":1.0},{"not_picked":["Turbo","FTL"],"picked":"Gash","floor":4.0},{"not_picked":["Fusion","Skim"],"picked":"Rebound","floor":5.0},{"not_picked":["Beam Cell","Ball Lightning"],"picked":"Conserve Battery","floor":7.0},{"not_picked":["Conserve Battery","Self Repair"],"picked":"Static Discharge","floor":10.0},{"not_picked":["Sweeping Beam","Beam Cell"],"picked":"Ball Lightning","floor":12.0},{"not_picked":["Redo","Doom and Gloom"],"picked":"White Noise","floor":14},{"not_picked":["Darkness","Redo"],"picked":"Coolheaded","floor":15},{"not_picked":["Fission","Creative AI"],"picked":"Echo Form","floor":16},{"not_picked":["Beam Cell+1","Conserve Battery"],"picked":"Consume","floor":18},{"not_picked":["Steam","White Noise"],"picked":"Stack+1","floor":20}],"player_experience":720314,"relics_obtained":[{"floor":7.0,"key":"Pear"},{"floor":9.0,"key":"Matryoshka"},{"floor":13.0,"key":"MawBank"},{"floor":13.0,"key":"Darkstone Periapt"},{"floor":14,"key":"Dream Catcher"}],"event_choices":[{"damage_healed":0.0,"max_hp_gain":5.0,"max_hp_loss":0.0,"gold_gain":0.0,"event_name":"Big Fish","player_choice":"Donut","floor":2.0,"gold_loss":0.0,"damage_taken":0.0},{"damage_healed":0.0,"max_hp_gain":0.0,"max_hp_loss":0.0,"gold_gain":0.0,"event_name":"The Woman in Blue","player_choice":"Bought 2 Potions","floor":3.0,"gold_loss":0.0,"damage_taken":0.0},{"damage_healed":0,"gold_gain":0,"player_choice":"Became a vampire","damage_taken":0,"max_hp_gain":0,"max_hp_loss":27,"event_name":"Vampires","floor":19,"gold_loss":0,"cards_obtained":["Bite","Bite","Bite","Bite","Bite"]}],"is_beta":false,"boss_relics":[{"not_picked":["Runic Dome","Nuclear Battery"],"picked":"Inserter"}],"items_purged_floors":[],"is_endless":false,"potions_floor_spawned":[4,7,12],"killed_by":"Centurion and Healer","ascension_level":5}