{"gold_per_floor":[112,130,130,55,105,105,5,5,5,22,54,81,93,140,152,164],"floor_reached":16,"playtime":451,"items_purged":["Strike_B","Strike_B"],"score":266,"play_id":"f9321b92-7f7b-476c-83ba-88affa14393b","local_time":"20190411162939","is_ascension_mode":true,"campfire_choices":[{"data":"Zap","floor":6.0,"key":"SMITH"},{"data":"Biased Cognition","floor":8.0,"key":"SMITH"},{"floor":13.0,"key":"REST"},{"data":"Biased Cognition","floor":15.0,"key":"SMITH"}],"neow_cost":"CURSE","seed_source_timestamp":47608687651950,"circlet_count":0,"master_deck":["AscendersBane","Strike_B","Strike_B","Defend_B","Defend_B","Defend_B","Defend_B","Zap+1","Dualcast","Biased Cognition+1","BootSequence","Ball Lightning","Conserve Battery","Steam","Conserve Battery","Biased Cognition+1"],"special_seed":0,"relics":["Cracked Core","The Courier","MawBank","Mercury Hourglass"],"potions_floor_usage":[16],"damage_taken":[{"damage":11.0,"enemies":"Small Slimes","floor":1.0,"turns":3.0},{"damage":5.0,"enemies":"Jaw Worm","floor":2.0,"turns":4.0},{"damage":0.0,"enemies":"Cultist","floor":10.0,"turns":3.0},{"damage":0.0,"enemies":"Lagavulin","floor":11.0,"turns":6.0},{"damage":12.0,"enemies":"Gremlin Gang","floor":12.0,"turns":4.0},{"damage":35.0,"enemies":"Gremlin Nob","floor":14.0,"turns":4.0},{"damage":27,"enemies":"The Guardian","floor":16,"turns":2}],"seed_played":"-971889185104964545","potions_obtained":[{"floor":1.0,"key":"AttackPotion"},{"floor":11.0,"key":"Dexterity Potion"}],"is_trial":false,"path_per_floor":["M","M","?","$","?","R","$","R","T","M","E","M","R","E","R","B"],"character_chosen":"DEFECT","items_purchased":[],"campfire_rested":1,"item_purchase_floors":[],"current_hp_per_floor":[53,48,41,41,41,41,41,41,41,41,41,29,50,15,15,0],"gold":164,"neow_bonus":"THREE_RARE_CARDS","is_prod":false,"is_daily":false,"chose_seed":false,"campfire_upgraded":3,"win_rate":0,"timestamp":1555021779,"path_taken":["M","M","?","$","?","R","$","R","T","?","E","M","R","E","R","BOSS"],"build_version":"2019-04-04","purchased_purges":2,"victory":false,"max_hp_per_floor":[71,71,71,71,71,71,71,71,71,71,71,71,71,71,71,71],"card_choices":[{"not_picked":["Meteor Strike","Amplify"],"picked":"Biased Cognition","floor":0.0},{"not_picked":["Conserve Battery","Sweeping Beam"],"picked":"BootSequence","floor":1.0},{"not_picked":["BootSequence","Scrape"],"picked":"Ball Lightning","floor":2.0},{"not_picked":["Doom and Gloom","Rebound"],"picked":"Conserve Battery","floor":10.0},{"not_picked":["Force Field","Stack"],"picked":"Steam","floor":11.0},{"not_picked":["Steam","Go for the Eyes"],"picked":"Conserve Battery","floor":12.0},{"not_picked":["Leap","Sweeping Beam"],"picked":"Biased Cognition","floor":14.0}],"player_experience":2853616,"relics_obtained":[{"floor":9.0,"key":"The Courier"},{"floor":11.0,"key":"MawBank"},{"floor":14.0,"key":"Mercury Hourglass"}],"event_choices":[{"cards_removed":["Pain"],"damage_healed":0.0,"max_hp_gain":0.0,"max_hp_loss":0.0,"gold_gain":0.0,"event_name":"Golden Wing","player_choice":"Card Removal","floor":3.0,"gold_loss":0.0,"damage_taken":7.0},{"damage_healed":0.0,"max_hp_gain":0.0,"max_hp_loss":0.0,"gold_gain":50.0,"event_name":"Golden Shrine","player_choice":"Pray","floor":5.0,"gold_loss":0.0,"damage_taken":0.0}],"is_beta":true,"boss_relics":[],"items_purged_floors":[4,7],"is_endless":false,"potions_floor_spawned":[1,11],"killed_by":"The Guardian","ascension_level":20}