{"gold_per_floor":[113,27,41,55,72,103,103,137,164,114,264,7,26,45,45,121,121,134,20,20,20,38,38],"floor_reached":23,"playtime":806,"items_purged":["Strike_B","Doubt"],"score":402,"play_id":"cfbadd1c-2b64-4a93-a519-2bdab7c65916","local_time":"20190410015531","is_ascension_mode":true,"campfire_choices":[{"floor":7,"key":"REST"},{"floor":15,"key":"REST"}],"neow_cost":"NONE","seed_source_timestamp":1063402430915189,"circlet_count":0,"master_deck":["AscendersBane","Strike_B","Strike_B","Strike_B","Defend_B","Defend_B","Defend_B","Defend_B","Zap","Dualcast+1","Cold Snap","Compile Driver","Chaos","Fission","White Noise","Hologram","Coolheaded","Redo","Leap+1","Cold Snap","Electrodynamics","Storm","Melter","Heatsinks","Writhe","Undo"],"relics":["Cracked Core","Smiling Mask","Pantograph","PreservedInsect","Pen Nib","Potion Belt","Membership Card","Cursed Key","War Paint"],"potions_floor_usage":[6,13,16],"damage_taken":[{"damage":4,"enemies":"Jaw Worm","floor":1,"turns":4},{"damage":0,"enemies":"Cultist","floor":3,"turns":4},{"damage":0,"enemies":"Small Slimes","floor":4,"turns":3},{"damage":12,"enemies":"Looter","floor":5,"turns":3},{"damage":29,"enemies":"3 Sentries","floor":6,"turns":8},{"damage":21,"enemies":"Lagavulin","floor":8,"turns":5},{"damage":25,"enemies":"Large Slime","floor":13,"turns":10},{"damage":0,"enemies":"2 Fungi Beasts","floor":14,"turns":5},{"damage":6,"enemies":"Slime Boss","floor":16,"turns":9},{"damage":20,"enemies":"Shell Parasite","floor":18,"turns":6},{"damage":33,"enemies":"3 Byrds","floor":22,"turns":3},{"damage":13,"enemies":"Centurion and Healer","floor":23,"turns":4}],"seed_played":"2556930232339010882","potions_obtained":[{"floor":1,"key":"AttackPotion"},{"floor":4,"key":"Dexterity Potion"},{"floor":5,"key":"FocusPotion"},{"floor":6,"key":"FairyPotion"},{"floor":13,"key":"AttackPotion"}],"is_trial":false,"path_per_floor":["M","?","M","M","M","E","R","E","T","$","?","$","M","M","R","B",null,"M","$","?","?","M","M"],"character_chosen":"DEFECT","items_purchased":["Membership Card","Coolheaded","Redo","Melter","Heatsinks"],"campfire_rested":2,"item_purchase_floors":[12,12,12,19,19],"current_hp_per_floor":[60,60,60,60,48,19,40,19,19,19,19,19,7,7,28,47,65,45,45,45,45,12,0],"gold":38,"neow_bonus":"RANDOM_COMMON_RELIC","is_prod":false,"is_daily":false,"chose_seed":false,"campfire_upgraded":0,"win_rate":0,"timestamp":1554886531,"path_taken":["M","?","M","?","M","E","R","E","T","$","?","$","M","M","R","BOSS","M","$","?","?","M","M"],"build_version":"2019-01-23","purchased_purges":2,"victory":false,"max_hp_per_floor":[71,71,71,71,71,71,71,71,71,71,71,71,71,71,71,71,71,71,71,71,71,71,71],"card_choices":[{"not_picked":["Genetic Algorithm","Rebound"],"picked":"Cold Snap","floor":1},{"not_picked":["Steam","Gash"],"picked":"Compile Driver","floor":3},{"not_picked":["Self Repair","Blizzard"],"picked":"Chaos","floor":4},{"not_picked":["Steam","Redo"],"picked":"Fission","floor":5},{"not_picked":["Skim","Leap"],"picked":"White Noise","floor":6},{"not_picked":["Go for the Eyes","Gash"],"picked":"Hologram","floor":8},{"not_picked":["Compile Driver","Hologram"],"picked":"Leap","floor":13},{"not_picked":["Redo","Genetic Algorithm"],"picked":"Cold Snap","floor":14},{"not_picked":["Creative AI","Biased Cognition"],"picked":"Electrodynamics","floor":16},{"not_picked":["Hologram","Double Energy"],"picked":"Storm","floor":18},{"not_picked":["Compile Driver","Coolheaded"],"picked":"Undo","floor":22}],"player_experience":1163052,"relics_obtained":[{"floor":6,"key":"PreservedInsect"},{"floor":8,"key":"Pen Nib"},{"floor":9,"key":"Potion Belt"}],"event_choices":[{"damage_healed":0,"gold_gain":0,"player_choice":"Paid Gold","damage_taken":0,"relics_obtained":["Pantograph"],"max_hp_gain":0,"max_hp_loss":0,"event_name":"WeMeetAgain","floor":2,"gold_loss":86},{"damage_healed":0,"gold_gain":150,"player_choice":"AGREE","damage_taken":0,"max_hp_gain":0,"max_hp_loss":0,"event_name":"Liars Game","floor":11,"gold_loss":0,"cards_obtained":["Doubt"]},{"damage_healed":0,"gold_gain":0,"player_choice":"Opened","damage_taken":0,"relics_obtained":["War Paint"],"max_hp_gain":0,"max_hp_loss":0,"event_name":"The Mausoleum","floor":20,"gold_loss":0,"cards_obtained":["Writhe"]},{"damage_healed":0,"gold_gain":0,"player_choice":"Ignored","damage_taken":0,"max_hp_gain":0,"max_hp_loss":0,"event_name":"Vampires","floor":21,"gold_loss":0}],"is_beta":false,"boss_relics":[{"not_picked":["Velvet Choker","Black Star"],"picked":"Cursed Key"}],"items_purged_floors":[10,19],"is_endless":false,"potions_floor_spawned":[1,4,5,6,13],"killed_by":"Centurion and Healer","ascension_level":20}