{"gold_per_floor":[110,110,110,127,138,173,173,191,191,191,191,205,2,36,36,36],"floor_reached":16,"playtime":491,"items_purged":[],"score":193,"play_id":"02811665-1f37-432b-a3e5-f9b2e0da17c5","local_time":"20181206133609","is_ascension_mode":true,"campfire_choices":[{"floor":7,"key":"REST"},{"floor":10,"key":"REST"},{"data":"Prepared","floor":15,"key":"SMITH"}],"neow_cost":"NONE","seed_source_timestamp":79760949299446,"circlet_count":0,"master_deck":["AscendersBane","Defend_G","Defend_G","Defend_G","Defend_G","Defend_G+1","Strike_G","Strike_G+1","Strike_G+1","Strike_G","Survivor+1","Neutralize","Underhanded Strike","Noxious Fumes","Dash","Prepared+1","Well Laid Plans","Underhanded Strike","Unload","Wraith Form v2"],"special_seed":0,"relics":["Ring of the Snake","War Paint","Dodecahedron","Golden Idol","ClockworkSouvenir","Turnip"],"potions_floor_usage":[6,14,16],"damage_taken":[{"damage":12.0,"enemies":"Small Slimes","floor":1.0,"turns":5.0},{"damage":1,"enemies":"2 Louse","floor":4,"turns":4},{"damage":1,"enemies":"Cultist","floor":5,"turns":3},{"damage":12,"enemies":"3 Sentries","floor":6,"turns":7},{"damage":10,"enemies":"Large Slime","floor":8,"turns":5},{"damage":1,"enemies":"Looter","floor":12,"turns":4},{"damage":16,"enemies":"Lagavulin","floor":14,"turns":6},{"damage":24,"enemies":"Hexaghost","floor":16,"turns":9}],"seed_played":"-937790728912967942","potions_obtained":[{"floor":1,"key":"PowerPotion"},{"floor":3,"key":"PowerPotion"},{"floor":6,"key":"GamblersBrew"}],"is_trial":false,"path_per_floor":["M","M","?","?","M","M","E","R","M","T","R","?","M","$","E","R","B"],"character_chosen":"THE_SILENT","items_purchased":["ClockworkSouvenir"],"campfire_rested":2,"item_purchase_floors":[13],"current_hp_per_floor":[47,27,27,26,25,13,32,22,22,41,41,40,40,24,24,0],"gold":36,"neow_bonus":"TRANSFORM_CARD","is_prod":false,"is_daily":false,"chose_seed":false,"campfire_upgraded":1,"win_rate":0,"timestamp":1544132169,"path_taken":["M","?","?","?","M","E","R","M","T","R","?","M","$","E","R","BOSS"],"build_version":"2018-11-15","purchased_purges":0,"victory":false,"max_hp_per_floor":[66,66,66,66,66,66,66,66,66,66,60,60,60,60,60,60],"card_choices":[{"not_picked":["Eviscerate","Underhanded Strike"],"picked":"Noxious Fumes","floor":1},{"not_picked":["Bane","Sucker Punch"],"picked":"Dash","floor":4},{"not_picked":["Backstab","Quick Slash"],"picked":"Prepared","floor":5},{"not_picked":["All Out Attack","Deadly Poison"],"picked":"Well Laid Plans","floor":6},{"not_picked":["Outmaneuver","Poisoned Stab"],"picked":"Underhanded Strike","floor":8},{"not_picked":["PiercingWail","Predator"],"picked":"Unload","floor":12},{"not_picked":["Slice","Sucker Punch"],"picked":"Wraith Form v2","floor":14}],"player_experience":992293,"relics_obtained":[{"floor":6,"key":"War Paint"},{"floor":9,"key":"Dodecahedron"},{"floor":14,"key":"Turnip"}],"event_choices":[{"damage_healed":0,"gold_gain":0,"player_choice":"Entered Light","damage_taken":20,"max_hp_gain":0,"max_hp_loss":0,"event_name":"Shining Light","floor":2,"gold_loss":0,"cards_upgraded":["Strike_G","Strike_G"]},{"damage_healed":0,"gold_gain":0,"player_choice":"Got Potions","damage_taken":0,"max_hp_gain":0,"max_hp_loss":0,"event_name":"Lab","floor":3,"gold_loss":0},{"damage_healed":0,"gold_gain":0,"player_choice":"Lose Max HP","damage_taken":0,"relics_obtained":["Golden Idol"],"max_hp_gain":0,"max_hp_loss":6,"event_name":"Golden Idol","floor":11,"gold_loss":0}],"is_beta":false,"boss_relics":[],"items_purged_floors":[],"is_endless":false,"potions_floor_spawned":[1,5,6,8],"killed_by":"Hexaghost","ascension_level":15}