{"gold_per_floor":[19,194,17,17,17,46,46,74,100,125,139,154,154,169,169,288,288,302,127,42,18,18,18,32,47,47,90,90,425,625,650,650,778,778,799,799,1132,1151,613,613],"floor_reached":40,"playtime":959,"items_purged":["Doubt","Normality","Pain"],"score":732,"play_id":"d8b16b06-a92b-4f6d-ad44-a8b2d6ecd811","local_time":"20181015123716","is_ascension_mode":true,"campfire_choices":[{"floor":7,"key":"REST"},{"floor":15,"key":"REST"},{"data":"Electrodynamics","floor":23,"key":"SMITH"},{"floor":28,"key":"REST"},{"floor":32,"key":"REST"}],"neow_cost":"NO_GOLD","seed_source_timestamp":412380015045070,"circlet_count":0,"master_deck":["Strike_B+1","Strike_B+1","Strike_B+1","Strike_B+1","Defend_B+1","Defend_B+1","Defend_B+1","Zap","Dualcast","Melter+1","Gash","Go for the Eyes","Hologram","Ball Lightning","Chill","Ball Lightning","Scrape","Electrodynamics+1","Buffer","Regret","Conserve Battery","Beam Cell","Leap","Leap","Steam+1","Reprogram+1","Hologram","Echo Form","Redo+1","Secret Weapon","Discovery","Swift Strike","Conserve Battery+1","Capacitor","Transmutation"],"relics":["Cracked Core","Du-Vu Doll","Boot","Bronze Scales","Bag of Preparation","Bag of Marbles","Calling Bell","Regal Pillow","Cables","Incense Burner","Smiling Mask","Symbiotic Virus","Singing Bowl","Old Coin","Eternal Feather","Bottled Flame"],"potions_floor_usage":[8,27,27,33,33,40,40,40],"damage_taken":[{"damage":6,"enemies":"2 Louse","floor":1,"turns":2},{"damage":32,"enemies":"Lagavulin","floor":6,"turns":5},{"damage":22,"enemies":"3 Sentries","floor":8,"turns":5},{"damage":0,"enemies":"Jaw Worm","floor":11,"turns":1},{"damage":0,"enemies":"Small Slimes","floor":12,"turns":2},{"damage":0,"enemies":"3 Louse","floor":14,"turns":2},{"damage":0,"enemies":"Slime Boss","floor":16,"turns":5},{"damage":7,"enemies":"Spheric Guardian","floor":18,"turns":3},{"damage":8,"enemies":"Chosen","floor":24,"turns":3},{"damage":23,"enemies":"Shelled Parasite and Fungi","floor":25,"turns":3},{"damage":12,"enemies":"Book of Stabbing","floor":27,"turns":4},{"damage":5,"enemies":"Gremlin Leader","floor":29,"turns":5},{"damage":5,"enemies":"Sentry and Sphere","floor":31,"turns":3},{"damage":43,"enemies":"Collector","floor":33,"turns":8},{"damage":3,"enemies":"Orb Walker","floor":35,"turns":3},{"damage":0,"enemies":"3 Shapes","floor":38,"turns":1},{"damage":50,"enemies":"Giant Head","floor":40,"turns":7}],"seed_played":"6679841980658377149","potions_obtained":[{"floor":1,"key":"Fire Potion"},{"floor":8,"key":"Fire Potion"},{"floor":24,"key":"AttackPotion"},{"floor":29,"key":"Poison Potion"},{"floor":31,"key":"PowerPotion"},{"floor":35,"key":"Ancient Potion"},{"floor":38,"key":"FocusPotion"}],"is_trial":false,"path_per_floor":["M","?","$","?","?","E","R","E","T","T","M","M","?","M","R","B",null,"M","$","?","$","?","R","M","M","T","E","R","E","?","M","R","B",null,"M","?","?","M","$"],"character_chosen":"DEFECT","items_purchased":["Gash","Go for the Eyes","Beam Cell","SkillPotion","Leap","Bottled Flame","Capacitor","Transmutation"],"campfire_rested":4,"item_purchase_floors":[3,3,19,19,21,39,39,39],"current_hp_per_floor":[62,62,62,62,62,30,52,30,30,30,30,30,30,30,50,50,64,57,57,57,57,57,57,49,26,26,16,52,47,47,42,71,28,60,57,47,47,47,47,0],"gold":613,"neow_bonus":"ONE_RARE_RELIC","is_prod":false,"is_daily":false,"chose_seed":false,"campfire_upgraded":1,"win_rate":0,"timestamp":1539632236,"path_taken":["M","?","$","?","?","E","R","E","T","?","M","?","?","?","R","BOSS","M","?","?","?","?","R","?","M","T","E","R","E","?","?","R","BOSS","M","?","?","?","$","E"],"build_version":"2018-10-11","purchased_purges":3,"victory":false,"max_hp_per_floor":[75,75,75,75,75,75,75,75,75,75,75,75,69,69,69,69,69,69,69,69,69,69,69,69,69,69,71,71,71,71,71,71,71,71,71,71,71,71,71,71],"card_choices":[{"not_picked":["Defragment","Heatsinks"],"picked":"Melter","floor":1},{"not_picked":["Stack","Streamline"],"picked":"Ball Lightning","floor":6},{"not_picked":["Blizzard","Turbo"],"picked":"Chill","floor":8},{"not_picked":["Capacitor","Coolheaded"],"picked":"Ball Lightning","floor":11},{"not_picked":["Sweeping Beam","Cold Snap"],"picked":"Scrape","floor":12},{"not_picked":["Steam","Hologram"],"picked":"Electrodynamics","floor":14},{"not_picked":["Creative AI","Multi-Cast"],"picked":"Buffer","floor":16},{"not_picked":["Compile Driver","Barrage"],"picked":"Conserve Battery","floor":18},{"not_picked":["Steam Power+1","Reinforced Body"],"picked":"Leap","floor":24},{"not_picked":["Aggregate","Conserve Battery+1"],"picked":"Steam+1","floor":25},{"not_picked":["Coolheaded","Stack","Barrage+1"],"picked":"Singing Bowl","floor":27},{"not_picked":["Loop","Meteor Strike"],"picked":"Reprogram+1","floor":29},{"not_picked":["Consume+1","Turbo"],"picked":"Hologram","floor":31},{"not_picked":["Hyperbeam","Machine Learning"],"picked":"Echo Form","floor":33},{"not_picked":["Hologram","Defragment"],"picked":"Redo+1","floor":35},{"not_picked":["HandOfGreed","Panacea"],"picked":"Secret Weapon","floor":36},{"not_picked":["Mayhem","Master of Strategy"],"picked":"Discovery","floor":36},{"not_picked":["Impatience","Madness"],"picked":"Swift Strike","floor":36},{"not_picked":["Steam Power","Steam"],"picked":"Conserve Battery+1","floor":38}],"player_experience":518487,"relics_obtained":[{"floor":6,"key":"Boot"},{"floor":8,"key":"Bronze Scales"},{"floor":9,"key":"Bag of Preparation"},{"floor":10,"key":"Bag of Marbles"},{"floor":17,"key":"Regal Pillow"},{"floor":17,"key":"Cables"},{"floor":17,"key":"Incense Burner"},{"floor":26,"key":"Symbiotic Virus"},{"floor":27,"key":"Singing Bowl"},{"floor":29,"key":"Old Coin"}],"event_choices":[{"event_name":"Liars Game","player_choice":"agreed","floor":2,"damage_taken":0},{"event_name":"Living Wall","player_choice":"Grow","floor":4,"damage_taken":0},{"event_name":"Transmorgrifier","player_choice":"Transform","floor":5,"damage_taken":0},{"event_name":"Golden Idol","player_choice":"Lose Max HP","floor":13,"damage_taken":0},{"event_name":"Addict","player_choice":"Obtained Relic","floor":20,"damage_taken":0},{"event_name":"Back to Basics","player_choice":"Simplicity","floor":22,"damage_taken":0},{"event_name":"Wheel of Change","player_choice":"Gold","floor":30,"damage_taken":0},{"event_name":"SensoryStone","player_choice":"Memory 3","floor":36,"damage_taken":0},{"event_name":"The Moai Head","player_choice":"Gave Idol","floor":37,"damage_taken":0}],"is_beta":false,"boss_relics":[{"not_picked":["Fusion Hammer","Runic Pyramid"],"picked":"Calling Bell"},{"not_picked":["Velvet Choker","Astrolabe"],"picked":"Eternal Feather"}],"items_purged_floors":[3,19,39],"is_endless":false,"potions_floor_spawned":[1,8,24,25,29,31,35,38],"killed_by":"Giant Head","ascension_level":6}