{"gold_per_floor":[118,133,150,300,29,355,372,387,413,91,91,91,109,109,109,185,185,204,220,233,233,259,259,259],"floor_reached":24,"playtime":961,"items_purged":["Doubt"],"score":347,"play_id":"f370fda4-2b88-4218-96d0-a83a9b087437","local_time":"20190316112310","is_ascension_mode":true,"campfire_choices":[{"floor":11,"key":"REST"},{"floor":15,"key":"REST"},{"data":"Reaper","floor":23,"key":"SMITH"}],"neow_cost":"NONE","seed_source_timestamp":1023835711000187,"circlet_count":0,"master_deck":["AscendersBane","Bash","Heavy Blade","Armaments","Spot Weakness","Reckless Charge","Shockwave","Impervious+1","Iron Wave","Sword Boomerang","Pummel","Parasite","Reaper+1","Impervious","Blood for Blood","Rage","Reckless Charge","Iron Wave","True Grit","Shockwave","Juggernaut","Demon Form","Clothesline","Headbutt","Reckless Charge","Pummel"],"relics":["Burning Blood","NeowsBlessing","Brimstone","Old Coin","Orichalcum","Meat on the Bone","Pandora\u0027s Box","Red Mask"],"potions_floor_usage":[13,24],"damage_taken":[{"damage":0,"enemies":"Small Slimes","floor":1,"turns":1},{"damage":0,"enemies":"2 Louse","floor":2,"turns":1},{"damage":0,"enemies":"Jaw Worm","floor":3,"turns":1},{"damage":39,"enemies":"Gremlin Nob","floor":6,"turns":4},{"damage":10,"enemies":"2 Fungi Beasts","floor":7,"turns":2},{"damage":32,"enemies":"Exordium Wildlife","floor":8,"turns":4},{"damage":2,"enemies":"Looter","floor":13,"turns":2},{"damage":10,"enemies":"Slime Boss","floor":16,"turns":6},{"damage":7,"enemies":"Spheric Guardian","floor":18,"turns":3},{"damage":15,"enemies":"Shell Parasite","floor":19,"turns":3},{"damage":4,"enemies":"Snecko","floor":20,"turns":3},{"damage":33,"enemies":"Masked Bandits","floor":22,"turns":5},{"damage":53,"enemies":"Cultist and Chosen","floor":24,"turns":4}],"seed_played":"8849492316684179999","potions_obtained":[{"floor":6,"key":"EssenceOfSteel"},{"floor":8,"key":"LiquidBronze"}],"is_trial":false,"path_per_floor":["M","M","M","?","$","E","M","M","T","$","R","?","M","?","R","B",null,"M","M","M","?","?","R","M"],"character_chosen":"IRONCLAD","items_purchased":["Brimstone","Meat on the Bone","Iron Wave","Sword Boomerang"],"campfire_rested":2,"item_purchase_floors":[5,10,10,10],"current_hp_per_floor":[74,75,75,75,75,42,38,12,12,12,34,11,27,45,67,63,72,71,62,64,64,49,49,0],"gold":259,"neow_bonus":"THREE_ENEMY_KILL","is_prod":false,"is_daily":false,"chose_seed":false,"campfire_upgraded":1,"win_rate":0,"timestamp":1552749790,"path_taken":["M","M","M","?","$","E","M","M","T","$","R","?","M","?","R","BOSS","M","M","M","?","?","R","M"],"build_version":"2019-01-23","purchased_purges":1,"victory":false,"max_hp_per_floor":[75,75,75,75,75,75,75,75,75,75,75,75,75,75,75,75,75,75,75,75,75,75,75,75],"card_choices":[{"not_picked":["Clash","Thunderclap"],"picked":"Heavy Blade","floor":1},{"not_picked":["Headbutt","Havoc"],"picked":"Armaments","floor":2},{"not_picked":["Searing Blow","Armaments"],"picked":"Spot Weakness","floor":3},{"not_picked":["Evolve","Havoc"],"picked":"Reckless Charge","floor":6},{"not_picked":["Headbutt","Havoc"],"picked":"Shockwave","floor":7},{"not_picked":["Body Slam","Sever Soul"],"picked":"Impervious","floor":8},{"not_picked":["Armaments","True Grit"],"picked":"Pummel","floor":13},{"not_picked":["Double Tap","Brutality"],"picked":"Reaper","floor":16},{"not_picked":["Evolve","Twin Strike"],"picked":"Clothesline","floor":18},{"not_picked":["Flex","Clash"],"picked":"Headbutt","floor":19},{"not_picked":["Thunderclap+1","Uppercut"],"picked":"Reckless Charge","floor":20},{"not_picked":["Rage","Havoc"],"picked":"Pummel","floor":22}],"player_experience":302341,"relics_obtained":[{"floor":6,"key":"Old Coin"},{"floor":9,"key":"Orichalcum"},{"floor":22,"key":"Red Mask"}],"event_choices":[{"damage_healed":0,"gold_gain":150,"player_choice":"AGREE","damage_taken":0,"max_hp_gain":0,"max_hp_loss":0,"event_name":"Liars Game","floor":4,"gold_loss":0,"cards_obtained":["Doubt"]},{"damage_healed":0,"gold_gain":0,"player_choice":"Entered Light","damage_taken":23,"max_hp_gain":0,"max_hp_loss":0,"event_name":"Shining Light","floor":12,"gold_loss":0,"cards_upgraded":["Impervious","Strike_R"]},{"damage_healed":18,"gold_gain":0,"player_choice":"Healed and dodged fight","damage_taken":0,"max_hp_gain":0,"max_hp_loss":0,"event_name":"Mushrooms","floor":14,"gold_loss":0,"cards_obtained":["Parasite"]},{"damage_healed":0,"gold_gain":0,"player_choice":"Ignored","damage_taken":0,"max_hp_gain":0,"max_hp_loss":0,"event_name":"The Mausoleum","floor":21,"gold_loss":0},{"damage_healed":0,"gold_gain":0,"player_choice":"Fought Bandits","damage_taken":0,"max_hp_gain":0,"max_hp_loss":0,"event_name":"Masked Bandits","floor":22,"gold_loss":0}],"is_beta":false,"boss_relics":[{"not_picked":["Runic Dome","Philosopher\u0027s Stone"],"picked":"Pandora\u0027s Box"}],"items_purged_floors":[5],"is_endless":false,"potions_floor_spawned":[6,8,18],"killed_by":"Cultist and Chosen","ascension_level":15}