{"gold_per_floor":[362,377,3,14,14,42,42,2,27,41,41,66,78,93,93,165,165,142,192,209,209,209,209,244,244,244,264,264,276,49,49,49,120,120,133,152,152,162,0,0,32,32,111,122,122,150,150,169,169,169,169,169,169,31,62,62],"floor_reached":56,"playtime":5632,"items_purged":["Strike_R","Strike_R"],"score":1995,"play_id":"291ee442-d8b1-4c91-bbb4-32e4eb1b2df8","local_time":"20190402133642","is_ascension_mode":true,"campfire_choices":[{"data":"True Grit","floor":7.0,"key":"SMITH"},{"data":"Uppercut","floor":11.0,"key":"SMITH"},{"floor":15,"key":"REST"},{"data":"Body Slam","floor":23,"key":"SMITH"},{"data":"Flame Barrier","floor":28,"key":"SMITH"},{"data":"Juggernaut","floor":32,"key":"SMITH"},{"data":"Metallicize","floor":40,"key":"SMITH"},{"data":"Madness","floor":42,"key":"SMITH"},{"data":"Madness","floor":45,"key":"SMITH"},{"floor":49,"key":"RECALL"},{"data":"Panache","floor":53,"key":"SMITH"}],"neow_cost":"PERCENT_DAMAGE","seed_source_timestamp":843160860226994,"circlet_count":0,"master_deck":["AscendersBane","Strike_R","Strike_R","Defend_R","Defend_R","Defend_R","Defend_R","Bash","Sword Boomerang","Uppercut+1","Shrug It Off","True Grit+1","Juggernaut+1","Flame Barrier+1","Body Slam+1","Uppercut","Shrug It Off","Impervious","Power Through","Armaments+1","Metallicize+1","Impervious","Madness+1","Madness+1","Impervious","Panache+1","Thinking Ahead","Metallicize","Shrug It Off"],"special_seed":0,"relics":["Burning Blood","Happy Flower","Potion Belt","Ancient Tea Set","Torii","Coffee Dripper","Enchiridion","Vajra","Matryoshka","Blood Vial","Pear","Runic Pyramid","Red Mask","Bag of Preparation","PreservedInsect","Lantern","Oddly Smooth Stone"],"potions_floor_usage":[24,33,33,51,55,56,56],"damage_taken":[{"damage":1.0,"enemies":"Cultist","floor":1.0,"turns":3.0},{"damage":9.0,"enemies":"Jaw Worm","floor":2.0,"turns":4.0},{"damage":4.0,"enemies":"Small Slimes","floor":4.0,"turns":3.0},{"damage":17.0,"enemies":"3 Sentries","floor":6.0,"turns":8.0},{"damage":7.0,"enemies":"3 Louse","floor":10.0,"turns":6.0},{"damage":30,"enemies":"Gremlin Nob","floor":12,"turns":4},{"damage":1,"enemies":"Looter","floor":13,"turns":3},{"damage":14,"enemies":"Large Slime","floor":14,"turns":7},{"damage":6,"enemies":"The Guardian","floor":16,"turns":11},{"damage":7,"enemies":"2 Thieves","floor":18,"turns":4},{"damage":13,"enemies":"3 Byrds","floor":20,"turns":5},{"damage":10,"enemies":"Book of Stabbing","floor":24,"turns":6},{"damage":27,"enemies":"Snake Plant","floor":27,"turns":5},{"damage":12,"enemies":"3 Cultists","floor":29,"turns":6},{"damage":7,"enemies":"Champ","floor":33,"turns":15},{"damage":1,"enemies":"Orb Walker","floor":35,"turns":6},{"damage":0,"enemies":"3 Shapes","floor":36,"turns":4},{"damage":10,"enemies":"Maw","floor":38,"turns":9},{"damage":0,"enemies":"Giant Head","floor":41,"turns":7},{"damage":0,"enemies":"Writhing Mass","floor":44,"turns":5},{"damage":0,"enemies":"Nemesis","floor":46,"turns":5},{"damage":0,"enemies":"Transient","floor":48,"turns":6},{"damage":20,"enemies":"Donu and Deca","floor":50,"turns":13},{"damage":29,"enemies":"Time Eater","floor":51,"turns":10},{"damage":20,"enemies":"Shield and Spear","floor":55,"turns":6},{"damage":67,"enemies":"The Heart","floor":56,"turns":11}],"seed_played":"-3182808441905782061","potions_obtained":[{"floor":4.0,"key":"AttackPotion"},{"floor":6.0,"key":"Dexterity Potion"},{"floor":20,"key":"SteroidPotion"},{"floor":29,"key":"SpeedPotion"},{"floor":38,"key":"Explosive Potion"},{"floor":41,"key":"Weak Potion"}],"is_trial":false,"path_per_floor":["M","M","$","M","?","E","R","$","T","M","R","E","M","M","R","B",null,"M","?","M","?","?","R","E","T","T","M","R","M","$","?","R","B",null,"M","M","?","M","?","R","E","R","T","M","R","E","?","M","R","B","B",null,"R","$","E","B"],"character_chosen":"IRONCLAD","items_purchased":["Happy Flower","Uppercut","Shrug It Off","Flame Barrier","Regen Potion","Metallicize","Swift Potion","Metallicize"],"campfire_rested":1,"item_purchase_floors":[3,3,3,8,30,30,54,54],"current_hp_per_floor":[55,52,52,54,54,43,43,43,43,42,42,18,23,15,37,37,66,65,65,58,58,37,37,33,33,43,24,24,20,20,20,20,36,73,80,85,70,68,68,68,76,76,76,84,84,85,80,85,85,71,50,76,76,76,64,0],"gold":62,"neow_bonus":"TWO_FIFTY_GOLD","is_prod":false,"is_daily":false,"chose_seed":false,"campfire_upgraded":9,"win_rate":0,"timestamp":1554233802,"path_taken":["M","M","$","?","?","E","R","$","T","M","R","E","M","?","R","BOSS","M","?","M","?","?","R","E","?","T","M","R","M","$","?","R","BOSS","M","M","?","M","?","R","E","R","T","M","R","E","?","M","R","BOSS","BOSS","R","$","E","BOSS"],"build_version":"2019-03-15","purchased_purges":2,"victory":false,"max_hp_per_floor":[75,75,75,75,75,75,75,75,75,75,75,75,75,75,75,75,75,75,75,75,75,75,75,75,75,85,85,85,85,85,85,85,85,85,85,85,85,85,85,85,85,85,85,85,85,85,85,85,85,85,85,85,85,85,85,85],"card_choices":[{"not_picked":["Dropkick","Sever Soul"],"picked":"Sword Boomerang","floor":1.0},{"not_picked":["Reckless Charge","Sword Boomerang","Seeing Red"],"picked":"SKIP","floor":2.0},{"not_picked":["Sword Boomerang","Iron Wave"],"picked":"True Grit","floor":4.0},{"not_picked":["Spot Weakness","Cleave"],"picked":"Juggernaut","floor":6.0},{"not_picked":["Clothesline","Cleave","Combust"],"picked":"SKIP","floor":10.0},{"not_picked":["Reckless Charge","Wild Strike"],"picked":"Body Slam","floor":12},{"not_picked":["Evolve","Pommel Strike"],"picked":"Uppercut","floor":13},{"not_picked":["Anger","Clash"],"picked":"Shrug It Off","floor":14},{"not_picked":["Dark Embrace","Limit Break"],"picked":"Impervious","floor":16},{"not_picked":["Wild Strike","Flex+1","Twin Strike"],"picked":"SKIP","floor":18},{"not_picked":["Headbutt","Iron Wave","Pummel"],"picked":"SKIP","floor":20},{"not_picked":["Metallicize","Pommel Strike+1"],"picked":"Power Through","floor":24},{"not_picked":["Uppercut+1","Pommel Strike","Brutality"],"picked":"SKIP","floor":27},{"not_picked":["Cleave","Shrug It Off"],"picked":"Armaments+1","floor":29},{"not_picked":["Juggernaut","Offering"],"picked":"Impervious","floor":33},{"not_picked":["Headbutt","Rupture","Combust"],"picked":"SKIP","floor":35},{"not_picked":["Fire Breathing","Clash","Heavy Blade"],"picked":"SKIP","floor":36},{"not_picked":["Clash","Wild Strike","Anger+1"],"picked":"SKIP","floor":38},{"not_picked":["Shockwave","Havoc"],"picked":"Impervious","floor":41},{"not_picked":["Iron Wave","Spot Weakness","Thunderclap"],"picked":"SKIP","floor":44},{"not_picked":["Searing Blow","Pommel Strike","Fire Breathing+1"],"picked":"SKIP","floor":46},{"not_picked":["Secret Weapon","Blind"],"picked":"Panache","floor":47},{"not_picked":["Forethought","Swift Strike"],"picked":"Thinking Ahead","floor":47},{"not_picked":["Wild Strike","Hemokinesis","Warcry"],"picked":"SKIP","floor":48},{"not_picked":["Uppercut","Reaper"],"picked":"Shrug It Off","floor":55}],"player_experience":2722301,"relics_obtained":[{"floor":6.0,"key":"Potion Belt"},{"floor":9.0,"key":"Ancient Tea Set"},{"floor":12,"key":"Torii"},{"floor":22,"key":"Enchiridion"},{"floor":24,"key":"Vajra"},{"floor":25,"key":"Matryoshka"},{"floor":26,"key":"Blood Vial"},{"floor":26,"key":"Pear"},{"floor":41,"key":"Bag of Preparation"},{"floor":43,"key":"PreservedInsect"},{"floor":46,"key":"Lantern"},{"floor":55,"key":"Oddly Smooth Stone"}],"event_choices":[{"cards_removed":["Strike_R"],"damage_healed":0.0,"max_hp_gain":0.0,"max_hp_loss":0.0,"gold_gain":0.0,"event_name":"Purifier","player_choice":"Purged","floor":5.0,"gold_loss":0.0,"damage_taken":0.0},{"damage_healed":0,"gold_gain":50,"player_choice":"Stole From Cult","damage_taken":0,"max_hp_gain":0,"max_hp_loss":0,"event_name":"Nest","floor":19,"gold_loss":0},{"damage_healed":0,"gold_gain":0,"player_choice":"Ignored","damage_taken":0,"max_hp_gain":0,"max_hp_loss":0,"event_name":"Ghosts","floor":21,"gold_loss":0},{"damage_healed":0,"gold_gain":0,"player_choice":"Obtained Book","damage_taken":21,"max_hp_gain":0,"max_hp_loss":0,"event_name":"Cursed Tome","floor":22,"gold_loss":0},{"damage_healed":0,"gold_gain":0,"player_choice":"Ignored","damage_taken":0,"max_hp_gain":0,"max_hp_loss":0,"event_name":"The Mausoleum","floor":31,"gold_loss":0},{"damage_healed":0,"gold_gain":0,"player_choice":"Embrace Madness","damage_taken":15,"max_hp_gain":0,"max_hp_loss":0,"event_name":"Winding Halls","floor":37,"gold_loss":0,"cards_obtained":["Madness","Madness"]},{"damage_healed":0,"gold_gain":0,"player_choice":"Paid","damage_taken":0,"relics_obtained":["Red Mask"],"max_hp_gain":0,"max_hp_loss":0,"event_name":"Tomb of Lord Red Mask","floor":39,"gold_loss":162},{"damage_healed":0,"gold_gain":0,"player_choice":"Memory 2","damage_taken":5,"max_hp_gain":0,"max_hp_loss":0,"event_name":"SensoryStone","floor":47,"gold_loss":0}],"is_beta":true,"boss_relics":[{"not_picked":["Philosopher\u0027s Stone","Lizard Tail"],"picked":"Coffee Dripper"},{"not_picked":["Fusion Hammer","Empty Cage"],"picked":"Runic Pyramid"}],"items_purged_floors":[3,30],"is_endless":false,"potions_floor_spawned":[4,6,20,29,38,41],"killed_by":"The Heart","ascension_level":20}