{"gold_per_floor":[113,113,126,139,139,139,168,168,192,192],"floor_reached":10,"playtime":440,"items_purged":[],"score":132,"play_id":"437b1c52-5b4c-4a6f-a83c-d1b863297748","local_time":"20190403172724","is_ascension_mode":true,"campfire_choices":[{"data":"Noxious Fumes","floor":6.0,"key":"SMITH"},{"data":"Footwork","floor":8.0,"key":"SMITH"}],"neow_cost":"NONE","seed_source_timestamp":948571091243565,"circlet_count":0,"master_deck":["AscendersBane","Defend_G","Defend_G","Defend_G","Defend_G","Defend_G","Strike_G","Strike_G","Strike_G","Strike_G","Strike_G","Survivor","Neutralize+1","PiercingWail","Deadly Poison","PiercingWail","Noxious Fumes+1","Footwork+1","Dodge and Roll"],"special_seed":0,"relics":["Ring of the Snake","Prayer Wheel","Dodecahedron"],"potions_floor_usage":[10],"damage_taken":[{"damage":0.0,"enemies":"Cultist","floor":1.0,"turns":4.0},{"damage":5.0,"enemies":"Small Slimes","floor":3.0,"turns":5.0},{"damage":1.0,"enemies":"2 Louse","floor":4.0,"turns":4.0},{"damage":10.0,"enemies":"3 Sentries","floor":7.0,"turns":8.0},{"damage":65,"enemies":"Gremlin Nob","floor":10,"turns":6}],"seed_played":"6114537711870691709","potions_obtained":[{"floor":1.0,"key":"FairyPotion"},{"floor":3.0,"key":"LiquidBronze"}],"is_trial":false,"path_per_floor":["M","T","M","M","?","R","E","R","T","E"],"character_chosen":"THE_SILENT","items_purchased":[],"campfire_rested":0,"item_purchase_floors":[],"current_hp_per_floor":[59,59,54,53,49,49,39,39,39,0],"gold":192,"neow_bonus":"UPGRADE_CARD","is_prod":false,"is_daily":false,"chose_seed":false,"campfire_upgraded":2,"win_rate":0,"timestamp":1554334044,"path_taken":["M","?","M","M","?","R","E","R","T","E"],"build_version":"2019-03-15","purchased_purges":0,"victory":false,"max_hp_per_floor":[66,66,66,66,66,66,66,66,66,66],"card_choices":[{"not_picked":["Prepared","Expertise"],"picked":"PiercingWail","floor":1.0},{"not_picked":["Masterful Stab","Leg Sweep"],"picked":"Deadly Poison","floor":3.0},{"not_picked":["Blade Dance","Infinite Blades"],"picked":"PiercingWail","floor":3.0},{"not_picked":["Expertise","Blur"],"picked":"Noxious Fumes","floor":4.0},{"not_picked":["Backflip","Choke"],"picked":"Footwork","floor":4.0},{"not_picked":["Poisoned Stab","Sucker Punch"],"picked":"Dodge and Roll","floor":7.0}],"player_experience":2736332,"relics_obtained":[{"floor":2.0,"key":"Prayer Wheel"},{"floor":7.0,"key":"Dodecahedron"}],"event_choices":[{"damage_healed":0.0,"max_hp_gain":0.0,"max_hp_loss":0.0,"gold_gain":0.0,"event_name":"The Woman in Blue","player_choice":"Bought 0 Potions","floor":5.0,"gold_loss":0.0,"damage_taken":0.0}],"is_beta":true,"boss_relics":[],"items_purged_floors":[],"is_endless":false,"potions_floor_spawned":[1,3],"killed_by":"Gremlin Nob","ascension_level":20}