{"gold_per_floor":[19,19,29,40,60,60,73,73,123,123,152,152,172,184,184,258,258,273,289,389,389,401,401,427,442,442,457,457,490,209,225,225,296,296,315,315,330,0,0,0,20,51,51,51,97,97],"floor_reached":46,"playtime":4780,"items_purged":["Strike_B+1","Strike_B+1"],"score":1034,"play_id":"92b71ac9-aa0b-47a8-b09a-b36714b3af9f","local_time":"20190405145139","is_ascension_mode":true,"campfire_choices":[{"data":"Electrodynamics","floor":6.0,"key":"SMITH"},{"data":"Self Repair","floor":8.0,"key":"SMITH"},{"data":"Dualcast","floor":10.0,"key":"SMITH"},{"data":"Reinforced Body","floor":15.0,"key":"SMITH"},{"floor":23.0,"key":"REST"},{"data":"Consume","floor":28,"key":"SMITH"},{"data":"Seek","floor":32,"key":"SMITH"},{"floor":40,"key":"RECALL"}],"neow_cost":"NO_GOLD","seed_source_timestamp":1107464476968071,"circlet_count":0,"master_deck":["AscendersBane","Defend_B","Defend_B","Defend_B","Defend_B+1","Zap+1","Dualcast+1","Ball Lightning","Self Repair+1","Electrodynamics+1","Leap","Reinforced Body+1","Core Surge","Consume+1","Coolheaded+1","Seek+1","FTL","Ball Lightning","Biased Cognition","Self Repair","Defragment","Buffer","Discovery","Chrysalis","Buffer"],"special_seed":0,"relics":["Cracked Core","Mango","Orichalcum","Singing Bowl","Nuclear Battery","Thread and Needle","Blue Candle","Juzu Bracelet","Lantern","Whetstone","Art of War","Orrery","ClockworkSouvenir","Girya","Unceasing Top"],"potions_floor_usage":[31,33,45],"damage_taken":[{"damage":4.0,"enemies":"Jaw Worm","floor":1.0,"turns":4.0},{"damage":0.0,"enemies":"2 Louse","floor":3.0,"turns":3.0},{"damage":1.0,"enemies":"Cultist","floor":4.0,"turns":3.0},{"damage":16.0,"enemies":"2 Fungi Beasts","floor":5.0,"turns":3.0},{"damage":7.0,"enemies":"3 Louse","floor":7.0,"turns":3.0},{"damage":21.0,"enemies":"Lagavulin","floor":11.0,"turns":6.0},{"damage":4.0,"enemies":"Blue Slaver","floor":13.0,"turns":2.0},{"damage":0.0,"enemies":"2 Fungi Beasts","floor":14.0,"turns":2.0},{"damage":22.0,"enemies":"The Guardian","floor":16.0,"turns":15.0},{"damage":16.0,"enemies":"2 Thieves","floor":18.0,"turns":4.0},{"damage":15.0,"enemies":"Chosen","floor":19.0,"turns":5.0},{"damage":17.0,"enemies":"Colosseum Slavers","floor":20.0,"turns":4.0},{"damage":0.0,"enemies":"Colosseum Nobs","floor":20.0,"turns":2.0},{"damage":16.0,"enemies":"Snecko","floor":22.0,"turns":7.0},{"damage":19.0,"enemies":"Gremlin Leader","floor":24.0,"turns":6.0},{"damage":9,"enemies":"Centurion and Healer","floor":25,"turns":6},{"damage":1,"enemies":"Snake Plant","floor":27,"turns":4},{"damage":20,"enemies":"Slavers","floor":29,"turns":2},{"damage":0,"enemies":"Sentry and Sphere","floor":31,"turns":3},{"damage":61,"enemies":"Automaton","floor":33,"turns":12},{"damage":0,"enemies":"Orb Walker","floor":35,"turns":5},{"damage":0,"enemies":"3 Shapes","floor":37,"turns":4},{"damage":0,"enemies":"Maw","floor":41,"turns":9},{"damage":9,"enemies":"Reptomancer","floor":42,"turns":6},{"damage":8,"enemies":"2 Orb Walkers","floor":45,"turns":3},{"damage":134,"enemies":"Giant Head","floor":46,"turns":11}],"seed_played":"-5182842750946815337","potions_obtained":[{"floor":1.0,"key":"Block Potion"},{"floor":4.0,"key":"Strength Potion"},{"floor":11.0,"key":"SneckoOil"},{"floor":14.0,"key":"Strength Potion"},{"floor":16.0,"key":"PowerPotion"},{"floor":20.0,"key":"Strength Potion"},{"floor":27,"key":"Explosive Potion"},{"floor":31,"key":"Dexterity Potion"},{"floor":37,"key":"Explosive Potion"},{"floor":42,"key":"SkillPotion"}],"is_trial":false,"path_per_floor":["M","?","M","M","M","R","M","R","T","R","E","?","M","M","R","B",null,"M","M","?","?","M","R","E","M","T","M","R","E","$","M","R","B",null,"M","?","M","$","?","R","M","E","T","?","?","E"],"character_chosen":"DEFECT","items_purchased":["Art of War","FTL","ClockworkSouvenir"],"campfire_rested":1,"item_purchase_floors":[30,30,38],"current_hp_per_floor":[74,48,48,47,38,38,38,38,38,38,29,29,37,49,49,37,78,72,69,64,64,58,86,79,80,80,91,91,73,73,83,83,32,88,105,97,106,106,104,104,106,106,106,106,100,0],"gold":97,"neow_bonus":"ONE_RARE_RELIC","is_prod":false,"is_daily":false,"chose_seed":false,"campfire_upgraded":6,"win_rate":0,"timestamp":1554497499,"path_taken":["M","?","M","M","M","R","M","R","T","R","E","?","M","M","R","BOSS","M","M","?","?","?","R","E","M","T","M","R","E","$","M","R","BOSS","M","?","M","$","?","R","M","E","T","?","?","E"],"build_version":"2019-04-04","purchased_purges":2,"victory":false,"max_hp_per_floor":[85,85,85,85,85,85,85,85,85,85,87,87,89,91,91,91,91,91,93,95,95,95,95,97,97,97,99,99,101,101,101,101,101,105,105,107,109,109,104,104,106,106,106,106,108,108],"card_choices":[{"not_picked":["FTL","Stack"],"picked":"Ball Lightning","floor":1.0},{"not_picked":["Fusion","Lockon","Sweeping Beam"],"picked":"SKIP","floor":3.0},{"not_picked":["Coolheaded","Gash"],"picked":"Self Repair","floor":4.0},{"not_picked":["Static Discharge","Sunder"],"picked":"Electrodynamics","floor":5.0},{"not_picked":["Force Field","Turbo"],"picked":"Leap","floor":7.0},{"not_picked":["Redo","Double Energy","Streamline"],"picked":"Singing Bowl","floor":11.0},{"not_picked":["Beam Cell","Hologram","Go for the Eyes"],"picked":"Singing Bowl","floor":13.0},{"not_picked":["Reinforced Body","Doom and Gloom","Stack"],"picked":"Singing Bowl","floor":14.0},{"not_picked":["Reboot","Thunder Strike"],"picked":"Core Surge","floor":16.0},{"not_picked":["Steam Power","Streamline+1"],"picked":"Consume","floor":18.0},{"not_picked":["Beam Cell","Cold Snap","Leap"],"picked":"Singing Bowl","floor":19.0},{"not_picked":["Steam","Gash","Conserve Battery"],"picked":"Singing Bowl","floor":20.0},{"not_picked":["Self Repair","Rebound"],"picked":"Coolheaded+1","floor":22.0},{"not_picked":["Go for the Eyes","Blizzard","Barrage"],"picked":"Singing Bowl","floor":24.0},{"not_picked":["Blizzard","Tempest"],"picked":"Seek","floor":25},{"not_picked":["Hologram","Go for the Eyes","Aggregate"],"picked":"Singing Bowl","floor":27},{"not_picked":["Darkness+1","Hologram","Storm"],"picked":"Singing Bowl","floor":29},{"not_picked":["Rebound+1","Beam Cell"],"picked":"Ball Lightning","floor":31},{"not_picked":["Amplify","Buffer"],"picked":"Biased Cognition","floor":33},{"not_picked":["Genetic Algorithm","Skim"],"picked":"Coolheaded","floor":34},{"not_picked":["Rebound","Conserve Battery"],"picked":"Self Repair","floor":34},{"not_picked":["Genetic Algorithm","Barrage","Tempest"],"picked":"Singing Bowl","floor":34},{"not_picked":["Sweeping Beam","Ball Lightning+1"],"picked":"Defragment","floor":34},{"not_picked":["Genetic Algorithm","Undo","Fusion"],"picked":"Singing Bowl","floor":34},{"not_picked":["Blizzard+1","Undo"],"picked":"Buffer","floor":35},{"not_picked":["Deep Breath","Jack Of All Trades","Enlightenment"],"picked":"Singing Bowl","floor":36},{"not_picked":["Thinking Ahead","Mayhem"],"picked":"Discovery","floor":36},{"not_picked":["Dark Shackles","Impatience"],"picked":"Chrysalis","floor":36},{"not_picked":["Redo","Consume","Hello World"],"picked":"Singing Bowl","floor":37},{"not_picked":["Conserve Battery","Leap+1","Consume"],"picked":"Singing Bowl","floor":41},{"not_picked":["Steam Power","Doom and Gloom"],"picked":"Buffer","floor":42},{"not_picked":["Melter+1","Turbo","Sweeping Beam"],"picked":"Singing Bowl","floor":45}],"player_experience":2764933,"relics_obtained":[{"floor":9.0,"key":"Orichalcum"},{"floor":11.0,"key":"Singing Bowl"},{"floor":20.0,"key":"Thread and Needle"},{"floor":20.0,"key":"Blue Candle"},{"floor":24.0,"key":"Juzu Bracelet"},{"floor":26,"key":"Lantern"},{"floor":29,"key":"Whetstone"},{"floor":42,"key":"Girya"},{"floor":45,"key":"Unceasing Top"}],"event_choices":[{"damage_healed":0.0,"max_hp_gain":0.0,"max_hp_loss":0.0,"gold_gain":0.0,"event_name":"Shining Light","player_choice":"Entered Light","floor":2.0,"gold_loss":0.0,"damage_taken":26.0,"cards_upgraded":["Defend_B","Zap"]},{"damage_healed":0.0,"max_hp_gain":0.0,"max_hp_loss":0.0,"gold_gain":0.0,"cards_transformed":["Strike_B"],"event_name":"Living Wall","player_choice":"Change","floor":12.0,"gold_loss":0.0,"damage_taken":0.0,"cards_obtained":["Reinforced Body"]},{"damage_healed":0.0,"max_hp_gain":0.0,"max_hp_loss":0.0,"gold_gain":0.0,"event_name":"Colosseum","player_choice":"Fight","floor":20.0,"gold_loss":0.0,"damage_taken":0.0},{"damage_healed":0.0,"max_hp_gain":0.0,"max_hp_loss":0.0,"gold_gain":0.0,"event_name":"Colosseum","player_choice":"Fought Nobs","floor":20.0,"gold_loss":0.0,"damage_taken":0.0},{"cards_removed":["Strike_B"],"damage_healed":0.0,"max_hp_gain":0.0,"max_hp_loss":0.0,"gold_gain":0.0,"event_name":"Purifier","player_choice":"Purged","floor":21.0,"gold_loss":0.0,"damage_taken":0.0},{"damage_healed":0,"gold_gain":0,"player_choice":"Memory 3","damage_taken":10,"max_hp_gain":0,"max_hp_loss":0,"event_name":"SensoryStone","floor":36,"gold_loss":0},{"damage_healed":0,"gold_gain":0,"player_choice":"Max HP","damage_taken":0,"max_hp_gain":0,"max_hp_loss":5,"event_name":"Winding Halls","floor":39,"gold_loss":0},{"cards_removed":["Coolheaded"],"damage_healed":0,"gold_gain":0,"player_choice":"Removed Skill","damage_taken":0,"max_hp_gain":0,"max_hp_loss":0,"event_name":"Falling","floor":44,"gold_loss":0},{"damage_healed":0,"gold_gain":0,"player_choice":"Fight","damage_taken":0,"max_hp_gain":0,"max_hp_loss":0,"event_name":"Mysterious Sphere","floor":45,"gold_loss":0}],"is_beta":true,"boss_relics":[{"not_picked":["Calling Bell","Coffee Dripper"],"picked":"Nuclear Battery"},{"not_picked":["Sozu","White Beast Statue"],"picked":"Orrery"}],"items_purged_floors":[30,38],"is_endless":false,"potions_floor_spawned":[1,4,11,14,16,20,20,27,31,37,42],"killed_by":"Giant Head","ascension_level":20}