{"gold_per_floor":[99,99,99,99,99,99,99,99,99,99,21,21,21,21,21,21],"floor_reached":16,"playtime":1030,"items_purged":[],"score":204,"play_id":"77d266d5-8171-4a0c-9b4e-8bfad4935b13","local_time":"20190406133636","is_ascension_mode":true,"campfire_choices":[{"data":"Catalyst","floor":7,"key":"SMITH"},{"data":"Neutralize","floor":10,"key":"SMITH"},{"floor":15,"key":"REST"}],"neow_cost":"NONE","seed_source_timestamp":196300043857153,"circlet_count":0,"master_deck":["AscendersBane","Defend_G","Defend_G","Defend_G","Defend_G+1","Defend_G+1","Strike_G","Strike_G","Strike_G","Strike_G","Survivor","Neutralize+1","Flechettes","Bouncing Flask","Catalyst+1","PiercingWail","Footwork","Sucker Punch","Dagger Throw"],"relics":["Ectoplasm","Boot","Happy Flower","War Paint"],"potions_floor_usage":[8,12],"damage_taken":[{"damage":0,"enemies":"2 Louse","floor":1,"turns":5},{"damage":4,"enemies":"Jaw Worm","floor":2,"turns":7},{"damage":1,"enemies":"Small Slimes","floor":3,"turns":3},{"damage":17,"enemies":"Lagavulin","floor":6,"turns":6},{"damage":0,"enemies":"2 Fungi Beasts","floor":8,"turns":4},{"damage":23,"enemies":"3 Sentries","floor":12,"turns":10},{"damage":0,"enemies":"Exordium Wildlife","floor":13,"turns":4},{"damage":34,"enemies":"Slime Boss","floor":16,"turns":8}],"seed_played":"4214613107623456569","potions_obtained":[{"floor":1,"key":"Ancient Potion"},{"floor":2,"key":"Dexterity Potion"},{"floor":3,"key":"Strength Potion"}],"is_trial":false,"path_per_floor":["M","M","M","?","?","E","R","M","T","R","$","E","M","?","R","B"],"character_chosen":"THE_SILENT","items_purchased":["Footwork"],"campfire_rested":1,"item_purchase_floors":[11],"current_hp_per_floor":[59,55,54,47,47,30,30,30,30,30,30,7,7,7,26,0],"gold":21,"neow_bonus":"BOSS_RELIC","is_prod":false,"is_daily":false,"chose_seed":false,"campfire_upgraded":2,"win_rate":0,"timestamp":1554554196,"path_taken":["M","M","M","?","?","E","R","M","T","R","$","E","M","?","R","BOSS"],"build_version":"2019-01-23","purchased_purges":0,"victory":false,"max_hp_per_floor":[66,66,66,66,66,66,66,66,66,66,66,66,66,66,66,66],"card_choices":[{"not_picked":["Prepared","Dodge and Roll","Outmaneuver"],"picked":"SKIP","floor":1},{"not_picked":["Underhanded Strike","PiercingWail"],"picked":"Flechettes","floor":2},{"not_picked":["Slice","Backflip"],"picked":"Bouncing Flask","floor":3},{"not_picked":["Blur","Quick Slash"],"picked":"Catalyst","floor":6},{"not_picked":["Venomology","Infinite Blades"],"picked":"PiercingWail","floor":8},{"not_picked":["Quick Slash","Unload"],"picked":"Sucker Punch","floor":12},{"not_picked":["Blade Dance","Underhanded Strike"],"picked":"Dagger Throw","floor":13}],"player_experience":928014,"relics_obtained":[{"floor":6,"key":"Boot"},{"floor":9,"key":"Happy Flower"},{"floor":12,"key":"War Paint"}],"event_choices":[{"cards_removed":["Strike_G"],"damage_healed":0,"gold_gain":0,"player_choice":"Card Removal","damage_taken":7,"max_hp_gain":0,"max_hp_loss":0,"event_name":"Golden Wing","floor":4,"gold_loss":0},{"damage_healed":0,"gold_gain":0,"player_choice":"Ignored","damage_taken":0,"max_hp_gain":0,"max_hp_loss":0,"event_name":"Liars Game","floor":5,"gold_loss":0},{"damage_healed":0,"gold_gain":0,"player_choice":"Ignored","damage_taken":0,"max_hp_gain":0,"max_hp_loss":0,"event_name":"Golden Idol","floor":14,"gold_loss":0}],"is_beta":false,"boss_relics":[],"items_purged_floors":[],"is_endless":false,"potions_floor_spawned":[1,2,3,6],"killed_by":"Slime Boss","ascension_level":17}