{"gold_per_floor":[144,189,189,16,16,16,106,151,226,271,346,57,57,102,102,402,402,447,447,447,747,351,351,266,311,386,431,476,521,611,656,656,956,956,1001,1046,1091,1091,1091,1136,522,567,567,612,80,92,137,182,182,182],"floor_reached":51,"playtime":3259,"items_purged":["Defend_G","Defend_R","Strike_R","Defend_B","Zap"],"score":723,"play_id":"78cc065e-d66b-40aa-85c0-f13ade649757","local_time":"20190217010102","daily_mods":["Chimera","Time Dilation","Midas"],"is_ascension_mode":false,"campfire_choices":[{"floor":6,"key":"REST"},{"floor":13,"key":"REST"},{"floor":15,"key":"REST"},{"floor":23,"key":"REST"},{"floor":32,"key":"REST"},{"floor":49,"key":"REST"}],"neow_cost":"","seed_source_timestamp":0,"circlet_count":0,"master_deck":["Bash","Strike_G","Strike_B","Ball Lightning+1","Lockon+1","Storm","Cold Snap","Hello World","Ball Lightning","Glacier","Storm","Double Energy","Chaos","Self Repair","Creative AI","Tempest+1","Loop","Hello World","Chill+1","Fusion+1","Redo+1","Steam+1","BootSequence+1","Rainbow+1","Rainbow+1","Electrodynamics","Apotheosis+1","Coolheaded+1","Doom and Gloom+1","Magnetism","Heatsinks+1","Hello World+1","Deep Breath+1","Amplify+1","Steam+1","Recycle+1","Seek+1","Darkness+1"],"special_seed":17944,"relics":["Cracked Core","Bag of Preparation","Mercury Hourglass","Runic Dome","MutagenicStrength","Emotion Chip","StoneCalendar","Molten Egg 2","Lee\u0027s Waffle","Toxic Egg 2","Letter Opener","Singing Bowl","Philosopher\u0027s Stone","ClockworkSouvenir","Mummified Hand","Ginger"],"potions_floor_usage":[7,16,16,21,28,30,33,50,50,50],"damage_taken":[{"damage":18,"enemies":"Jaw Worm","floor":1,"turns":4},{"damage":0,"enemies":"Small Slimes","floor":2,"turns":3},{"damage":25,"enemies":"3 Sentries","floor":7,"turns":6},{"damage":10,"enemies":"2 Louse","floor":8,"turns":2},{"damage":6,"enemies":"Exordium Wildlife","floor":10,"turns":2},{"damage":4,"enemies":"3 Louse","floor":14,"turns":2},{"damage":23,"enemies":"Hexaghost","floor":16,"turns":5},{"damage":10,"enemies":"3 Byrds","floor":18,"turns":2},{"damage":28,"enemies":"Colosseum Slavers","floor":21,"turns":3},{"damage":8,"enemies":"Colosseum Nobs","floor":21,"turns":3},{"damage":10,"enemies":"2 Thieves","floor":25,"turns":2},{"damage":18,"enemies":"Centurion and Healer","floor":27,"turns":3},{"damage":4,"enemies":"3 Cultists","floor":28,"turns":4},{"damage":0,"enemies":"Snecko","floor":29,"turns":2},{"damage":13,"enemies":"Book of Stabbing","floor":30,"turns":3},{"damage":4,"enemies":"Snake Plant","floor":31,"turns":3},{"damage":12,"enemies":"Automaton","floor":33,"turns":7},{"damage":0,"enemies":"3 Shapes","floor":35,"turns":2},{"damage":14,"enemies":"3 Darklings","floor":36,"turns":3},{"damage":6,"enemies":"Maw","floor":37,"turns":5},{"damage":11,"enemies":"Jaw Worm Horde","floor":40,"turns":4},{"damage":5,"enemies":"Transient","floor":42,"turns":5},{"damage":8,"enemies":"4 Shapes","floor":44,"turns":2},{"damage":0,"enemies":"2 Orb Walkers","floor":46,"turns":2},{"damage":0,"enemies":"Spire Growth","floor":47,"turns":3},{"damage":0,"enemies":"Sphere and 2 Shapes","floor":48,"turns":3},{"damage":75,"enemies":"Awakened One","floor":50,"turns":5}],"seed_played":"3988833726402513641","potions_obtained":[{"floor":2,"key":"LiquidBronze"},{"floor":8,"key":"Fire Potion"},{"floor":10,"key":"PowerPotion"},{"floor":16,"key":"Regen Potion"},{"floor":25,"key":"Explosive Potion"},{"floor":28,"key":"LiquidBronze"},{"floor":30,"key":"LiquidBronze"},{"floor":31,"key":"FearPotion"},{"floor":33,"key":"Block Potion"},{"floor":36,"key":"Poison Potion"},{"floor":40,"key":"Ancient Potion"}],"is_trial":false,"path_per_floor":["M","M","?","$","?","R","E","M","T","M","?","$","R","M","R","B",null,"M","?","T","?","$","R","?","M","T","M","M","M","E","M","R","B",null,"M","M","M","?","?","M","$","M","T","M","$","?","M","M","R","B",null],"character_chosen":"DEFECT","items_purchased":["Storm","Cold Snap","Storm","Double Energy","Chaos","Hello World","Lee\u0027s Waffle","ClockworkSouvenir","Doom and Gloom+1","Magnetism","Deep Breath+1","Amplify+1","Steam+1","Swift Potion"],"campfire_rested":6,"item_purchase_floors":[4,4,12,12,12,22,22,41,41,41,45,45,45,45],"current_hp_per_floor":[57,57,42,42,35,57,32,22,22,16,5,5,27,23,45,29,75,65,65,65,38,82,82,82,79,79,61,64,64,58,54,78,73,82,84,79,80,80,80,79,79,81,81,73,73,80,80,80,86,21],"gold":182,"neow_bonus":"","is_prod":false,"is_daily":true,"chose_seed":false,"campfire_upgraded":0,"win_rate":0,"timestamp":1550394062,"path_taken":["M","M","?","$","?","R","E","M","T","?","?","$","R","M","R","BOSS","M","?","?","?","$","R","?","M","T","M","M","M","E","M","R","BOSS","M","M","M","?","?","M","$","M","T","M","$","?","?","M","R","BOSS"],"build_version":"2019-01-23","purchased_purges":5,"victory":true,"max_hp_per_floor":[75,75,75,75,75,75,75,75,75,75,75,75,75,75,75,75,75,75,75,75,75,82,82,82,82,82,82,82,82,82,82,82,82,82,84,86,86,86,86,86,86,86,86,86,86,86,86,86,86,86],"card_choices":[{"not_picked":["Rebound","Hologram"],"picked":"Ball Lightning","floor":1},{"not_picked":["Redo","Chill"],"picked":"Lockon","floor":2},{"not_picked":["Chill","Gash"],"picked":"Hello World","floor":7},{"not_picked":["Streamline","Recycle"],"picked":"Ball Lightning","floor":8},{"not_picked":["Chaos","Gash"],"picked":"Glacier","floor":10},{"not_picked":["Tempest","Skim"],"picked":"Self Repair","floor":14},{"not_picked":["Multi-Cast","Amplify"],"picked":"Creative AI","floor":16},{"not_picked":["Redo","Rebound"],"picked":"Tempest+1","floor":18},{"not_picked":["Leap","Compile Driver"],"picked":"Loop","floor":21},{"not_picked":["Ball Lightning+1","Consume+1"],"picked":"Chill+1","floor":25},{"not_picked":["Storm","Steam+1"],"picked":"Fusion+1","floor":27},{"not_picked":["Streamline+1","Melter+1"],"picked":"Redo+1","floor":28},{"not_picked":["Fusion+1","Streamline+1"],"picked":"Steam+1","floor":29},{"not_picked":["Beam Cell+1","Tempest+1"],"picked":"BootSequence+1","floor":30},{"not_picked":["Redo+1","Ball Lightning+1"],"picked":"Rainbow+1","floor":31},{"not_picked":["Hyperbeam+1","Core Surge+1"],"picked":"Rainbow+1","floor":33},{"not_picked":["Aggregate+1","Conserve Battery+1","Beam Cell+1"],"picked":"Singing Bowl","floor":35},{"not_picked":["Redo+1","Gash+1","Hologram+1"],"picked":"Singing Bowl","floor":36},{"not_picked":["Capacitor+1","Chill+1"],"picked":"Electrodynamics","floor":37},{"not_picked":["Dark Shackles+1","Panacea+1"],"picked":"Apotheosis+1","floor":38},{"not_picked":["Glacier+1","Go for the Eyes+1"],"picked":"Coolheaded+1","floor":40},{"not_picked":["Barrage+1","Gash+1"],"picked":"Heatsinks+1","floor":42},{"not_picked":["Tempest+1","Steam+1"],"picked":"Hello World+1","floor":44},{"not_picked":["Conserve Battery+1","Glacier+1"],"picked":"Recycle+1","floor":46},{"not_picked":["Consume+1","Stack+1"],"picked":"Seek+1","floor":47},{"not_picked":["Tempest+1","Gash+1"],"picked":"Darkness+1","floor":48}],"player_experience":67281,"relics_obtained":[{"floor":7,"key":"Bag of Preparation"},{"floor":9,"key":"Mercury Hourglass"},{"floor":20,"key":"Emotion Chip"},{"floor":21,"key":"StoneCalendar"},{"floor":21,"key":"Molten Egg 2"},{"floor":26,"key":"Letter Opener"},{"floor":30,"key":"Singing Bowl"},{"floor":43,"key":"Mummified Hand"},{"floor":46,"key":"Ginger"}],"event_choices":[{"damage_healed":0,"gold_gain":0,"player_choice":"Entered Light","damage_taken":15,"max_hp_gain":0,"max_hp_loss":0,"event_name":"Shining Light","floor":3,"gold_loss":0,"cards_upgraded":["Lockon","Ball Lightning"]},{"cards_removed":["Survivor"],"damage_healed":0,"gold_gain":0,"player_choice":"Card Removal","damage_taken":7,"max_hp_gain":0,"max_hp_loss":0,"event_name":"Golden Wing","floor":5,"gold_loss":0},{"damage_healed":0,"gold_gain":75,"player_choice":"Gather Gold","damage_taken":11,"max_hp_gain":0,"max_hp_loss":0,"event_name":"World of Goop","floor":11,"gold_loss":0},{"damage_healed":0,"gold_gain":0,"player_choice":"Inject Mutagens","damage_taken":0,"relics_obtained":["MutagenicStrength"],"max_hp_gain":0,"max_hp_loss":0,"event_name":"Drug Dealer","floor":19,"gold_loss":0},{"damage_healed":0,"gold_gain":0,"player_choice":"Fight","damage_taken":0,"max_hp_gain":0,"max_hp_loss":0,"event_name":"Colosseum","floor":21,"gold_loss":0},{"damage_healed":0,"gold_gain":0,"player_choice":"Fought Nobs","damage_taken":0,"max_hp_gain":0,"max_hp_loss":0,"event_name":"Colosseum","floor":21,"gold_loss":0},{"damage_healed":0,"gold_gain":0,"player_choice":"Obtained Relic","damage_taken":0,"relics_obtained":["Toxic Egg 2"],"max_hp_gain":0,"max_hp_loss":0,"event_name":"Addict","floor":24,"gold_loss":85},{"damage_healed":0,"gold_gain":0,"player_choice":"Memory 1","damage_taken":0,"max_hp_gain":0,"max_hp_loss":0,"event_name":"SensoryStone","floor":38,"gold_loss":0},{"damage_healed":0,"gold_gain":0,"player_choice":"Ignored","damage_taken":0,"max_hp_gain":0,"max_hp_loss":0,"event_name":"Tomb of Lord Red Mask","floor":39,"gold_loss":0},{"damage_healed":0,"gold_gain":0,"player_choice":"Fight","damage_taken":0,"max_hp_gain":0,"max_hp_loss":0,"event_name":"Mysterious Sphere","floor":46,"gold_loss":0}],"is_beta":false,"boss_relics":[{"not_picked":["Lizard Tail","Eternal Feather"],"picked":"Runic Dome"},{"not_picked":["FrozenCore","Empty Cage"],"picked":"Philosopher\u0027s Stone"}],"items_purged_floors":[4,12,22,41,45],"is_endless":false,"potions_floor_spawned":[2,8,10,16,21,25,28,30,31,33,36,40],"ascension_level":0}