{"path_per_floor":["M","M","$","?","?","R","E","R","T","R","M","?","M","$","R","B",null,"M","?","?","M","?"],"character_chosen":"THE_SILENT","items_purchased":["Die Die Die","Dagger Throw","Dagger Spray"],"gold_per_floor":[116,128,13,13,13,13,40,40,40,40,51,114,125,99,99,202,202,219,219,144,158,158],"floor_reached":23,"campfire_rested":0,"playtime":606,"current_hp_per_floor":[65,59,59,59,45,45,31,31,31,31,31,31,31,31,31,6,70,45,45,45,15,15],"items_purged":[],"gold":158,"score":224,"play_id":"5920c04e-78a9-4ea4-a6f1-747b36f3aa6b","is_prod":false,"is_daily":false,"is_ascension_mode":true,"campfire_upgraded":4,"path_taken":["M","M","$","?","?","R","E","R","T","R","M","?","M","?","R","BOSS","M","?","?","?","?","E"],"build_version":"2018-02-15-PROD1","purchased_purges":0,"victory":false,"master_deck":["Defend_G+1","Defend_G","Defend_G","Defend_G","Defend_G","Strike_G","Strike_G","Strike_G","Survivor","Neutralize+1","Storm of Steel+1","Slice","Noxious Fumes+1","Die Die Die","Dagger Throw","Accuracy+1","Deflect","Distraction+1","Dagger Spray","Venomology","Prepared","Dagger Spray"],"max_hp_per_floor":[70,70,70,70,70,70,70,70,70,70,70,70,70,70,70,70,70,70,70,70,70,70],"relics":["Ring of the Snake","Anchor","White Beast Statue","Nloth\u0027s Gift"],"card_choices":[{"not_picked":["Prepared","Malaise"],"picked":"Slice"},{"not_picked":["Reflex","Distraction"],"picked":"Noxious Fumes"},{"not_picked":["Quick Slash","Finisher"],"picked":"Accuracy"},{"not_picked":["Poisoned Stab","Underhanded Strike"],"picked":"Deflect"},{"not_picked":["Poisoned Stab","A Thousand Cuts"],"picked":"Distraction"},{"not_picked":["After Image","Corpse Explosion"],"picked":"Venomology"},{"not_picked":["PiercingWail","Flechettes"],"picked":"Prepared"},{"not_picked":["Bouncing Flask","Skewer"],"picked":"Dagger Spray"}],"player_experience":160307,"potions_floor_usage":[16,16,16,18,18,21,21,23,23,23,23],"damage_taken":[{"damage":5,"enemies":"Cultist","floor":1,"turns":5},{"damage":6,"enemies":"2 Louse","floor":2,"turns":3},{"damage":14,"enemies":"Lagavulin","floor":7,"turns":6},{"damage":0,"enemies":"Jaw Worm","floor":11,"turns":3},{"damage":0,"enemies":"3 Louse","floor":13,"turns":2},{"damage":25,"enemies":"The Guardian","floor":16,"turns":10},{"damage":25,"enemies":"Shell Parasite","floor":18,"turns":8},{"damage":30,"enemies":"Spheric Guardian","floor":21,"turns":7},{"damage":28,"enemies":"Slavers","floor":23,"turns":2}],"event_choices":[{"event_name":"Bonfire Elementals","player_choice":"BASIC","floor":4,"damage_taken":0},{"event_name":"Shining Light","player_choice":"Entered Light","floor":5,"damage_taken":0},{"event_name":"Golden Wing","player_choice":"Gained Gold","floor":12,"damage_taken":0},{"event_name":"N\u0027loth","player_choice":"Traded a Frozen Eye","floor":19,"damage_taken":0},{"event_name":"Beggar","player_choice":"Gave Gold","floor":20,"damage_taken":0},{"event_name":"The Lab","player_choice":"Got Potions","floor":22,"damage_taken":0}],"boss_relics":[{"not_picked":["Snecko Eye","Orrery"],"picked":"White Beast Statue"}],"potions_floor_spawned":[7,11,13,16,18,21],"seed_played":"6686431840806438308","killed_by":"Slavers","ascension_level":4,"is_trial":false}