{"gold_per_floor":[118,6,26,45,60,60,87,12,12,45,58,88,88],"floor_reached":13,"playtime":401,"items_purged":["Strike_G"],"score":184,"play_id":"0c84c427-01b3-4227-9b29-e1a02ac7f5e5","local_time":"20181206215931","is_ascension_mode":true,"campfire_choices":[{"data":"Die Die Die","floor":6,"key":"SMITH"}],"neow_cost":"NONE","seed_source_timestamp":110061033607516,"circlet_count":0,"master_deck":["AscendersBane","Defend_G","Defend_G","Defend_G","Defend_G","Defend_G","Strike_G","Strike_G","Strike_G","Strike_G","Survivor","Neutralize","Die Die Die+1","Blur","Well Laid Plans","Riddle With Holes","Poisoned Stab","Terror","Dodge and Roll","Slice","Doppelganger","Escape Plan"],"relics":["Ring of the Snake","Shuriken","Pantograph","Art of War","Nunchaku"],"potions_floor_usage":[7,12],"damage_taken":[{"damage":0,"enemies":"Cultist","floor":1,"turns":3},{"damage":5,"enemies":"Small Slimes","floor":3,"turns":4},{"damage":0,"enemies":"Jaw Worm","floor":4,"turns":3},{"damage":6,"enemies":"Red Slaver","floor":5,"turns":3},{"damage":6,"enemies":"3 Sentries","floor":7,"turns":7},{"damage":15,"enemies":"Lagavulin","floor":10,"turns":4},{"damage":6,"enemies":"Exordium Wildlife","floor":11,"turns":4},{"damage":4,"enemies":"3 Sentries","floor":12,"turns":7},{"damage":17,"enemies":"Exordium Thugs","floor":13,"turns":1}],"seed_played":"-8113340678575961983","potions_obtained":[{"floor":3,"key":"Dexterity Potion"},{"floor":4,"key":"GhostInAJar"},{"floor":7,"key":"Swift Potion"}],"is_trial":false,"path_per_floor":["M","$","M","M","M","R","E","$","T","E","M","E","M"],"character_chosen":"THE_SILENT","items_purchased":["Well Laid Plans","Riddle With Holes"],"campfire_rested":0,"item_purchase_floors":[2,2],"current_hp_per_floor":[59,59,54,54,48,48,42,42,42,27,21,17,0],"gold":88,"neow_bonus":"ONE_RANDOM_RARE_CARD","is_prod":false,"is_daily":false,"chose_seed":false,"campfire_upgraded":1,"win_rate":0,"timestamp":1544162371,"path_taken":["M","$","M","M","M","R","E","$","T","E","M","E","?"],"build_version":"2018-12-06","purchased_purges":1,"victory":false,"max_hp_per_floor":[66,66,66,66,66,66,66,66,66,66,66,66,66],"card_choices":[{"not_picked":["Quick Slash","Masterful Stab"],"picked":"Blur","floor":1},{"not_picked":["Flechettes","Blade Dance"],"picked":"Poisoned Stab","floor":3},{"not_picked":["Dagger Spray","Underhanded Strike"],"picked":"Terror","floor":4},{"not_picked":["Caltrops","Slice"],"picked":"Dodge and Roll","floor":5},{"not_picked":["Prepared","Quick Slash"],"picked":"Slice","floor":7},{"not_picked":["Poisoned Stab","Eviscerate","Dagger Spray"],"picked":"SKIP","floor":10},{"not_picked":["PiercingWail","Blade Dance"],"picked":"Doppelganger","floor":11},{"not_picked":["Dagger Throw","Setup"],"picked":"Escape Plan","floor":12}],"player_experience":996362,"relics_obtained":[{"floor":7,"key":"Shuriken"},{"floor":9,"key":"Pantograph"},{"floor":10,"key":"Art of War"},{"floor":12,"key":"Nunchaku"}],"event_choices":[],"is_beta":false,"boss_relics":[],"items_purged_floors":[8],"is_endless":false,"potions_floor_spawned":[3,4,7,11],"killed_by":"Exordium Thugs","ascension_level":15}