{"gold_per_floor":[119,133,108,5,17,50,65,80,105,116,116,127,145,170,170,170],"floor_reached":16,"playtime":418,"items_purged":[],"score":151,"play_id":"a661b95e-6ec2-4454-9d5b-8d48c654c0f9","local_time":"20181016114530","is_ascension_mode":true,"campfire_choices":[{"floor":15,"key":"REST"}],"neow_cost":"NONE","seed_source_timestamp":496216194345906,"circlet_count":0,"master_deck":["Strike_B","Strike_B","Strike_B","Strike_B","Defend_B","Defend_B","Defend_B","Defend_B","Zap","Dualcast","Rip and Tear","Sunder+1","Hologram","Leap","Melter","Go for the Eyes","Redo","Compile Driver","Gash","Coolheaded","Ball Lightning","Ball Lightning","Darkness","Gash","Go for the Eyes","Cold Snap","White Noise"],"relics":["Cracked Core","Prayer Wheel","Blood Vial","Ancient Tea Set"],"potions_floor_usage":[6,6,14,16,16],"damage_taken":[{"damage":3,"enemies":"Small Slimes","floor":1,"turns":3},{"damage":2,"enemies":"Jaw Worm","floor":2,"turns":3},{"damage":0,"enemies":"2 Louse","floor":5,"turns":2},{"damage":23,"enemies":"Lagavulin","floor":6,"turns":5},{"damage":0,"enemies":"Gremlin Gang","floor":7,"turns":3},{"damage":2,"enemies":"2 Fungi Beasts","floor":8,"turns":2},{"damage":11,"enemies":"Exordium Wildlife","floor":10,"turns":3},{"damage":1,"enemies":"3 Louse","floor":12,"turns":2},{"damage":14,"enemies":"Lots of Slimes","floor":13,"turns":3},{"damage":6,"enemies":"Gremlin Nob","floor":14,"turns":3},{"damage":53,"enemies":"The Guardian","floor":16,"turns":8}],"seed_played":"4480047034595270359","potions_obtained":[{"floor":1,"key":"LiquidBronze"},{"floor":5,"key":"LiquidBronze"},{"floor":6,"key":"GamblersBrew"},{"floor":13,"key":"Swift Potion"},{"floor":14,"key":"Regen Potion"}],"is_trial":false,"path_per_floor":["M","M","?","$","M","E","M","M","T","M","?","M","M","E","R"],"character_chosen":"DEFECT","items_purchased":["Leap","Melter"],"campfire_rested":1,"item_purchase_floors":[4,4],"current_hp_per_floor":[65,63,63,63,63,40,40,38,38,29,29,30,18,14,36,0],"gold":170,"neow_bonus":"THREE_CARDS","is_prod":false,"is_daily":false,"chose_seed":false,"campfire_upgraded":0,"win_rate":0,"timestamp":1539715530,"path_taken":["M","M","?","$","M","E","M","?","T","M","?","?","M","E","R","BOSS"],"build_version":"2018-10-11","purchased_purges":0,"victory":false,"max_hp_per_floor":[75,75,75,75,75,75,75,75,75,75,75,75,75,75,75,75],"card_choices":[{"not_picked":["Go for the Eyes","Barrage"],"picked":"Rip and Tear","floor":0},{"not_picked":["Aggregate","Force Field"],"picked":"Sunder","floor":1},{"not_picked":["Barrage","Compile Driver"],"picked":"Hologram","floor":2},{"not_picked":["Storm","Undo"],"picked":"Go for the Eyes","floor":5},{"not_picked":["Cold Snap","Thunder Strike"],"picked":"Redo","floor":6},{"not_picked":["Storm","Sweeping Beam"],"picked":"Compile Driver","floor":7},{"not_picked":["Auto Shields","Stack","Melter"],"picked":"SKIP","floor":7},{"not_picked":["Fusion","Loop"],"picked":"Gash","floor":8},{"not_picked":["Hologram","Thunder Strike"],"picked":"Coolheaded","floor":8},{"not_picked":["Leap","Rip and Tear"],"picked":"Ball Lightning","floor":10},{"not_picked":["Rebound","Steam Power"],"picked":"Ball Lightning","floor":10},{"not_picked":["Streamline","Consume"],"picked":"Darkness","floor":12},{"not_picked":["Scrape","Defragment"],"picked":"Gash","floor":12},{"not_picked":["Lockon","Reprogram"],"picked":"Go for the Eyes","floor":13},{"not_picked":["Stack","Capacitor"],"picked":"Cold Snap","floor":13},{"not_picked":["Recycle","Ball Lightning"],"picked":"White Noise","floor":14}],"player_experience":530718,"relics_obtained":[{"floor":6,"key":"Prayer Wheel"},{"floor":9,"key":"Blood Vial"},{"floor":14,"key":"Ancient Tea Set"}],"event_choices":[{"event_name":"World of Goop","player_choice":"Left","floor":3,"damage_taken":0},{"event_name":"Living Wall","player_choice":"Grow","floor":11,"damage_taken":0}],"is_beta":false,"boss_relics":[],"items_purged_floors":[],"is_endless":false,"potions_floor_spawned":[1,5,6,13,14],"killed_by":"The Guardian","ascension_level":6}