{"gold_per_floor":[109,109,109,121,140,173,191,191],"floor_reached":8,"playtime":172,"items_purged":[],"score":67,"play_id":"fc86e3ec-020a-48d7-92b7-3290c8dc58e3","local_time":"20190131182702","is_ascension_mode":true,"campfire_choices":[],"neow_cost":"NONE","seed_source_timestamp":18061923501900,"circlet_count":0,"master_deck":["Strike_R","Strike_R","Strike_R","Strike_R","Defend_R+1","Defend_R+1","Defend_R","Defend_R","Bash","Limit Break+1","Twin Strike","Whirlwind","Spot Weakness","Shockwave","Entrench"],"relics":["Burning Blood","War Paint"],"potions_floor_usage":[4],"damage_taken":[{"damage":20,"enemies":"2 Louse","floor":1,"turns":3},{"damage":0,"enemies":"Cultist","floor":4,"turns":3},{"damage":13,"enemies":"Jaw Worm","floor":5,"turns":4},{"damage":37,"enemies":"Gremlin Nob","floor":6,"turns":4},{"damage":5,"enemies":"3 Louse","floor":7,"turns":2},{"damage":29,"enemies":"3 Sentries","floor":8,"turns":4}],"seed_played":"-6109492795702621428","potions_obtained":[{"floor":1,"key":"FearPotion"},{"floor":6,"key":"Ancient Potion"}],"is_trial":false,"path_per_floor":["M","?","?","M","M","E","M","E"],"character_chosen":"IRONCLAD","items_purchased":[],"campfire_rested":0,"item_purchase_floors":[],"current_hp_per_floor":[66,59,59,65,58,27,28,0],"gold":191,"neow_bonus":"ONE_RANDOM_RARE_CARD","is_prod":false,"is_daily":false,"chose_seed":false,"campfire_upgraded":0,"win_rate":0,"timestamp":1548988022,"path_taken":["M","?","?","M","M","E","?","E"],"build_version":"2019-01-23","purchased_purges":0,"victory":false,"max_hp_per_floor":[80,80,80,80,80,80,80,80],"card_choices":[{"not_picked":["Sentinel","True Grit"],"picked":"Twin Strike","floor":1},{"not_picked":["Clash","Anger"],"picked":"Whirlwind","floor":4},{"not_picked":["Dual Wield","Uppercut"],"picked":"Spot Weakness","floor":5},{"not_picked":["Carnage","Pommel Strike"],"picked":"Shockwave","floor":6},{"not_picked":["Inflame","Havoc"],"picked":"Entrench","floor":7}],"player_experience":428687,"relics_obtained":[{"floor":6,"key":"War Paint"}],"event_choices":[{"cards_removed":["Strike_R"],"damage_healed":0,"gold_gain":0,"player_choice":"Card Removal","damage_taken":7,"max_hp_gain":0,"max_hp_loss":0,"event_name":"Golden Wing","floor":2,"gold_loss":0},{"damage_healed":0,"gold_gain":0,"player_choice":"Forge","damage_taken":0,"max_hp_gain":0,"max_hp_loss":0,"event_name":"Accursed Blacksmith","floor":3,"gold_loss":0,"cards_upgraded":["Limit Break"]}],"is_beta":true,"boss_relics":[],"items_purged_floors":[],"is_endless":false,"potions_floor_spawned":[1,6],"killed_by":"3 Sentries","ascension_level":3}