{"gold_per_floor":[113,113,130,130,140,140,171,171,226,238,285,297,344,375,387,399],"floor_reached":16,"playtime":2191,"items_purged":[],"score":183,"play_id":"fbdfb75a-e6bb-4a4a-b2d7-1847f9846cd6","local_time":"20190313104706","is_ascension_mode":true,"campfire_choices":[{"data":"PiercingWail","floor":6,"key":"SMITH"},{"data":"Survivor","floor":8,"key":"SMITH"},{"floor":10,"key":"REST"},{"floor":15,"key":"REST"}],"neow_cost":"NONE","seed_source_timestamp":524985348487697,"circlet_count":0,"master_deck":["AscendersBane","Defend_G","Defend_G","Defend_G","Defend_G","Defend_G","Strike_G","Strike_G","Strike_G","Strike_G","Strike_G","Survivor+1","Neutralize+1","Heel Hook","PiercingWail+1","Skewer","Dagger Throw"],"relics":["Ring of the Snake","NeowsBlessing","PreservedInsect","MawBank","Torii","Bird Faced Urn"],"potions_floor_usage":[7,13,16],"damage_taken":[{"damage":0,"enemies":"Jaw Worm","floor":1,"turns":1},{"damage":0,"enemies":"Cultist","floor":3,"turns":1},{"damage":0,"enemies":"Small Slimes","floor":5,"turns":1},{"damage":22,"enemies":"Gremlin Nob","floor":7,"turns":4},{"damage":32,"enemies":"Lagavulin","floor":11,"turns":8},{"damage":12,"enemies":"Gremlin Nob","floor":13,"turns":5},{"damage":2,"enemies":"Exordium Wildlife","floor":14,"turns":5},{"damage":37,"enemies":"Hexaghost","floor":16,"turns":14}],"seed_played":"7398178871242706023","potions_obtained":[{"floor":3,"key":"Dexterity Potion"},{"floor":4,"key":"GhostInAJar"},{"floor":4,"key":"FearPotion"},{"floor":7,"key":"GamblersBrew"}],"is_trial":false,"path_per_floor":["M","?","M","?","M","R","E","R","T","R","E","$","E","M","R","B"],"character_chosen":"THE_SILENT","items_purchased":[],"campfire_rested":2,"item_purchase_floors":[],"current_hp_per_floor":[63,63,63,63,63,63,41,41,41,62,30,30,18,16,37,0],"gold":399,"neow_bonus":"THREE_ENEMY_KILL","is_prod":false,"is_daily":false,"chose_seed":false,"campfire_upgraded":2,"win_rate":0,"timestamp":1552474026,"path_taken":["M","?","?","?","?","R","E","R","T","R","E","?","E","M","R","BOSS"],"build_version":"2019-01-23","purchased_purges":0,"victory":false,"max_hp_per_floor":[70,70,70,70,70,70,70,70,70,70,70,70,70,70,70,70],"card_choices":[{"not_picked":["Underhanded Strike","Flying Knee"],"picked":"Heel Hook","floor":1},{"not_picked":["Bane","Deadly Poison"],"picked":"PiercingWail","floor":3},{"not_picked":["Choke","Cloak And Dagger","Sucker Punch"],"picked":"SKIP","floor":5},{"not_picked":["Sucker Punch","Night Terror","Underhanded Strike"],"picked":"SKIP","floor":7},{"not_picked":["Backflip","PiercingWail"],"picked":"Skewer","floor":11},{"not_picked":["Prepared","Dodge and Roll"],"picked":"Dagger Throw","floor":13},{"not_picked":["Blade Dance","Dash","Catalyst"],"picked":"SKIP","floor":14}],"player_experience":575511,"relics_obtained":[{"floor":7,"key":"PreservedInsect"},{"floor":9,"key":"MawBank"},{"floor":11,"key":"Torii"},{"floor":13,"key":"Bird Faced Urn"}],"event_choices":[{"damage_healed":0,"gold_gain":0,"player_choice":"Forge","damage_taken":0,"max_hp_gain":0,"max_hp_loss":0,"event_name":"Accursed Blacksmith","floor":2,"gold_loss":0,"cards_upgraded":["Neutralize"]},{"damage_healed":0,"gold_gain":0,"player_choice":"Got Potions","damage_taken":0,"max_hp_gain":0,"max_hp_loss":0,"event_name":"Lab","floor":4,"gold_loss":0}],"is_beta":false,"boss_relics":[],"items_purged_floors":[],"is_endless":false,"potions_floor_spawned":[3,7],"killed_by":"Hexaghost","ascension_level":11}