{"gold_per_floor":[367,33,33,33,50,50,61,61,61,86,96,126,126,146,146,223,223,200,219,231,156,156,156],"floor_reached":23,"playtime":4203,"items_purged":["Strike_B"],"score":382,"play_id":"925626b1-90d6-4348-9028-568e3308d96e","local_time":"20190412174229","is_ascension_mode":true,"campfire_choices":[{"data":"Zap","floor":6.0,"key":"SMITH"},{"data":"Go for the Eyes","floor":8.0,"key":"SMITH"},{"data":"Dualcast","floor":13.0,"key":"SMITH"},{"data":"Coolheaded","floor":15.0,"key":"SMITH"}],"neow_cost":"TEN_PERCENT_HP_LOSS","seed_source_timestamp":0,"circlet_count":0,"master_deck":["AscendersBane","Strike_B","Strike_B","Strike_B","Defend_B","Defend_B","Defend_B","Defend_B+1","Zap+1","Dualcast+1","Cold Snap","Self Repair","FTL","Conserve Battery+1","Go for the Eyes+1","Coolheaded+1","Glacier","Beam Cell+1","Cold Snap+1","Echo Form","Undo"],"special_seed":0,"relics":["Cracked Core","Anchor","Bag of Marbles","War Paint","Molten Egg 2","Ice Cream","Black Star"],"potions_floor_usage":[23,23],"damage_taken":[{"damage":1.0,"enemies":"Cultist","floor":1.0,"turns":3.0},{"damage":0.0,"enemies":"2 Louse","floor":5.0,"turns":3.0},{"damage":0.0,"enemies":"Small Slimes","floor":7.0,"turns":3.0},{"damage":11.0,"enemies":"Lagavulin","floor":10.0,"turns":7.0},{"damage":0.0,"enemies":"Exordium Thugs","floor":11.0,"turns":5.0},{"damage":6.0,"enemies":"3 Sentries","floor":12.0,"turns":8.0},{"damage":0.0,"enemies":"3 Louse","floor":14.0,"turns":3.0},{"damage":1.0,"enemies":"The Guardian","floor":16.0,"turns":13.0},{"damage":6.0,"enemies":"2 Thieves","floor":18.0,"turns":4.0},{"damage":2.0,"enemies":"Spheric Guardian","floor":19.0,"turns":8.0},{"damage":13.0,"enemies":"Snecko","floor":20.0,"turns":9.0},{"damage":67,"enemies":"Slavers","floor":23,"turns":7}],"seed_played":"2567994354349864130","potions_obtained":[{"floor":5.0,"key":"Swift Potion"},{"floor":11.0,"key":"AttackPotion"},{"floor":14.0,"key":"Explosive Potion"},{"floor":20.0,"key":"Weak Potion"}],"is_trial":false,"path_per_floor":["M","$","?","?","M","R","M","R","T","E","M","E","R","M","R","B",null,"M","M","M","$","?","E"],"character_chosen":"DEFECT","items_purchased":["Anchor","Self Repair","FTL"],"campfire_rested":0,"item_purchase_floors":[2,2,2],"current_hp_per_floor":[63,63,63,58,64,64,64,64,64,60,64,64,64,64,64,64,64,64,64,64,64,64,0],"gold":156,"neow_bonus":"TWO_FIFTY_GOLD","is_prod":false,"is_daily":false,"chose_seed":false,"campfire_upgraded":4,"win_rate":0,"timestamp":1555087349,"path_taken":["M","$","?","?","M","R","M","R","T","E","M","E","R","M","R","BOSS","M","M","M","$","?","E"],"build_version":"2019-01-23","purchased_purges":1,"victory":false,"max_hp_per_floor":[64,64,64,64,64,64,64,64,64,64,64,64,64,64,64,64,64,64,64,64,64,64,64],"card_choices":[{"not_picked":["Defragment","Rebound"],"picked":"Cold Snap","floor":1.0},{"not_picked":["Force Field","Gash"],"picked":"Conserve Battery","floor":5.0},{"not_picked":["Hologram","Coolheaded"],"picked":"Go for the Eyes","floor":7.0},{"not_picked":["Force Field","Machine Learning"],"picked":"Coolheaded","floor":10.0},{"not_picked":["Heatsinks","Compile Driver+1"],"picked":"Glacier","floor":11.0},{"not_picked":["Sweeping Beam+1","Coolheaded"],"picked":"Beam Cell+1","floor":12.0},{"not_picked":["Reinforced Body","Turbo"],"picked":"Cold Snap+1","floor":14.0},{"not_picked":["Seek","Machine Learning"],"picked":"Echo Form","floor":16.0},{"not_picked":["Redo","Reprogram","Leap"],"picked":"SKIP","floor":18.0},{"not_picked":["Static Discharge","Barrage+1","Gash+1"],"picked":"SKIP","floor":19.0},{"not_picked":["Turbo","Cold Snap+1"],"picked":"Undo","floor":20.0}],"player_experience":1045072,"relics_obtained":[{"floor":9.0,"key":"War Paint"},{"floor":10.0,"key":"Molten Egg 2"},{"floor":12.0,"key":"Ice Cream"}],"event_choices":[{"damage_healed":0.0,"max_hp_gain":0.0,"max_hp_loss":0.0,"gold_gain":0.0,"event_name":"The Cleric","player_choice":"Leave","floor":3.0,"gold_loss":0.0,"damage_taken":0.0},{"damage_healed":0.0,"max_hp_gain":0.0,"max_hp_loss":0.0,"gold_gain":0.0,"event_name":"Scrap Ooze","player_choice":"Success","floor":4.0,"gold_loss":0.0,"damage_taken":5.0,"relics_obtained":["Bag of Marbles"]},{"damage_healed":0,"gold_gain":0,"player_choice":"Ignored","damage_taken":0,"max_hp_gain":0,"max_hp_loss":0,"event_name":"Cursed Tome","floor":22,"gold_loss":0}],"is_beta":false,"boss_relics":[{"not_picked":["Runic Dome","Runic Pyramid"],"picked":"Black Star"}],"items_purged_floors":[21],"is_endless":false,"potions_floor_spawned":[5,11,14,20],"killed_by":"Slavers","ascension_level":18}