{"gold_per_floor":[119,29,49,49,124,124,153,153,153,153,168,186,61,81,81,158,158,169,13,29,29,29,29,29],"floor_reached":24,"playtime":1225,"items_purged":["Strike_R","Strike_R"],"score":439,"play_id":"927f495b-185c-4814-80f3-a02a5dc3e4e2","local_time":"20190317204208","is_ascension_mode":true,"campfire_choices":[{"data":"Bash","floor":6,"key":"SMITH"},{"floor":15,"key":"REST"},{"floor":23,"key":"REST"}],"neow_cost":"NONE","seed_source_timestamp":1143508333894483,"circlet_count":0,"master_deck":["AscendersBane","Strike_R","Strike_R","Defend_R","Defend_R","Defend_R","Defend_R","Bash+1","Clothesline","Disarm","Shrug It Off","Feel No Pain","Ghostly Armor","Juggernaut","Demon Form","Pummel","Rampage","Cleave","Sword Boomerang"],"relics":["Burning Blood","Potion Belt","Smiling Mask","Gambling Chip","Oddly Smooth Stone","CultistMask","Mark of Pain"],"potions_floor_usage":[16,16,24,24],"damage_taken":[{"damage":6,"enemies":"Cultist","floor":1,"turns":3},{"damage":8,"enemies":"Small Slimes","floor":3,"turns":5},{"damage":24,"enemies":"Gremlin Nob","floor":7,"turns":5},{"damage":1,"enemies":"Jaw Worm","floor":11,"turns":4},{"damage":0,"enemies":"Looter","floor":12,"turns":5},{"damage":31,"enemies":"Lots of Slimes","floor":14,"turns":6},{"damage":0,"enemies":"The Guardian","floor":16,"turns":13},{"damage":23,"enemies":"Spheric Guardian","floor":18,"turns":6},{"damage":11,"enemies":"Chosen","floor":20,"turns":5},{"damage":56,"enemies":"Slavers","floor":24,"turns":4}],"seed_played":"-1893865264890576178","potions_obtained":[{"floor":11,"key":"PowerPotion"},{"floor":12,"key":"SpeedPotion"},{"floor":16,"key":"FearPotion"},{"floor":20,"key":"BloodPotion"}],"is_trial":false,"path_per_floor":["M","$","M","?","?","R","E","T","T","?","M","M","$","M","R","B",null,"M","$","M","?","?","R","E"],"character_chosen":"IRONCLAD","items_purchased":["Disarm","Juggernaut","Rampage","Cleave"],"campfire_rested":2,"item_purchase_floors":[2,13,19,19],"current_hp_per_floor":[68,68,66,59,48,48,30,30,30,30,35,41,41,16,38,44,67,50,50,45,45,24,48,0],"gold":29,"neow_bonus":"RANDOM_COMMON_RELIC","is_prod":false,"is_daily":false,"chose_seed":false,"campfire_upgraded":1,"win_rate":0,"timestamp":1552869728,"path_taken":["M","?","?","?","?","R","E","?","T","?","M","?","$","M","R","BOSS","M","$","M","?","?","R","E"],"build_version":"2019-01-23","purchased_purges":2,"victory":false,"max_hp_per_floor":[75,75,75,75,75,75,75,75,75,75,75,75,75,75,75,75,75,75,75,75,75,80,80,80],"card_choices":[{"not_picked":["Wild Strike","Flex"],"picked":"Clothesline","floor":1},{"not_picked":["Battle Trance","Warcry"],"picked":"Shrug It Off","floor":3},{"not_picked":["Power Through","True Grit"],"picked":"Feel No Pain","floor":7},{"not_picked":["Twin Strike","Havoc","Reckless Charge"],"picked":"SKIP","floor":11},{"not_picked":["Sentinel","Wild Strike"],"picked":"Ghostly Armor","floor":12},{"not_picked":["Headbutt","Rupture","Power Through"],"picked":"SKIP","floor":14},{"not_picked":["Limit Break","Offering"],"picked":"Demon Form","floor":16},{"not_picked":["Heavy Blade","Iron Wave"],"picked":"Pummel","floor":18},{"not_picked":["Cleave","Whirlwind"],"picked":"Sword Boomerang","floor":20}],"player_experience":319613,"relics_obtained":[{"floor":7,"key":"Smiling Mask"},{"floor":8,"key":"Gambling Chip"},{"floor":9,"key":"Oddly Smooth Stone"}],"event_choices":[{"cards_removed":["Strike_R"],"damage_healed":0,"gold_gain":0,"player_choice":"Card Removal","damage_taken":7,"max_hp_gain":0,"max_hp_loss":0,"event_name":"Golden Wing","floor":4,"gold_loss":0},{"damage_healed":0,"gold_gain":75,"player_choice":"Gather Gold","damage_taken":11,"max_hp_gain":0,"max_hp_loss":0,"event_name":"World of Goop","floor":5,"gold_loss":0},{"damage_healed":0,"gold_gain":0,"player_choice":"Trade","damage_taken":0,"relics_obtained":["CultistMask"],"max_hp_gain":0,"max_hp_loss":0,"event_name":"FaceTrader","floor":10,"gold_loss":0},{"damage_healed":0,"gold_gain":0,"player_choice":"Ignored","damage_taken":0,"max_hp_gain":0,"max_hp_loss":0,"event_name":"Beggar","floor":21,"gold_loss":0},{"damage_healed":0,"gold_gain":0,"player_choice":"Shed Blood","damage_taken":26,"max_hp_gain":5,"max_hp_loss":0,"event_name":"Forgotten Altar","floor":22,"gold_loss":0}],"is_beta":false,"boss_relics":[{"not_picked":["Runic Pyramid","White Beast Statue"],"picked":"Mark of Pain"}],"items_purged_floors":[13,19],"is_endless":false,"potions_floor_spawned":[11,12,16,20],"killed_by":"Slavers","ascension_level":16}