{"gold_per_floor":[111,74,89,89,102,118,118,156,182,225,225,225,105,105,105,105],"floor_reached":16,"playtime":293,"items_purged":[],"score":160,"play_id":"66a03ce9-577e-4b93-8add-247df521f681","local_time":"20181014234740","is_ascension_mode":true,"campfire_choices":[{"data":"Streamline","floor":7,"key":"SMITH"},{"data":"Sunder","floor":12,"key":"SMITH"},{"data":"Dualcast","floor":15,"key":"SMITH"}],"neow_cost":"NONE","seed_source_timestamp":366869627132714,"circlet_count":0,"master_deck":["Strike_B","Strike_B","Strike_B","Strike_B","Defend_B","Defend_B","Defend_B+1","Defend_B","Zap+1","Dualcast+1","Streamline+1","Capacitor","Beam Cell","Sunder+1","Lockon","Core Surge","Scrape","Flash of Steel","Redo+1"],"relics":["Cracked Core","Golden Idol","War Paint","Oddly Smooth Stone","Smiling Mask"],"potions_floor_usage":[8,10,10],"damage_taken":[{"damage":1,"enemies":"Cultist","floor":1,"turns":3},{"damage":8,"enemies":"Small Slimes","floor":3,"turns":3},{"damage":2,"enemies":"Jaw Worm","floor":5,"turns":3},{"damage":1,"enemies":"Exordium Wildlife","floor":6,"turns":2},{"damage":16,"enemies":"Gremlin Nob","floor":8,"turns":3},{"damage":0,"enemies":"Lagavulin","floor":10,"turns":5},{"damage":52,"enemies":"Hexaghost","floor":16,"turns":7}],"seed_played":"-7367374209972511993","potions_obtained":[{"floor":3,"key":"PowerPotion"},{"floor":5,"key":"Poison Potion"},{"floor":8,"key":"Block Potion"}],"is_trial":false,"path_per_floor":["M","?","M","?","M","M","R","E","T","E","?","R","$","?","R"],"character_chosen":"DEFECT","items_purchased":["Flash of Steel","Redo"],"campfire_rested":0,"item_purchase_floors":[13,13],"current_hp_per_floor":[74,74,66,66,64,63,63,47,47,47,47,47,47,47,47,0],"gold":105,"neow_bonus":"THREE_CARDS","is_prod":false,"is_daily":false,"chose_seed":false,"campfire_upgraded":3,"win_rate":0,"timestamp":1539586060,"path_taken":["M","?","M","?","M","M","R","E","T","E","?","R","$","?","R","BOSS"],"build_version":"2018-10-11","purchased_purges":0,"victory":false,"max_hp_per_floor":[75,75,75,69,69,69,69,69,69,69,69,69,69,69,69,69],"card_choices":[{"not_picked":["Steam","Barrage"],"picked":"Streamline","floor":0},{"not_picked":["Coolheaded","Chill"],"picked":"Capacitor","floor":1},{"not_picked":["Barrage","Go for the Eyes"],"picked":"Beam Cell","floor":3},{"not_picked":["Stack","Aggregate"],"picked":"Sunder","floor":5},{"not_picked":["Tempest","Leap"],"picked":"Lockon","floor":6},{"not_picked":["Doom and Gloom","Cold Snap"],"picked":"Core Surge","floor":8},{"not_picked":["Beam Cell","Sunder"],"picked":"Scrape","floor":10}],"player_experience":506996,"relics_obtained":[{"floor":8,"key":"War Paint"},{"floor":9,"key":"Oddly Smooth Stone"},{"floor":10,"key":"Smiling Mask"}],"event_choices":[{"event_name":"World of Goop","player_choice":"Left","floor":2,"damage_taken":0},{"event_name":"Golden Idol","player_choice":"Lose Max HP","floor":4,"damage_taken":0},{"event_name":"Shining Light","player_choice":"Ignored","floor":11,"damage_taken":0},{"event_name":"Living Wall","player_choice":"Grow","floor":14,"damage_taken":0}],"is_beta":false,"boss_relics":[],"items_purged_floors":[],"is_endless":false,"potions_floor_spawned":[3,5,8],"killed_by":"Hexaghost","ascension_level":4}