{"gold_per_floor":[115,265,340,353,39,39,56,88,111,111,129,164,164,179,179,253,253,270,289,564,321,321],"floor_reached":22,"playtime":701,"items_purged":["Doubt","Regret"],"score":340,"play_id":"507097f2-cda7-4d79-99a3-4ecb4e502cdf","local_time":"20181024203318","is_ascension_mode":true,"campfire_choices":[{"data":"Armaments","floor":6,"key":"SMITH"},{"floor":13,"key":"REST"},{"data":"Spot Weakness","floor":15,"key":"SMITH"}],"neow_cost":"NONE","seed_source_timestamp":1218805959295113,"circlet_count":0,"master_deck":["Strike_R","Strike_R","Strike_R","Strike_R","Strike_R","Defend_R","Defend_R","Defend_R","Defend_R","Bash","AscendersBane","Feed","Armaments+1","Flex","Havoc","Ghostly Armor","Flame Barrier","Sword Boomerang","Spot Weakness+1","Demon Form+1","Flex","Burning Pact"],"relics":["Burning Blood","Letter Opener","Ancient Tea Set","Regal Pillow","Frozen Egg 2","Eternal Feather","Pen Nib"],"potions_floor_usage":[8,11,12,16,22],"damage_taken":[{"damage":10,"enemies":"2 Louse","floor":1,"turns":4},{"damage":12,"enemies":"Small Slimes","floor":4,"turns":4},{"damage":7,"enemies":"Jaw Worm","floor":7,"turns":4},{"damage":31,"enemies":"3 Sentries","floor":8,"turns":10},{"damage":13,"enemies":"Lots of Slimes","floor":11,"turns":4},{"damage":24,"enemies":"Lagavulin","floor":12,"turns":7},{"damage":7,"enemies":"Gremlin Gang","floor":14,"turns":5},{"damage":51,"enemies":"Hexaghost","floor":16,"turns":9},{"damage":22,"enemies":"Spheric Guardian","floor":18,"turns":4},{"damage":7,"enemies":"3 Byrds","floor":19,"turns":4},{"damage":58,"enemies":"Shelled Parasite and Fungi","floor":22,"turns":7}],"seed_played":"-3511236598209979622","potions_obtained":[{"floor":7,"key":"SkillPotion"},{"floor":8,"key":"LiquidBronze"},{"floor":10,"key":"PowerPotion"},{"floor":14,"key":"Swift Potion"},{"floor":18,"key":"Block Potion"}],"is_trial":false,"path_per_floor":["M","?","?","M","$","R","M","E","T","?","M","E","R","M","R","B",null,"M","M","?","$"],"character_chosen":"IRONCLAD","items_purchased":["Letter Opener","Pen Nib"],"campfire_rested":1,"item_purchase_floors":[5,21],"current_hp_per_floor":[67,67,56,53,53,53,52,31,31,31,27,9,50,52,52,7,70,54,56,56,56,0],"gold":321,"neow_bonus":"ONE_RANDOM_RARE_CARD","is_prod":false,"is_daily":false,"chose_seed":false,"campfire_upgraded":2,"win_rate":0,"timestamp":1540438398,"path_taken":["M","?","?","M","$","R","?","E","T","?","M","E","R","M","R","BOSS","M","M","?","$","M"],"build_version":"2018-10-18","purchased_purges":2,"victory":false,"max_hp_per_floor":[78,78,78,81,81,81,81,85,85,85,88,88,88,91,91,91,91,91,94,94,94,94],"card_choices":[{"not_picked":["Spot Weakness","Metallicize"],"picked":"Armaments","floor":1},{"not_picked":["Heavy Blade","True Grit"],"picked":"Flex","floor":4},{"not_picked":["Cleave","Sword Boomerang"],"picked":"Havoc","floor":7},{"not_picked":["Clash","Body Slam"],"picked":"Ghostly Armor","floor":8},{"not_picked":["Ghostly Armor","Pommel Strike"],"picked":"Flame Barrier","floor":11},{"not_picked":["Uppercut","Pommel Strike"],"picked":"Sword Boomerang","floor":12},{"not_picked":["Whirlwind","Clash"],"picked":"Spot Weakness","floor":14},{"not_picked":["Fiend Fire","Berserk+1"],"picked":"Demon Form+1","floor":16},{"not_picked":["Uppercut","Shrug It Off"],"picked":"Flex","floor":18},{"not_picked":["Anger","Flex"],"picked":"Burning Pact","floor":19}],"player_experience":645571,"relics_obtained":[{"floor":8,"key":"Ancient Tea Set"},{"floor":9,"key":"Regal Pillow"},{"floor":12,"key":"Frozen Egg 2"}],"event_choices":[{"damage_healed":0,"gold_gain":150,"player_choice":"AGREE","damage_taken":0,"max_hp_gain":0,"max_hp_loss":0,"event_name":"Liars Game","floor":2,"gold_loss":0,"cards_obtained":["Doubt"]},{"damage_healed":0,"gold_gain":75,"player_choice":"Gather Gold","damage_taken":11,"max_hp_gain":0,"max_hp_loss":0,"event_name":"World of Goop","floor":3,"gold_loss":0},{"damage_healed":0,"gold_gain":0,"player_choice":"Got Potions","damage_taken":0,"max_hp_gain":0,"max_hp_loss":0,"event_name":"The Lab","floor":10,"gold_loss":0},{"damage_healed":0,"gold_gain":275,"player_choice":"Desecrate","damage_taken":0,"max_hp_gain":0,"max_hp_loss":0,"event_name":"Golden Shrine","floor":20,"gold_loss":0,"cards_obtained":["Regret"]}],"is_beta":false,"boss_relics":[{"not_picked":["White Beast Statue","Black Blood"],"picked":"Eternal Feather"}],"items_purged_floors":[5,21],"is_endless":false,"potions_floor_spawned":[7,8,14,18],"killed_by":"Shelled Parasite and Fungi","ascension_level":15}