{"gold_per_floor":[119,119,44,54,71,71,103,103,127,141,141,153,153,171,171,292,292,308,308,12,12,33,33,66,42,69,69,33,48,92,92],"floor_reached":31,"playtime":1303,"items_purged":["Strike_G","Strike_G"],"score":300,"play_id":"e8974843-9f87-4ccf-8b51-687910f04d38","local_time":"20181111170205","is_ascension_mode":true,"campfire_choices":[{"data":"Venomology","floor":6,"key":"SMITH"},{"data":"Terror","floor":8,"key":"SMITH"},{"data":"Backflip","floor":11,"key":"SMITH"},{"floor":15,"key":"REST"},{"data":"Cloak And Dagger","floor":23,"key":"SMITH"},{"floor":27,"key":"REST"}],"neow_cost":"NONE","seed_source_timestamp":11372376246536,"circlet_count":0,"master_deck":["Defend_G","Defend_G","Defend_G","Defend_G","Defend_G","Strike_G","Strike_G","Strike_G","Survivor","Neutralize","Sucker Punch+1","Cloak And Dagger","Venomology+1","Terror+1","Backflip+1","Infinite Blades","Cloak And Dagger+1","Backflip+1","Backstab","Outmaneuver","Accuracy","Leg Sweep"],"relics":["Ring of the Snake","Bronze Scales","PreservedInsect","Boot","Golden Idol","Runic Pyramid","Toolbox","Dream Catcher","Darkstone Periapt","Centennial Puzzle","Juzu Bracelet"],"potions_floor_usage":[7,14,14,16,16,18,24,24,24,29,30,30,31],"damage_taken":[{"damage":0,"enemies":"Small Slimes","floor":1,"turns":3},{"damage":0,"enemies":"Cultist","floor":4,"turns":4},{"damage":0,"enemies":"Jaw Worm","floor":5,"turns":4},{"damage":15,"enemies":"Lagavulin","floor":7,"turns":7},{"damage":1,"enemies":"3 Louse","floor":10,"turns":3},{"damage":1,"enemies":"Exordium Thugs","floor":12,"turns":5},{"damage":2,"enemies":"Exordium Wildlife","floor":14,"turns":3},{"damage":39,"enemies":"Slime Boss","floor":16,"turns":11},{"damage":21,"enemies":"2 Thieves","floor":18,"turns":4},{"damage":15,"enemies":"3 Byrds","floor":22,"turns":3},{"damage":15,"enemies":"Gremlin Leader","floor":24,"turns":9},{"damage":36,"enemies":"Shelled Parasite and Fungi","floor":29,"turns":6},{"damage":1,"enemies":"Book of Stabbing","floor":30,"turns":7},{"damage":29,"enemies":"Centurion and Healer","floor":31,"turns":12}],"seed_played":"224878069789123214","potions_obtained":[{"floor":10,"key":"FearPotion"},{"floor":12,"key":"PowerPotion"},{"floor":16,"key":"Ancient Potion"},{"floor":22,"key":"Weak Potion"},{"floor":29,"key":"EssenceOfSteel"}],"is_trial":false,"path_per_floor":["M","?","$","M","M","R","E","R","T","M","R","M","?","M","R","B",null,"M","?","$","T","M","R","E","$","T","R","$","M","E","M"],"character_chosen":"THE_SILENT","items_purchased":["Toolbox","Outmaneuver","Accuracy"],"campfire_rested":2,"item_purchase_floors":[20,25,28],"current_hp_per_floor":[70,70,70,70,70,70,55,55,55,54,54,53,36,34,55,16,70,49,49,49,49,34,34,19,19,19,40,40,4,3,0],"gold":92,"neow_bonus":"RANDOM_COMMON_RELIC","is_prod":false,"is_daily":false,"chose_seed":false,"campfire_upgraded":4,"win_rate":0,"timestamp":1541973725,"path_taken":["M","?","$","M","M","R","E","R","T","M","R","?","?","M","R","BOSS","M","?","$","?","M","R","E","$","T","R","?","?","E","M"],"build_version":"2018-11-08","purchased_purges":2,"victory":false,"max_hp_per_floor":[70,70,70,70,70,70,70,70,70,70,70,70,70,70,70,70,70,70,70,70,70,70,70,70,70,70,70,70,70,70,70],"card_choices":[{"not_picked":["Dagger Throw","Quick Slash"],"picked":"Sucker Punch","floor":1},{"not_picked":["Dagger Spray","Terror"],"picked":"Cloak And Dagger","floor":4},{"not_picked":["Dodge and Roll","PiercingWail"],"picked":"Venomology","floor":5},{"not_picked":["Heel Hook","Sucker Punch"],"picked":"Terror","floor":7},{"not_picked":["Setup","Blade Dance"],"picked":"Backflip","floor":10},{"not_picked":["Quick Slash","Terror"],"picked":"Infinite Blades","floor":12},{"not_picked":["Eviscerate","Deflect"],"picked":"Cloak And Dagger","floor":14},{"not_picked":["Terror+1","Sucker Punch","Tactician"],"picked":"SKIP","floor":18},{"not_picked":["Dodge and Roll","Acrobatics","Outmaneuver"],"picked":"SKIP","floor":22},{"not_picked":["Night Terror","Backflip"],"picked":"Backstab","floor":24},{"not_picked":["Deadly Poison","Poisoned Stab+1"],"picked":"Leg Sweep","floor":29},{"not_picked":["Backflip","Predator","Sucker Punch"],"picked":"SKIP","floor":30}],"player_experience":262770,"relics_obtained":[{"floor":7,"key":"PreservedInsect"},{"floor":9,"key":"Boot"},{"floor":21,"key":"Dream Catcher"},{"floor":24,"key":"Darkstone Periapt"},{"floor":26,"key":"Centennial Puzzle"},{"floor":30,"key":"Juzu Bracelet"}],"event_choices":[{"damage_healed":0,"gold_gain":0,"player_choice":"Upgraded","damage_taken":0,"max_hp_gain":0,"max_hp_loss":0,"event_name":"Upgrade Shrine","floor":2,"gold_loss":0,"cards_upgraded":["Sucker Punch"]},{"damage_healed":0,"gold_gain":0,"player_choice":"Take Damage","damage_taken":17,"relics_obtained":["Golden Idol"],"max_hp_gain":0,"max_hp_loss":0,"event_name":"Golden Idol","floor":13,"gold_loss":0},{"damage_healed":0,"gold_gain":0,"player_choice":"Copied","damage_taken":0,"max_hp_gain":0,"max_hp_loss":0,"event_name":"Duplicator","floor":19,"gold_loss":0,"cards_obtained":["Backflip"]}],"is_beta":false,"boss_relics":[{"not_picked":["Coffee Dripper","Calling Bell"],"picked":"Runic Pyramid"}],"items_purged_floors":[3,20],"is_endless":false,"potions_floor_spawned":[10,12,16,22,29],"killed_by":"Centurion and Healer","ascension_level":2}