{"gold_per_floor":[113,113,113,125,102,102,128,144,144,144,157,157,187,200,200,200],"floor_reached":16,"playtime":333,"items_purged":[],"score":230,"play_id":"f7057993-e986-439e-b2f9-03669a4a397b","local_time":"20181019162242","is_ascension_mode":true,"campfire_choices":[{"data":"Perfected Strike","floor":6.0,"key":"SMITH"},{"data":"Perfected Strike","floor":10,"key":"SMITH"},{"floor":12,"key":"REST"},{"data":"Bash","floor":15,"key":"SMITH"}],"neow_cost":"NONE","seed_source_timestamp":0,"circlet_count":0,"master_deck":["Strike_R","Strike_R","Strike_R","Strike_R","Strike_R","Defend_R","Defend_R","Defend_R","Defend_R","Bash+1","AscendersBane","Finesse","Perfected Strike+1","Regret","Carnage","Headbutt","Cleave","Perfected Strike+1","Exhume","Impervious","Pommel Strike"],"special_seed":0,"relics":["Burning Blood","PreservedInsect","Boot","Dodecahedron","Shuriken"],"potions_floor_usage":[11],"damage_taken":[{"damage":8.0,"enemies":"Small Slimes","floor":1.0,"turns":4.0},{"damage":13.0,"enemies":"Cultist","floor":4.0,"turns":5.0},{"damage":10.0,"enemies":"3 Sentries","floor":7.0,"turns":3.0},{"damage":10,"enemies":"Jaw Worm","floor":8,"turns":3},{"damage":18,"enemies":"2 Fungi Beasts","floor":11,"turns":3},{"damage":0,"enemies":"Gremlin Nob","floor":13,"turns":2},{"damage":19,"enemies":"Lots of Slimes","floor":14,"turns":4},{"damage":59,"enemies":"Slime Boss","floor":16,"turns":7}],"seed_played":"-979904901706675189","potions_obtained":[{"floor":2.0,"key":"Weak Potion"},{"floor":2.0,"key":"PowerPotion"},{"floor":2.0,"key":"Strength Potion"},{"floor":7,"key":"Dexterity Potion"},{"floor":14,"key":"SpeedPotion"}],"is_trial":false,"path_per_floor":["M","?","?","M","$","R","E","M","T","R","M","R","E","M","R"],"character_chosen":"IRONCLAD","items_purchased":["Headbutt"],"campfire_rested":1,"item_purchase_floors":[5],"current_hp_per_floor":[66,66,66,59,59,59,55,51,51,51,39,61,67,54,54,0],"gold":200,"neow_bonus":"RANDOM_COLORLESS","is_prod":false,"is_daily":false,"chose_seed":false,"campfire_upgraded":3,"win_rate":0,"timestamp":1539991362,"path_taken":["M","?","?","M","?","R","E","?","T","R","M","R","E","M","R","BOSS"],"build_version":"2018-10-18","purchased_purges":0,"victory":false,"max_hp_per_floor":[75,75,75,75,75,75,75,75,75,75,75,75,75,75,75,75],"card_choices":[{"not_picked":["Body Slam","Sever Soul"],"picked":"Perfected Strike","floor":1.0},{"not_picked":["Disarm","Thunderclap"],"picked":"Carnage","floor":4.0},{"not_picked":["Body Slam","Clash"],"picked":"Cleave","floor":7},{"not_picked":["Flame Barrier","Wild Strike"],"picked":"Perfected Strike","floor":8},{"not_picked":["Shockwave","Clash"],"picked":"Exhume","floor":11},{"not_picked":["Warcry","Twin Strike"],"picked":"Impervious","floor":13},{"not_picked":["Body Slam","True Grit"],"picked":"Pommel Strike","floor":14}],"player_experience":560160,"relics_obtained":[{"floor":7,"key":"Boot"},{"floor":9,"key":"Dodecahedron"},{"floor":13,"key":"Shuriken"}],"event_choices":[{"damage_healed":0.0,"max_hp_gain":0.0,"max_hp_loss":0.0,"gold_gain":0.0,"event_name":"The Lab","player_choice":"Got Potions","floor":2.0,"gold_loss":0.0,"damage_taken":0.0},{"damage_healed":0.0,"max_hp_gain":0.0,"max_hp_loss":0.0,"gold_gain":0.0,"event_name":"Big Fish","player_choice":"Box","floor":3.0,"gold_loss":0.0,"damage_taken":0.0,"relics_obtained":["PreservedInsect"],"cards_obtained":["Regret"]}],"is_beta":false,"boss_relics":[],"items_purged_floors":[],"is_endless":false,"potions_floor_spawned":[7,14],"killed_by":"Slime Boss","ascension_level":14}