{"gold_per_floor":[115,265,8,83,83,83,112,112,138,155,155,13,38,48,48,125,125,139,139,149,149,164,164,178,212,212,212,226,441,441,441,441,517,517,534,534,634,634,634,634,146,176,251,280,290,290,17,37,37,37,37,37,37,9,41,41],"floor_reached":56,"playtime":4660,"items_purged":["Doubt","Writhe"],"score":1994,"play_id":"b489b63d-3c88-4a1b-ba44-6c04b7109eeb","local_time":"20190409135849","is_ascension_mode":true,"campfire_choices":[{"data":"Zap","floor":6.0,"key":"SMITH"},{"data":"Go for the Eyes","floor":8.0,"key":"SMITH"},{"data":"Recycle","floor":15.0,"key":"SMITH"},{"floor":23.0,"key":"REST"},{"floor":27.0,"key":"REST"},{"floor":32.0,"key":"REST"},{"data":"Echo Form","floor":40.0,"key":"SMITH"},{"floor":46.0,"key":"RECALL"},{"data":"Panache","floor":49.0,"key":"SMITH"},{"data":"Seek","floor":53.0,"key":"SMITH"}],"neow_cost":"NONE","seed_source_timestamp":319883619978966,"circlet_count":0,"master_deck":["AscendersBane","Strike_B","Strike_B+1","Defend_B","Defend_B","Defend_B","Defend_B","Zap+1","Dualcast","Recycle+1","Go for the Eyes+1","Machine Learning","Skim+1","Glacier","Rainbow+1","Fusion+1","RitualDagger+1","Leap","Coolheaded+1","Machine Learning","Seek+1","Conserve Battery","Echo Form+1","Panache+1","Storm","Echo Form+1","Electrodynamics","Chill+1","Static Discharge"],"special_seed":0,"relics":["Cracked Core","NeowsBlessing","Membership Card","Sundial","Pen Nib","Boot","Mummified Hand","Vajra","Runic Pyramid","Bronze Scales","War Paint","Old Coin","Nilry\u0027s Codex","Coffee Dripper","Turnip","MealTicket","Meat on the Bone","Art of War","Bag of Marbles","Bag of Preparation","DollysMirror","Happy Flower","Whetstone"],"potions_floor_usage":[56,56],"damage_taken":[{"damage":0.0,"enemies":"Small Slimes","floor":1.0,"turns":1.0},{"damage":0.0,"enemies":"3 Sentries","floor":7.0,"turns":1.0},{"damage":0.0,"enemies":"2 Louse","floor":10.0,"turns":1.0},{"damage":10.0,"enemies":"Lagavulin","floor":13.0,"turns":6.0},{"damage":7.0,"enemies":"Jaw Worm","floor":14.0,"turns":3.0},{"damage":10.0,"enemies":"The Guardian","floor":16.0,"turns":15.0},{"damage":14.0,"enemies":"3 Byrds","floor":18.0,"turns":5.0},{"damage":2.0,"enemies":"Shell Parasite","floor":20.0,"turns":4.0},{"damage":11.0,"enemies":"Colosseum Slavers","floor":21.0,"turns":3.0},{"damage":10.0,"enemies":"Centurion and Healer","floor":22.0,"turns":6.0},{"damage":0.0,"enemies":"Snecko","floor":24.0,"turns":4.0},{"damage":5.0,"enemies":"Book of Stabbing","floor":25.0,"turns":7.0},{"damage":7.0,"enemies":"Snake Plant","floor":28.0,"turns":4.0},{"damage":0.0,"enemies":"Gremlin Leader","floor":30.0,"turns":1.0},{"damage":26.0,"enemies":"Automaton","floor":33.0,"turns":15.0},{"damage":0.0,"enemies":"Orb Walker","floor":35.0,"turns":4.0},{"damage":0.0,"enemies":"Mind Bloom Boss Battle","floor":37.0,"turns":7.0},{"damage":30.0,"enemies":"Reptomancer","floor":42.0,"turns":5.0},{"damage":32.0,"enemies":"Giant Head","floor":44.0,"turns":12.0},{"damage":0.0,"enemies":"3 Shapes","floor":45.0,"turns":3.0},{"damage":0.0,"enemies":"3 Darklings","floor":48.0,"turns":3.0},{"damage":30.0,"enemies":"Donu and Deca","floor":50.0,"turns":5.0},{"damage":21.0,"enemies":"Awakened One","floor":51.0,"turns":12.0},{"damage":47.0,"enemies":"Shield and Spear","floor":55.0,"turns":5.0},{"damage":42,"enemies":"The Heart","floor":56,"turns":2}],"seed_played":"5835390497732531921","potions_obtained":[{"floor":7.0,"key":"Energy Potion"},{"floor":10.0,"key":"GamblersBrew"},{"floor":16.0,"key":"Weak Potion"},{"floor":18.0,"key":"Fire Potion"},{"floor":20.0,"key":"Swift Potion"},{"floor":22.0,"key":"SpeedPotion"},{"floor":25.0,"key":"SmokeBomb"},{"floor":33.0,"key":"PowerPotion"},{"floor":44.0,"key":"Strength Potion"},{"floor":55.0,"key":"Weak Potion"}],"is_trial":false,"path_per_floor":["M","?","$","?","T","R","E","R","T","M","?","$","E","M","R","B",null,"M","?","M","?","M","R","M","E","T","R","M","?","E","?","R","B",null,"M","?","?","?","?","R","$","E","T","E","M","R","$","M","R","B","B",null,"R","$","E","B"],"character_chosen":"DEFECT","items_purchased":["Membership Card","Mummified Hand","MealTicket","Meat on the Bone","Art of War","Panache","DollysMirror","Electrodynamics","Happy Flower","PowerPotion"],"campfire_rested":3,"item_purchase_floors":[3,12,41,41,41,41,47,47,47,54],"current_hp_per_floor":[64,64,64,53,53,53,53,53,53,53,46,46,36,29,29,19,58,44,38,36,25,15,36,36,31,31,52,45,45,45,24,45,19,58,58,58,58,71,71,71,71,41,41,21,33,33,48,48,48,30,21,59,59,71,36,0],"gold":41,"neow_bonus":"THREE_ENEMY_KILL","is_prod":false,"is_daily":false,"chose_seed":false,"campfire_upgraded":6,"win_rate":0,"timestamp":1554839929,"path_taken":["M","?","$","?","?","R","E","R","T","?","?","$","E","M","R","BOSS","M","?","M","?","M","R","M","E","T","R","M","?","E","?","R","BOSS","M","?","?","?","?","R","?","E","T","E","M","R","$","?","R","BOSS","BOSS","R","$","E","BOSS"],"build_version":"2019-04-04","purchased_purges":2,"victory":false,"max_hp_per_floor":[71,71,71,71,71,71,71,71,71,71,71,71,71,71,71,71,71,71,71,71,71,71,71,71,71,71,71,71,71,71,71,71,71,71,71,71,71,71,71,71,71,71,71,71,71,71,71,71,71,71,71,71,71,71,71,71],"card_choices":[{"not_picked":["Gash","Beam Cell"],"picked":"Recycle","floor":1.0},{"not_picked":["Sweeping Beam","Reprogram"],"picked":"Go for the Eyes","floor":7.0},{"not_picked":["Reprogram","Redo"],"picked":"Machine Learning","floor":10.0},{"not_picked":["Stack","Steam Power"],"picked":"Skim","floor":13.0},{"not_picked":["Compile Driver","Hello World"],"picked":"Glacier","floor":14.0},{"not_picked":["Fission","Reboot"],"picked":"Rainbow","floor":16.0},{"not_picked":["Consume","Storm+1"],"picked":"Fusion+1","floor":18.0},{"not_picked":["Beam Cell","Sweeping Beam"],"picked":"Leap","floor":20.0},{"not_picked":["Gash","Streamline"],"picked":"Coolheaded+1","floor":22.0},{"not_picked":["Steam","Lockon"],"picked":"Machine Learning","floor":24.0},{"not_picked":["Steam Power","Beam Cell"],"picked":"Seek","floor":25.0},{"not_picked":["Genetic Algorithm","Ball Lightning"],"picked":"Conserve Battery","floor":28.0},{"not_picked":["Electrodynamics","Rainbow"],"picked":"Echo Form","floor":33.0},{"not_picked":["Double Energy","Beam Cell","Sunder"],"picked":"SKIP","floor":35.0},{"not_picked":["Tempest","Reinforced Body","Compile Driver"],"picked":"SKIP","floor":42.0},{"not_picked":["Rebound","Conserve Battery"],"picked":"Storm","floor":44.0},{"not_picked":["Compile Driver","Genetic Algorithm","Leap"],"picked":"SKIP","floor":45.0},{"not_picked":["Go for the Eyes+1","Rebound"],"picked":"Chill+1","floor":48.0},{"not_picked":["Compile Driver+1","Gash"],"picked":"Static Discharge","floor":55.0}],"player_experience":2806958,"relics_obtained":[{"floor":5.0,"key":"Sundial"},{"floor":7.0,"key":"Pen Nib"},{"floor":9.0,"key":"Boot"},{"floor":13.0,"key":"Vajra"},{"floor":25.0,"key":"Bronze Scales"},{"floor":26.0,"key":"War Paint"},{"floor":31.0,"key":"Nilry\u0027s Codex"},{"floor":37.0,"key":"Turnip"},{"floor":42.0,"key":"Bag of Marbles"},{"floor":44.0,"key":"Bag of Preparation"},{"floor":55.0,"key":"Whetstone"}],"event_choices":[{"damage_healed":0.0,"max_hp_gain":0.0,"max_hp_loss":0.0,"gold_gain":150.0,"event_name":"Liars Game","player_choice":"AGREE","floor":2.0,"gold_loss":0.0,"damage_taken":0.0,"cards_obtained":["Doubt"]},{"damage_healed":0.0,"max_hp_gain":0.0,"max_hp_loss":0.0,"gold_gain":75.0,"event_name":"World of Goop","player_choice":"Gather Gold","floor":4.0,"gold_loss":0.0,"damage_taken":11.0},{"cards_removed":["Strike_B"],"damage_healed":0.0,"max_hp_gain":0.0,"max_hp_loss":0.0,"gold_gain":0.0,"event_name":"Golden Wing","player_choice":"Card Removal","floor":11.0,"gold_loss":0.0,"damage_taken":7.0},{"damage_healed":0.0,"max_hp_gain":0.0,"max_hp_loss":0.0,"gold_gain":0.0,"event_name":"Nest","player_choice":"Joined the Cult","floor":19.0,"gold_loss":0.0,"damage_taken":6.0,"cards_obtained":["RitualDagger"]},{"damage_healed":0.0,"max_hp_gain":0.0,"max_hp_loss":0.0,"gold_gain":0.0,"event_name":"Colosseum","player_choice":"Fight","floor":21.0,"gold_loss":0.0,"damage_taken":0.0},{"damage_healed":0.0,"max_hp_gain":0.0,"max_hp_loss":0.0,"gold_gain":0.0,"event_name":"Colosseum","player_choice":"Fled From Nobs","floor":21.0,"gold_loss":0.0,"damage_taken":0.0},{"damage_healed":0.0,"max_hp_gain":0.0,"max_hp_loss":0.0,"gold_gain":0.0,"event_name":"Addict","player_choice":"Obtained Relic","floor":29.0,"gold_loss":85.0,"damage_taken":0.0,"relics_obtained":["Old Coin"]},{"damage_healed":0.0,"max_hp_gain":0.0,"max_hp_loss":0.0,"gold_gain":0.0,"event_name":"Cursed Tome","player_choice":"Obtained Book","floor":31.0,"gold_loss":0.0,"damage_taken":21.0},{"cards_removed":["Strike_B"],"damage_healed":0.0,"max_hp_gain":0.0,"max_hp_loss":0.0,"gold_gain":0.0,"event_name":"Falling","player_choice":"Removed Attack","floor":36.0,"gold_loss":0.0,"damage_taken":0.0},{"damage_healed":0.0,"max_hp_gain":0.0,"max_hp_loss":0.0,"gold_gain":0.0,"event_name":"MindBloom","player_choice":"Fight","floor":37.0,"gold_loss":0.0,"damage_taken":0.0},{"damage_healed":14.0,"max_hp_gain":0.0,"max_hp_loss":0.0,"gold_gain":0.0,"event_name":"Winding Halls","player_choice":"Writhe","floor":38.0,"gold_loss":0.0,"damage_taken":0.0,"cards_obtained":["Writhe"]},{"damage_healed":0.0,"max_hp_gain":0.0,"max_hp_loss":0.0,"gold_gain":0.0,"event_name":"Mysterious Sphere","player_choice":"Ignored","floor":39.0,"gold_loss":0.0,"damage_taken":0.0}],"is_beta":true,"boss_relics":[{"not_picked":["Runic Dome","Fusion Hammer"],"picked":"Runic Pyramid"},{"not_picked":["Snecko Eye","Astrolabe"],"picked":"Coffee Dripper"}],"items_purged_floors":[3,41],"is_endless":false,"potions_floor_spawned":[7,10,16,18,20,22,24,25,33,37,44,55],"killed_by":"The Heart","ascension_level":20}