{"path_per_floor":["M","$","M","?","?","R","E","M","T","R","M","M","R","T","R","B",null,"M","?","M","$","T","R","$","E","T","E","R","E","M","M","R"],"character_chosen":"THE_SILENT","items_purchased":["Regen Potion","Ninja Scroll","Toy Ornithopter","Distraction"],"gold_per_floor":[117,67,77,77,77,77,112,123,123,123,134,149,149,149,149,251,251,265,445,463,9,87,87,16,41,96,126,126,155,165,176,176],"floor_reached":33,"campfire_rested":4,"playtime":1047,"current_hp_per_floor":[56,56,55,48,48,48,25,27,27,27,18,20,20,20,53,26,63,61,37,22,22,22,63,63,73,73,27,74,31,3,8,57],"items_purged":[],"gold":176,"score":394,"play_id":"e730ec39-b5d2-4e36-9d17-6e1e9dc8d1ea","is_prod":false,"is_daily":false,"is_ascension_mode":true,"campfire_upgraded":3,"path_taken":["M","$","M","?","?","R","E","M","T","R","M","?","R","?","R","BOSS","M","?","?","$","?","R","?","E","T","E","R","E","M","M","R","BOSS"],"build_version":"2018-02-15-PROD1","purchased_purges":0,"victory":false,"master_deck":["Defend_G","Defend_G","Defend_G","Defend_G","Defend_G","Strike_G","Strike_G","Strike_G","Strike_G","Survivor","Neutralize+1","Envenom+1","Slice","Dagger Spray+1","Backstab","Dagger Spray","Sucker Punch+1","Escape Plan","Envenom","Quick Slash","Flying Knee+1","Distraction","Quick Slash","Adrenaline","Slice","Blur","Prepared"],"max_hp_per_floor":[63,63,63,63,63,63,63,63,63,63,63,63,63,63,63,63,63,63,63,63,63,63,63,63,73,73,80,80,80,80,80,80],"relics":["Ring of the Snake","Blood Vial","Letter Opener","Regal Pillow","Eternal Feather","Ninja Scroll","Toy Ornithopter","Blue Candle","Pear","Vajra","Strawberry","The Courier"],"card_choices":[{"not_picked":["Glass Knife","Storm of Steel"],"picked":"Envenom"},{"not_picked":["Heel Hook","Sucker Punch"],"picked":"Slice"},{"not_picked":["Acrobatics","Night Terror"],"picked":"Dagger Spray"},{"not_picked":["Acrobatics","Catalyst"],"picked":"Backstab"},{"not_picked":["Outmaneuver","Deadly Poison"],"picked":"Dagger Spray"},{"not_picked":["Eviscerate","Riddle With Holes"],"picked":"Sucker Punch"},{"not_picked":["Deflect","Dagger Throw"],"picked":"Escape Plan"},{"not_picked":["Phantasmal Killer","Bullet Time"],"picked":"Envenom"},{"not_picked":["Well Laid Plans","Dodge and Roll"],"picked":"Quick Slash"},{"not_picked":["Bane","Dagger Throw"],"picked":"Flying Knee"},{"not_picked":["Leg Sweep","Flying Knee"],"picked":"Quick Slash"},{"not_picked":["Tactician","Dash"],"picked":"Adrenaline"},{"not_picked":["Underhanded Strike","Backflip"],"picked":"Slice"},{"not_picked":["Dagger Throw","Dagger Spray"],"picked":"Blur"},{"not_picked":["Caltrops","Flying Knee"],"picked":"Prepared"}],"player_experience":163690,"potions_floor_usage":[7,11,16,18,20,30,31,33],"damage_taken":[{"damage":7,"enemies":"Jaw Worm","floor":1,"turns":4},{"damage":1,"enemies":"Small Slimes","floor":3,"turns":4},{"damage":38,"enemies":"Lagavulin","floor":7,"turns":8},{"damage":0,"enemies":"2 Louse","floor":8,"turns":2},{"damage":11,"enemies":"Looter","floor":11,"turns":2},{"damage":0,"enemies":"Gremlin Gang","floor":12,"turns":1},{"damage":29,"enemies":"Hexaghost","floor":16,"turns":8},{"damage":2,"enemies":"3 Byrds","floor":18,"turns":3},{"damage":17,"enemies":"2 Thieves","floor":20,"turns":4},{"damage":0,"enemies":"Gremlin Leader","floor":25,"turns":6},{"damage":53,"enemies":"Book of Stabbing","floor":27,"turns":6},{"damage":45,"enemies":"Slavers","floor":29,"turns":5},{"damage":33,"enemies":"Snake Plant","floor":30,"turns":3},{"damage":0,"enemies":"Snecko","floor":31,"turns":4},{"damage":66,"enemies":"Automaton","floor":33,"turns":10}],"event_choices":[{"event_name":"Golden Wing","player_choice":"Card Removal","floor":4,"damage_taken":0},{"event_name":"Living Wall","player_choice":"Grow","floor":5,"damage_taken":0},{"event_name":"Knowing Skull","player_choice":"GOLD GOLD ","floor":19,"damage_taken":0}],"boss_relics":[{"not_picked":["Black Star","Orrery"],"picked":"Eternal Feather"}],"potions_floor_spawned":[7,8,11,16,29,30,31],"seed_played":"-6641806863202048259","killed_by":"Automaton","ascension_level":4,"is_trial":false}