{"gold_per_floor":[114,125,142,44,44,69,19,19,66,91,121,133,133,154,154,249,249,260,279,290,300,96,128,144,144,144,144,144,160,175,194,194,291,291,304,379,396,412,61,61,89,35,35,50,0,15,34,34],"floor_reached":48,"playtime":3324,"items_purged":["Strike_R","Strike_R","Strike_R"],"score":833,"play_id":"0e0c6792-5d4b-403b-883f-11ab2d0e7e28","local_time":"20190308051725","is_ascension_mode":true,"campfire_choices":[{"floor":8.0,"key":"REST"},{"floor":13.0,"key":"REST"},{"data":"Inflame","floor":15.0,"key":"SMITH"},{"floor":25,"key":"REST"},{"floor":28,"key":"REST"},{"data":"Limit Break","floor":32,"key":"SMITH"},{"floor":40,"key":"REST"}],"neow_cost":"NONE","seed_source_timestamp":0,"circlet_count":0,"master_deck":["AscendersBane","Strike_R+1","Defend_R+1","Defend_R","Defend_R","Defend_R","Bash+1","Iron Wave","Inflame+1","Wild Strike","Sword Boomerang","Disarm","Spot Weakness","Shrug It Off","Cleave","Double Tap","Infernal Blade+1","Shockwave+1","Disarm","Limit Break+1","Ghostly Armor","Headbutt","Cleave+1","Clothesline","Feed","Battle Trance+1","Heavy Blade+1","Metallicize","Anger+1","True Grit","Whirlwind","Power Through+1","Iron Wave+1","Immolate","Sword Boomerang","Heavy Blade+1"],"special_seed":0,"relics":["Burning Blood","Smiling Mask","Bag of Preparation","Ancient Tea Set","Incense Burner","Odd Mushroom","Sozu","War Paint","Bottled Lightning","Mark of Pain","Sling","Red Skull","Prayer Wheel","Dodecahedron","Red Mask"],"potions_floor_usage":[],"damage_taken":[{"damage":9.0,"enemies":"Cultist","floor":1.0,"turns":5.0},{"damage":14.0,"enemies":"Jaw Worm","floor":2.0,"turns":3.0},{"damage":0.0,"enemies":"2 Louse","floor":3.0,"turns":2.0},{"damage":15.0,"enemies":"3 Sentries","floor":6.0,"turns":5.0},{"damage":19.0,"enemies":"Lagavulin","floor":10.0,"turns":5.0},{"damage":30.0,"enemies":"Large Slime","floor":12.0,"turns":5.0},{"damage":2.0,"enemies":"The Mushroom Lair","floor":14.0,"turns":4.0},{"damage":49.0,"enemies":"The Guardian","floor":16.0,"turns":10.0},{"damage":9.0,"enemies":"Chosen","floor":18.0,"turns":5.0},{"damage":14.0,"enemies":"Shell Parasite","floor":19.0,"turns":4.0},{"damage":16.0,"enemies":"Cultist and Chosen","floor":20.0,"turns":5.0},{"damage":11.0,"enemies":"Shelled Parasite and Fungi","floor":21.0,"turns":4.0},{"damage":16,"enemies":"Book of Stabbing","floor":23,"turns":5},{"damage":14,"enemies":"Snake Plant","floor":24,"turns":5},{"damage":0,"enemies":"Centurion and Healer","floor":29,"turns":2},{"damage":8,"enemies":"Shelled Parasite and Fungi","floor":30,"turns":3},{"damage":11,"enemies":"Snecko","floor":31,"turns":5},{"damage":24,"enemies":"Collector","floor":33,"turns":6},{"damage":8,"enemies":"Orb Walker","floor":35,"turns":3},{"damage":47,"enemies":"3 Darklings","floor":37,"turns":7},{"damage":9,"enemies":"Transient","floor":38,"turns":5},{"damage":24,"enemies":"Nemesis","floor":41,"turns":7},{"damage":4,"enemies":"Jaw Worm Horde","floor":44,"turns":3},{"damage":1,"enemies":"Maw","floor":46,"turns":5},{"damage":17,"enemies":"Transient","floor":47,"turns":5},{"damage":21,"enemies":"Giant Head","floor":48,"turns":6}],"seed_played":"-984831583731600659","potions_obtained":[{"floor":1.0,"key":"Explosive Potion"},{"floor":3.0,"key":"Block Potion"},{"floor":10.0,"key":"SpeedPotion"},{"floor":12.0,"key":"Energy Potion"}],"is_trial":false,"path_per_floor":["M","M","M","$","?","E","$","R","T","E","?","M","R","?","R","B",null,"M","M","M","M","$","E","M","R","T","?","R","M","M","M","R","B",null,"M","?","M","M","$","R","E","$","T","M","?","M","M","E"],"character_chosen":"IRONCLAD","items_purchased":["Sword Boomerang","Limit Break","Sling","Red Skull","True Grit"],"campfire_rested":5,"item_purchase_floors":[4,22,39,39,42],"current_hp_per_floor":[69,61,67,67,51,42,42,66,66,53,53,29,53,57,57,14,64,61,53,43,38,38,28,20,44,44,44,68,74,72,67,67,49,72,70,62,21,18,18,42,24,24,24,26,26,31,20,0],"gold":34,"neow_bonus":"THREE_CARDS","is_prod":false,"is_daily":false,"chose_seed":false,"campfire_upgraded":2,"win_rate":0,"timestamp":1552040245,"path_taken":["M","M","M","$","?","E","$","R","T","E","?","M","R","?","R","BOSS","M","M","M","M","$","E","M","R","T","?","R","?","M","M","R","BOSS","M","?","M","M","?","R","E","$","T","M","?","M","?","E"],"build_version":"2019-01-23","purchased_purges":3,"victory":false,"max_hp_per_floor":[80,80,80,80,80,80,80,80,80,80,80,80,80,80,80,80,80,80,80,80,80,80,80,80,80,80,80,80,80,80,80,80,80,80,80,80,80,80,80,80,80,80,80,80,80,80,80,80],"card_choices":[{"not_picked":["Wild Strike","Heavy Blade"],"picked":"Iron Wave","floor":0.0},{"not_picked":["Carnage","Twin Strike"],"picked":"Inflame","floor":1.0},{"not_picked":["Rupture","Armaments"],"picked":"Wild Strike","floor":2.0},{"not_picked":["True Grit","Thunderclap","Second Wind"],"picked":"SKIP","floor":3.0},{"not_picked":["Bludgeon","Iron Wave"],"picked":"Disarm","floor":6.0},{"not_picked":["Fiend Fire","Hemokinesis"],"picked":"Spot Weakness","floor":10.0},{"not_picked":["Thunderclap","Warcry"],"picked":"Shrug It Off","floor":12.0},{"not_picked":["Body Slam","Havoc"],"picked":"Cleave","floor":14.0},{"not_picked":["Dark Embrace","Barricade"],"picked":"Double Tap","floor":16.0},{"not_picked":["Rupture+1","Flex"],"picked":"Infernal Blade","floor":18.0},{"not_picked":["Power Through","Cleave","Bloodletting+1"],"picked":"SKIP","floor":19.0},{"not_picked":["Cleave","Flame Barrier+1"],"picked":"Shockwave+1","floor":20.0},{"not_picked":["Battle Trance","Power Through"],"picked":"Disarm","floor":21},{"not_picked":["Hemokinesis","Reckless Charge"],"picked":"Ghostly Armor","floor":23},{"not_picked":["Flex","True Grit"],"picked":"Headbutt","floor":24},{"not_picked":["Wild Strike","Clash"],"picked":"Cleave+1","floor":29},{"not_picked":["Fire Breathing","Clash"],"picked":"Clothesline","floor":30},{"not_picked":["Entrench","Thunderclap","Havoc"],"picked":"SKIP","floor":31},{"not_picked":["Juggernaut","Immolate"],"picked":"Feed","floor":33},{"not_picked":["Wild Strike+1","Flex+1"],"picked":"Battle Trance+1","floor":35},{"not_picked":["Rampage+1","Rage+1"],"picked":"Heavy Blade+1","floor":37},{"not_picked":["Flex+1","Body Slam"],"picked":"Metallicize","floor":38},{"not_picked":["Inflame","Thunderclap+1"],"picked":"Anger+1","floor":41},{"not_picked":["Anger","Twin Strike+1"],"picked":"Whirlwind","floor":44},{"not_picked":["Twin Strike","Intimidate+1"],"picked":"Power Through+1","floor":44},{"not_picked":["Anger+1","Hemokinesis"],"picked":"Iron Wave+1","floor":46},{"not_picked":["Cleave+1","Twin Strike+1"],"picked":"Immolate","floor":46},{"not_picked":["Cleave","Uppercut"],"picked":"Sword Boomerang","floor":47},{"not_picked":["Perfected Strike+1","Warcry"],"picked":"Heavy Blade+1","floor":47}],"player_experience":248924,"relics_obtained":[{"floor":6.0,"key":"Smiling Mask"},{"floor":9.0,"key":"Bag of Preparation"},{"floor":10.0,"key":"Ancient Tea Set"},{"floor":14.0,"key":"Odd Mushroom"},{"floor":23,"key":"War Paint"},{"floor":26,"key":"Bottled Lightning"},{"floor":41,"key":"Prayer Wheel"},{"floor":43,"key":"Dodecahedron"}],"event_choices":[{"damage_healed":0.0,"max_hp_gain":0.0,"max_hp_loss":0.0,"gold_gain":0.0,"event_name":"Shining Light","player_choice":"Entered Light","floor":5.0,"gold_loss":0.0,"damage_taken":16.0,"cards_upgraded":["Bash","Strike_R"]},{"damage_healed":0.0,"max_hp_gain":0.0,"max_hp_loss":0.0,"gold_gain":30.0,"event_name":"Dead Adventurer","player_choice":"Searched \u00272\u0027 times","floor":11.0,"gold_loss":0.0,"damage_taken":0.0,"relics_obtained":["Incense Burner"]},{"damage_healed":0.0,"max_hp_gain":0.0,"max_hp_loss":0.0,"gold_gain":0.0,"event_name":"Mushrooms","player_choice":"Fought Mushrooms","floor":14.0,"gold_loss":0.0,"damage_taken":0.0},{"cards_removed":["Strike_R"],"damage_healed":0,"gold_gain":0,"player_choice":"Purged","damage_taken":0,"max_hp_gain":0,"max_hp_loss":0,"event_name":"Purifier","floor":27,"gold_loss":0},{"damage_healed":0,"gold_gain":75,"player_choice":"Touch","damage_taken":8,"max_hp_gain":0,"max_hp_loss":0,"event_name":"FaceTrader","floor":36,"gold_loss":0},{"damage_healed":0,"gold_gain":0,"player_choice":"Paid","damage_taken":0,"relics_obtained":["Red Mask"],"max_hp_gain":0,"max_hp_loss":0,"event_name":"Tomb of Lord Red Mask","floor":45,"gold_loss":50}],"is_beta":false,"boss_relics":[{"not_picked":["Lizard Tail","Pandora\u0027s Box"],"picked":"Sozu"},{"not_picked":["Orrery","Empty Cage"],"picked":"Mark of Pain"}],"items_purged_floors":[4,7,22],"is_endless":false,"potions_floor_spawned":[1,3,10,12,19,20,24,29,30,35,41,46,47],"killed_by":"Giant Head","ascension_level":11}