{"gold_per_floor":[118,118,18,37,37,72,72,98,125,125,143,143,157,157,157,157],"floor_reached":16,"playtime":432,"items_purged":["Strike_R"],"score":124,"play_id":"41e8ad48-d67d-4d6f-9492-c7b70f1227f8","local_time":"20190224185526","is_ascension_mode":true,"campfire_choices":[{"data":"Strike_R","floor":7,"key":"SMITH"},{"floor":12,"key":"REST"},{"data":"Flame Barrier","floor":15,"key":"SMITH"}],"neow_cost":"NONE","seed_source_timestamp":104392073438800,"circlet_count":0,"master_deck":["Strike_R+1","Strike_R+1","Strike_R+1","Defend_R","Defend_R","Defend_R","Defend_R","Bash","True Grit","Armaments","Havoc","Brutality","Corruption","Thunderclap","Flame Barrier+1","Injury"],"relics":["Burning Blood","Orichalcum","Potion Belt","Self Forming Clay","Vajra","Golden Idol"],"potions_floor_usage":[6,8,8,8,8,16,16],"damage_taken":[{"damage":0,"enemies":"Cultist","floor":1,"turns":3},{"damage":4,"enemies":"2 Louse","floor":4,"turns":3},{"damage":40,"enemies":"Lagavulin","floor":6,"turns":7},{"damage":12,"enemies":"3 Sentries","floor":8,"turns":7},{"damage":6,"enemies":"Small Slimes","floor":11,"turns":3},{"damage":9,"enemies":"Red Slaver","floor":13,"turns":5},{"damage":36,"enemies":"Slime Boss","floor":16,"turns":5}],"seed_played":"-5031198760779800278","potions_obtained":[{"floor":4,"key":"Weak Potion"},{"floor":6,"key":"EntropicBrew"},{"floor":11,"key":"FearPotion"}],"is_trial":false,"path_per_floor":["M","?","$","M","?","E","R","E","T","$","M","R","M","?","R","B"],"character_chosen":"IRONCLAD","items_purchased":["Armaments"],"campfire_rested":1,"item_purchase_floors":[3],"current_hp_per_floor":[80,64,64,66,59,25,25,19,19,19,19,43,40,40,40,4],"gold":157,"neow_bonus":"RANDOM_COMMON_RELIC","is_prod":false,"is_daily":false,"chose_seed":false,"campfire_upgraded":2,"win_rate":0,"timestamp":1551063326,"path_taken":["M","?","$","M","?","E","R","E","T","$","M","R","M","?","R","BOSS"],"build_version":"2019-02-06","purchased_purges":1,"victory":false,"max_hp_per_floor":[80,80,80,80,80,80,80,80,80,80,80,80,80,80,80,80],"card_choices":[{"not_picked":["Evolve","Warcry"],"picked":"True Grit","floor":1},{"not_picked":["Heavy Blade","Headbutt"],"picked":"Havoc","floor":4},{"not_picked":["True Grit","Anger"],"picked":"Brutality","floor":6},{"not_picked":["Searing Blow","Armaments"],"picked":"Corruption","floor":8},{"not_picked":["Pommel Strike","Power Through"],"picked":"Thunderclap","floor":11},{"not_picked":["Anger","Hemokinesis"],"picked":"Flame Barrier","floor":13}],"player_experience":502161,"relics_obtained":[{"floor":6,"key":"Potion Belt"},{"floor":8,"key":"Self Forming Clay"},{"floor":9,"key":"Vajra"}],"event_choices":[{"damage_healed":0,"gold_gain":0,"player_choice":"Entered Light","damage_taken":16,"max_hp_gain":0,"max_hp_loss":0,"event_name":"Shining Light","floor":2,"gold_loss":0,"cards_upgraded":["Strike_R","Strike_R"]},{"cards_removed":["Strike_R"],"damage_healed":0,"gold_gain":0,"player_choice":"Card Removal","damage_taken":7,"max_hp_gain":0,"max_hp_loss":0,"event_name":"Golden Wing","floor":5,"gold_loss":0},{"damage_healed":0,"gold_gain":0,"player_choice":"Take Wound","damage_taken":0,"relics_obtained":["Golden Idol"],"max_hp_gain":0,"max_hp_loss":0,"event_name":"Golden Idol","floor":14,"gold_loss":0,"cards_obtained":["Injury"]}],"is_beta":true,"boss_relics":[],"items_purged_floors":[3],"is_endless":false,"potions_floor_spawned":[4,6,11],"killed_by":"Slime Boss","ascension_level":3}