{"gold_per_floor":[109,122,122,122,19,33,33,48,48,48,80,80,106,116,116,213,213,123,123,48,48,48,48],"floor_reached":23,"playtime":577,"items_purged":[],"score":256,"play_id":"8670bb8f-b795-486a-81af-04856d4a08f1","local_time":"20190304195158","is_ascension_mode":true,"campfire_choices":[{"data":"Armaments","floor":7,"key":"SMITH"},{"data":"Inflame","floor":10,"key":"SMITH"},{"floor":12,"key":"REST"},{"data":"Perfected Strike","floor":15,"key":"SMITH"}],"neow_cost":"NONE","seed_source_timestamp":13579076975000,"circlet_count":0,"master_deck":["Strike_R","Strike_R","Strike_R","Strike_R+1","Strike_R","Defend_R","Defend_R","Defend_R+1","Bash","Twin Strike","Metallicize","Inflame+1","Armaments+1","Thunderclap","Iron Wave","Perfected Strike+1","Flex","Feed","True Grit","Cleave","Decay"],"relics":["Burning Blood","NeowsBlessing","Pear","Bottled Lightning","Sundial","The Courier","Ectoplasm"],"potions_floor_usage":[13,13,16],"damage_taken":[{"damage":0,"enemies":"2 Louse","floor":1,"turns":1},{"damage":0,"enemies":"Jaw Worm","floor":2,"turns":1},{"damage":0,"enemies":"Cultist","floor":6,"turns":1},{"damage":14,"enemies":"Exordium Thugs","floor":8,"turns":4},{"damage":40,"enemies":"Lagavulin","floor":11,"turns":7},{"damage":13,"enemies":"Gremlin Nob","floor":13,"turns":3},{"damage":12,"enemies":"3 Louse","floor":14,"turns":3},{"damage":18,"enemies":"Slime Boss","floor":16,"turns":7},{"damage":58,"enemies":"2 Thieves","floor":18,"turns":4},{"damage":20,"enemies":"3 Byrds","floor":19,"turns":5},{"damage":16,"enemies":"Snake Plant","floor":21,"turns":4},{"damage":26,"enemies":"Slavers","floor":23,"turns":1}],"seed_played":"-7392993249343858175","potions_obtained":[{"floor":2,"key":"Strength Potion"},{"floor":6,"key":"Explosive Potion"},{"floor":11,"key":"Poison Potion"},{"floor":14,"key":"Regen Potion"}],"is_trial":false,"path_per_floor":["M","M","?","?","$","M","R","M","T","R","E","R","E","M","R","B",null,"M","M","?","M","?","E"],"character_chosen":"IRONCLAD","items_purchased":["Inflame","Armaments"],"campfire_rested":1,"item_purchase_floors":[5,5],"current_hp_per_floor":[80,80,64,74,74,80,80,72,72,72,38,65,58,52,52,55,90,38,27,27,20,20,0],"gold":48,"neow_bonus":"THREE_ENEMY_KILL","is_prod":false,"is_daily":false,"chose_seed":false,"campfire_upgraded":3,"win_rate":0,"timestamp":1551757918,"path_taken":["M","M","?","?","$","?","R","M","T","R","E","R","E","M","R","BOSS","M","M","?","M","?","E"],"build_version":"2019-02-06","purchased_purges":0,"victory":false,"max_hp_per_floor":[80,80,80,90,90,90,90,90,90,90,90,90,90,90,90,90,90,90,93,93,96,96,96],"card_choices":[{"not_picked":["Anger","Warcry"],"picked":"Twin Strike","floor":1},{"not_picked":["Rupture","Anger"],"picked":"Metallicize","floor":2},{"not_picked":["Headbutt","Corruption"],"picked":"Thunderclap","floor":6},{"not_picked":["Blood for Blood","Combust"],"picked":"Iron Wave","floor":8},{"not_picked":["Reckless Charge","Evolve"],"picked":"Perfected Strike","floor":11},{"not_picked":["Rampage","Berserk","Anger"],"picked":"SKIP","floor":13},{"not_picked":["Bloodletting","Anger"],"picked":"Flex","floor":14},{"not_picked":["Brutality","Exhume"],"picked":"Feed","floor":16},{"not_picked":["Ghostly Armor","Wild Strike"],"picked":"True Grit","floor":18},{"not_picked":["Havoc","Infernal Blade"],"picked":"Cleave","floor":19},{"not_picked":["True Grit","Twin Strike","Cleave"],"picked":"SKIP","floor":21}],"player_experience":534833,"relics_obtained":[{"floor":9,"key":"Bottled Lightning"},{"floor":11,"key":"Sundial"},{"floor":13,"key":"The Courier"}],"event_choices":[{"damage_healed":0,"gold_gain":0,"player_choice":"Entered Light","damage_taken":16,"max_hp_gain":0,"max_hp_loss":0,"event_name":"Shining Light","floor":3,"gold_loss":0,"cards_upgraded":["Strike_R","Defend_R"]},{"damage_healed":0,"gold_gain":0,"player_choice":"Gave Potion","damage_taken":0,"relics_obtained":["Pear"],"max_hp_gain":0,"max_hp_loss":0,"event_name":"WeMeetAgain","floor":4,"gold_loss":0},{"cards_removed":["Defend_R"],"damage_healed":0,"gold_gain":0,"player_choice":"Gave Gold","damage_taken":0,"max_hp_gain":0,"max_hp_loss":0,"event_name":"Beggar","floor":20,"gold_loss":75},{"damage_healed":0,"gold_gain":0,"player_choice":"Smashed Altar","damage_taken":0,"max_hp_gain":0,"max_hp_loss":0,"event_name":"Forgotten Altar","floor":22,"gold_loss":0,"cards_obtained":["Decay"]}],"is_beta":true,"boss_relics":[{"not_picked":["Calling Bell","Empty Cage"],"picked":"Ectoplasm"}],"items_purged_floors":[],"is_endless":false,"potions_floor_spawned":[2,6,11,14],"killed_by":"Slavers","ascension_level":3}