{"gold_per_floor":[113,129,304,37,112,144,144,160,190,190,223,235,247,274,274,378,378,393,47,47,95,110,110,136,136,159,159,178,206,221,240,240,339,339,357,34,102,120,131,131,143,169,221,221,221,221,254,268,268,268],"floor_reached":51,"playtime":5575,"items_purged":["Doubt","Strike_R","Defend_R+1"],"score":963,"play_id":"0eb9756d-bdec-4275-a085-1e9631fe2403","local_time":"20190411143118","is_ascension_mode":true,"campfire_choices":[{"data":"Clothesline","floor":7,"key":"SMITH"},{"data":"1","floor":15,"key":"LIFT"},{"data":"Armaments","floor":23,"key":"SMITH"},{"data":"2","floor":27,"key":"LIFT"},{"data":"3","floor":32,"key":"LIFT"},{"data":"True Grit","floor":40,"key":"SMITH"},{"data":"Inflame","floor":44,"key":"SMITH"},{"data":"Secret Technique","floor":46,"key":"SMITH"},{"floor":49,"key":"REST"}],"neow_cost":"NONE","seed_source_timestamp":101443194829415,"circlet_count":0,"master_deck":["Strike_R+1","Strike_R+1","Strike_R+1","Defend_R+1","Defend_R+1","Defend_R+1","Bash","Exhume","Pommel Strike+1","Clothesline+1","Cleave","Ghostly Armor","Whirlwind","Heavy Blade","Headbutt+1","Feed","Armaments+1","Sword Boomerang+1","Flame Barrier+1","Feed","Corruption","Shockwave","Body Slam","Impervious","Shrug It Off","Reaper","Inflame+1","True Grit+1","Secret Technique+1","Shrug It Off","Flex"],"relics":["Burning Blood","Vajra","Singing Bowl","Tiny Chest","Girya","Anchor","Sozu","Question Card","Whetstone","Omamori","Orichalcum","Charon\u0027s Ashes","Orrery","OrangePellets","Matryoshka","Boot","Mummified Hand","Centennial Puzzle","Potion Belt"],"potions_floor_usage":[6,14,14,16],"damage_taken":[{"damage":6,"enemies":"Cultist","floor":1,"turns":4},{"damage":6,"enemies":"Jaw Worm","floor":2,"turns":5},{"damage":23,"enemies":"Gremlin Nob","floor":6,"turns":4},{"damage":3,"enemies":"Small Slimes","floor":8,"turns":3},{"damage":32,"enemies":"Lagavulin","floor":11,"turns":7},{"damage":9,"enemies":"Red Slaver","floor":12,"turns":4},{"damage":4,"enemies":"Looter","floor":13,"turns":3},{"damage":0,"enemies":"3 Sentries","floor":14,"turns":3},{"damage":25,"enemies":"The Guardian","floor":16,"turns":13},{"damage":8,"enemies":"3 Byrds","floor":18,"turns":7},{"damage":10,"enemies":"Spheric Guardian","floor":22,"turns":4},{"damage":32,"enemies":"Book of Stabbing","floor":24,"turns":6},{"damage":12,"enemies":"Cultist and Chosen","floor":28,"turns":5},{"damage":21,"enemies":"Slavers","floor":29,"turns":6},{"damage":0,"enemies":"Snake Plant","floor":30,"turns":3},{"damage":10,"enemies":"Snecko","floor":31,"turns":4},{"damage":44,"enemies":"Automaton","floor":33,"turns":10},{"damage":2,"enemies":"Orb Walker","floor":35,"turns":3},{"damage":4,"enemies":"3 Shapes","floor":38,"turns":5},{"damage":3,"enemies":"Maw","floor":39,"turns":6},{"damage":42,"enemies":"Writhing Mass","floor":41,"turns":9},{"damage":34,"enemies":"Giant Head","floor":42,"turns":7},{"damage":35,"enemies":"Reptomancer","floor":47,"turns":7},{"damage":0,"enemies":"3 Darklings","floor":48,"turns":8},{"damage":161,"enemies":"Donu and Deca","floor":50,"turns":13}],"seed_played":"-1118815558685994793","potions_obtained":[{"floor":2,"key":"FearPotion"},{"floor":12,"key":"Explosive Potion"},{"floor":13,"key":"Block Potion"},{"floor":14,"key":"Dexterity Potion"}],"is_trial":false,"path_per_floor":["M","M","?","$","?","E","R","M","T","?","E","M","M","E","R","B",null,"M","$","?","T","M","R","E","?","T","R","M","E","M","M","R","B",null,"M","$","T","M","M","R","M","E","T","R","?","R","E","M","R","B",null],"character_chosen":"IRONCLAD","items_purchased":["Vajra","Clothesline","Question Card","OrangePellets"],"campfire_rested":1,"item_purchase_floors":[4,4,19,36],"current_hp_per_floor":[80,80,80,80,69,52,52,55,55,55,29,28,30,36,36,17,82,86,86,86,86,82,82,56,56,56,56,53,44,50,51,51,13,106,109,109,109,114,119,119,88,75,75,75,69,69,60,95,136,13],"gold":268,"neow_bonus":"ONE_RANDOM_RARE_CARD","is_prod":false,"is_daily":false,"chose_seed":false,"campfire_upgraded":5,"win_rate":0,"timestamp":1554989478,"path_taken":["M","M","?","$","?","E","R","M","T","?","E","?","M","E","R","BOSS","M","$","?","?","M","R","E","?","T","R","M","E","M","M","R","BOSS","M","$","?","M","M","R","?","E","T","R","?","R","E","M","R","BOSS"],"build_version":"2019-01-23","purchased_purges":3,"victory":true,"max_hp_per_floor":[80,80,80,80,80,80,80,80,80,80,80,82,82,82,82,82,82,88,88,88,88,88,88,88,88,88,88,91,97,97,102,102,102,106,109,109,109,114,119,119,124,126,126,126,130,130,134,137,137,137],"card_choices":[{"not_picked":["Warcry","Sentinel","Power Through"],"picked":"SKIP","floor":1},{"not_picked":["Flex","Warcry"],"picked":"Pommel Strike","floor":2},{"not_picked":["Wild Strike","Perfected Strike"],"picked":"Cleave","floor":6},{"not_picked":["Fire Breathing","Anger"],"picked":"Ghostly Armor","floor":8},{"not_picked":["Sword Boomerang","Thunderclap"],"picked":"Whirlwind","floor":11},{"not_picked":["Clothesline","Bludgeon","Wild Strike"],"picked":"Singing Bowl","floor":12},{"not_picked":["Warcry","Rupture"],"picked":"Heavy Blade","floor":13},{"not_picked":["Sentinel","Sever Soul"],"picked":"Headbutt","floor":14},{"not_picked":["Juggernaut","Barricade"],"picked":"Feed","floor":16},{"not_picked":["Body Slam","Battle Trance+1"],"picked":"Armaments","floor":18},{"not_picked":["Dropkick","Cleave","Pummel"],"picked":"Sword Boomerang+1","floor":22},{"not_picked":["Dark Embrace","Carnage","Offering"],"picked":"Flame Barrier+1","floor":24},{"not_picked":["Entrench","Rupture+1","Havoc"],"picked":"Corruption","floor":28},{"not_picked":["Feel No Pain+1","Intimidate+1","Havoc+1"],"picked":"Shockwave","floor":29},{"not_picked":["Anger","Reckless Charge","Pummel"],"picked":"Body Slam","floor":30},{"not_picked":["Cleave","Wild Strike","Headbutt","Clash"],"picked":"Singing Bowl","floor":31},{"not_picked":["Immolate","Offering","Feed"],"picked":"Impervious","floor":33},{"not_picked":["Wild Strike+1","Sword Boomerang","Flex"],"picked":"Shrug It Off","floor":34},{"not_picked":["Twin Strike","Clash","Iron Wave","Perfected Strike"],"picked":"Singing Bowl","floor":34},{"not_picked":["Warcry","Clash+1","Cleave"],"picked":"Reaper","floor":34},{"not_picked":["True Grit","Fire Breathing","Shrug It Off"],"picked":"Inflame","floor":34},{"not_picked":["Rupture+1","Armaments","Warcry","Twin Strike+1"],"picked":"Singing Bowl","floor":34},{"not_picked":["Clash","Battle Trance","Flex"],"picked":"True Grit","floor":35},{"not_picked":["Second Wind","Seeing Red+1","Perfected Strike","Clothesline+1"],"picked":"Singing Bowl","floor":38},{"not_picked":["Perfected Strike+1","True Grit+1","Sword Boomerang+1","Iron Wave"],"picked":"Singing Bowl","floor":39},{"not_picked":["Fiend Fire","Dropkick","Cleave+1","Twin Strike+1"],"picked":"Singing Bowl","floor":41},{"not_picked":["Sword Boomerang","Warcry+1","Pommel Strike+1","Bloodletting"],"picked":"Singing Bowl","floor":42},{"not_picked":["PanicButton","Purity","Jack Of All Trades","Deep Breath"],"picked":"Singing Bowl","floor":45},{"not_picked":["Forethought","Chrysalis","Enlightenment"],"picked":"Secret Technique","floor":45},{"not_picked":["Purity","Thinking Ahead","Sadistic Nature","Mayhem"],"picked":"Singing Bowl","floor":45},{"not_picked":["Heavy Blade+1","Brutality","Rupture+1"],"picked":"Shrug It Off","floor":47},{"not_picked":["Anger","Heavy Blade+1","Intimidate"],"picked":"Flex","floor":48}],"player_experience":1009028,"relics_obtained":[{"floor":6,"key":"Singing Bowl"},{"floor":9,"key":"Tiny Chest"},{"floor":11,"key":"Girya"},{"floor":14,"key":"Anchor"},{"floor":21,"key":"Whetstone"},{"floor":24,"key":"Omamori"},{"floor":26,"key":"Orichalcum"},{"floor":29,"key":"Charon\u0027s Ashes"},{"floor":37,"key":"Matryoshka"},{"floor":42,"key":"Boot"},{"floor":43,"key":"Mummified Hand"},{"floor":43,"key":"Centennial Puzzle"},{"floor":47,"key":"Potion Belt"}],"event_choices":[{"damage_healed":0,"gold_gain":175,"player_choice":"AGREE","damage_taken":0,"max_hp_gain":0,"max_hp_loss":0,"event_name":"Liars Game","floor":3,"gold_loss":0,"cards_obtained":["Doubt"]},{"damage_healed":0,"gold_gain":75,"player_choice":"Gather Gold","damage_taken":11,"max_hp_gain":0,"max_hp_loss":0,"event_name":"World of Goop","floor":5,"gold_loss":0},{"cards_removed":["Strike_R"],"damage_healed":0,"gold_gain":0,"player_choice":"Purged","damage_taken":0,"max_hp_gain":0,"max_hp_loss":0,"event_name":"Purifier","floor":10,"gold_loss":0},{"damage_healed":0,"gold_gain":0,"player_choice":"Simplicity","damage_taken":0,"max_hp_gain":0,"max_hp_loss":0,"event_name":"Back to Basics","floor":20,"gold_loss":0,"cards_upgraded":["Strike_R","Strike_R","Strike_R","Defend_R","Defend_R","Defend_R","Defend_R"]},{"damage_healed":0,"gold_gain":0,"player_choice":"Copied","damage_taken":0,"max_hp_gain":0,"max_hp_loss":0,"event_name":"Duplicator","floor":25,"gold_loss":0,"cards_obtained":["Feed"]},{"damage_healed":0,"gold_gain":0,"player_choice":"Memory 3","damage_taken":10,"max_hp_gain":0,"max_hp_loss":0,"event_name":"SensoryStone","floor":45,"gold_loss":0}],"is_beta":false,"boss_relics":[{"not_picked":["Empty Cage","White Beast Statue"],"picked":"Sozu"},{"not_picked":["Velvet Choker","Coffee Dripper"],"picked":"Orrery"}],"items_purged_floors":[4,19,36],"is_endless":false,"potions_floor_spawned":[2,12,13,14,28,30,33,35,39,47,48],"ascension_level":4}