{"gold_per_floor":[119,119,119,130,146,146,179,194,194,214,249,249,265,281,281,352,352,372,383,400,415,427,456,456,456],"floor_reached":25,"playtime":7113,"items_purged":[],"score":475,"play_id":"a40ff59f-a3cf-425b-9156-4c3b2c018f03","local_time":"20190411110229","is_ascension_mode":true,"campfire_choices":[{"data":"Zap","floor":6,"key":"SMITH"},{"data":"Coolheaded","floor":12,"key":"SMITH"},{"data":"Conserve Battery","floor":15,"key":"SMITH"},{"data":"Defragment","floor":24,"key":"SMITH"}],"neow_cost":"NONE","seed_source_timestamp":87380769837929,"circlet_count":0,"master_deck":["AscendersBane","Strike_B","Strike_B","Strike_B","Defend_B","Defend_B","Defend_B","Defend_B","Zap+1","Dualcast","Coolheaded+1","Steam Power","Compile Driver","Sweeping Beam","Rebound+1","Beam Cell+1","Cold Snap+1","Hologram","Conserve Battery+1","Echo Form","Darkness+1","BootSequence","Defragment+1","Leap","Recycle","Defragment"],"relics":["Cracked Core","Molten Egg 2","Bottled Lightning","Mercury Hourglass","Nuclear Battery","Peace Pipe"],"potions_floor_usage":[7,7,8,11,11,13,20,23,23],"damage_taken":[{"damage":3,"enemies":"2 Louse","floor":1,"turns":3},{"damage":4,"enemies":"Jaw Worm","floor":4,"turns":6},{"damage":6,"enemies":"Cultist","floor":5,"turns":4},{"damage":27,"enemies":"Lagavulin","floor":7,"turns":6},{"damage":0,"enemies":"Lots of Slimes","floor":8,"turns":1},{"damage":2,"enemies":"3 Louse","floor":10,"turns":3},{"damage":0,"enemies":"Gremlin Nob","floor":11,"turns":2},{"damage":0,"enemies":"Exordium Wildlife","floor":13,"turns":3},{"damage":8,"enemies":"Exordium Thugs","floor":14,"turns":2},{"damage":1,"enemies":"Slime Boss","floor":16,"turns":7},{"damage":4,"enemies":"Shell Parasite","floor":18,"turns":3},{"damage":0,"enemies":"Chosen","floor":19,"turns":3},{"damage":3,"enemies":"3 Cultists","floor":20,"turns":4},{"damage":8,"enemies":"Centurion and Healer","floor":21,"turns":7},{"damage":0,"enemies":"Cultist and Chosen","floor":22,"turns":5},{"damage":20,"enemies":"Gremlin Leader","floor":23,"turns":6},{"damage":29,"enemies":"Slavers","floor":25,"turns":3}],"seed_played":"-6160473657775162","potions_obtained":[{"floor":3,"key":"SteroidPotion"},{"floor":3,"key":"Poison Potion"},{"floor":7,"key":"PowerPotion"},{"floor":8,"key":"Poison Potion"},{"floor":10,"key":"Explosive Potion"},{"floor":11,"key":"SpeedPotion"},{"floor":16,"key":"Explosive Potion"},{"floor":21,"key":"EssenceOfSteel"},{"floor":22,"key":"AttackPotion"}],"is_trial":false,"path_per_floor":["M","?","?","M","M","R","E","M","T","M","E","R","M","M","R","B",null,"M","M","M","M","M","E","R","E"],"character_chosen":"DEFECT","items_purchased":[],"campfire_rested":0,"item_purchase_floors":[],"current_hp_per_floor":[68,68,68,64,58,58,31,31,31,29,29,29,29,21,21,20,64,60,60,57,49,49,29,29,0],"gold":456,"neow_bonus":"TEN_PERCENT_HP_BONUS","is_prod":false,"is_daily":false,"chose_seed":false,"campfire_upgraded":4,"win_rate":0,"timestamp":1554976949,"path_taken":["M","?","?","M","M","R","E","M","T","M","E","R","?","?","R","BOSS","M","M","M","?","M","E","R","E"],"build_version":"2019-01-23","purchased_purges":0,"victory":false,"max_hp_per_floor":[78,78,78,78,78,78,78,78,78,78,78,78,78,78,78,78,78,78,78,78,78,78,78,78,78],"card_choices":[{"not_picked":["Stack","Hologram"],"picked":"Coolheaded","floor":1},{"not_picked":["Tempest","Conserve Battery"],"picked":"Compile Driver","floor":4},{"not_picked":["Redo","Consume"],"picked":"Sweeping Beam","floor":5},{"not_picked":["Coolheaded","Conserve Battery"],"picked":"Rebound","floor":7},{"not_picked":["Redo","Doom and Gloom+1"],"picked":"Beam Cell+1","floor":8},{"not_picked":["Lockon+1","Storm"],"picked":"Cold Snap+1","floor":10},{"not_picked":["Fusion","Beam Cell+1"],"picked":"Hologram","floor":11},{"not_picked":["Compile Driver+1","Turbo"],"picked":"Conserve Battery","floor":13},{"not_picked":["Gash+1","Chaos","Scrape+1"],"picked":"SKIP","floor":14},{"not_picked":["Multi-Cast","Seek"],"picked":"Echo Form","floor":16},{"not_picked":["Consume","Barrage+1"],"picked":"Darkness+1","floor":18},{"not_picked":["Go for the Eyes+1","Leap"],"picked":"BootSequence","floor":19},{"not_picked":["Compile Driver+1","BootSequence+1"],"picked":"Defragment","floor":20},{"not_picked":["Compile Driver+1","Sunder+1"],"picked":"Leap","floor":21},{"not_picked":["Steam Power","Barrage+1"],"picked":"Recycle","floor":22},{"not_picked":["Barrage+1","Rebound+1"],"picked":"Defragment","floor":23}],"player_experience":993326,"relics_obtained":[{"floor":7,"key":"Molten Egg 2"},{"floor":9,"key":"Bottled Lightning"},{"floor":11,"key":"Mercury Hourglass"},{"floor":23,"key":"Peace Pipe"}],"event_choices":[{"damage_healed":0,"gold_gain":0,"cards_transformed":["Strike_B"],"player_choice":"Change","damage_taken":0,"max_hp_gain":0,"max_hp_loss":0,"event_name":"Living Wall","floor":2,"gold_loss":0,"cards_obtained":["Steam Power"]},{"damage_healed":0,"gold_gain":0,"player_choice":"Got Potions","damage_taken":0,"max_hp_gain":0,"max_hp_loss":0,"event_name":"Lab","floor":3,"gold_loss":0}],"is_beta":false,"boss_relics":[{"not_picked":["Busted Crown","Runic Dome"],"picked":"Nuclear Battery"}],"items_purged_floors":[],"is_endless":false,"potions_floor_spawned":[7,8,10,11,16,21,22],"killed_by":"Slavers","ascension_level":16}