{"gold_per_floor":[111,131,150,150,163,163,192,205,205,225,225,225,14,47,47,121,121,137,137,137,137,156,156,187,187,187,87,115,127,140,170,170,241,241,256,304,304,322,333,333,359,359,434,461,461,561,9,29,29,29],"floor_reached":51,"playtime":7067,"items_purged":["Bite","Defend_G"],"score":1396,"play_id":"05b79325-3a3d-4d7a-9e5a-34e0b2ce2660","local_time":"20190405165617","is_ascension_mode":true,"campfire_choices":[{"data":"Noxious Fumes","floor":6,"key":"SMITH"},{"data":"Apotheosis","floor":15,"key":"SMITH"},{"floor":23,"key":"REST"},{"floor":25,"key":"RECALL"},{"floor":32,"key":"REST"},{"floor":40,"key":"REST"},{"floor":42,"key":"REST"},{"floor":49,"key":"REST"}],"neow_cost":"NONE","seed_source_timestamp":115829559053749,"circlet_count":0,"master_deck":["AscendersBane","Defend_G+1","Defend_G","Defend_G","Survivor","Neutralize","PiercingWail+1","Leg Sweep","Terror","Noxious Fumes+1","Quick Slash","Corpse Explosion","Caltrops","Apotheosis+1","Dodge and Roll","Burst","Backflip+1","Outmaneuver","Infinite Blades","Bite","Bite","Bite","Bite","Backflip","Backflip","Backflip","Bullet Time","Catalyst+1","Madness","Madness","Prepared","Concentrate+1","Footwork+1"],"relics":["Ring of the Serpent","Oddly Smooth Stone","Art of War","Ancient Tea Set","Fusion Hammer","Matryoshka","Omamori","Bottled Tornado","Smiling Mask","The Specimen","Frozen Egg 2","Potion Belt","The Courier","War Paint","Calipers","Frozen Eye","Incense Burner"],"potions_floor_usage":[2,7,10,14,16,33,35,46,48,50,50],"damage_taken":[{"damage":1,"enemies":"Cultist","floor":1,"turns":4},{"damage":5,"enemies":"Jaw Worm","floor":2,"turns":6},{"damage":2,"enemies":"Small Slimes","floor":3,"turns":6},{"damage":0,"enemies":"Blue Slaver","floor":5,"turns":6},{"damage":14,"enemies":"3 Sentries","floor":7,"turns":7},{"damage":3,"enemies":"Large Slime","floor":8,"turns":10},{"damage":0,"enemies":"3 Louse","floor":10,"turns":4},{"damage":17,"enemies":"Gremlin Nob","floor":14,"turns":5},{"damage":15,"enemies":"The Guardian","floor":16,"turns":7},{"damage":0,"enemies":"Chosen","floor":18,"turns":6},{"damage":9,"enemies":"Shell Parasite","floor":22,"turns":6},{"damage":3,"enemies":"Gremlin Leader","floor":24,"turns":9},{"damage":8,"enemies":"Book of Stabbing","floor":28,"turns":6},{"damage":17,"enemies":"Sentry and Sphere","floor":29,"turns":6},{"damage":0,"enemies":"3 Cultists","floor":30,"turns":4},{"damage":1,"enemies":"Gremlin Leader","floor":31,"turns":7},{"damage":2,"enemies":"Champ","floor":33,"turns":15},{"damage":10,"enemies":"Orb Walker","floor":35,"turns":5},{"damage":26,"enemies":"2 Orb Walkers","floor":36,"turns":7},{"damage":12,"enemies":"3 Shapes","floor":38,"turns":5},{"damage":4,"enemies":"Spire Growth","floor":39,"turns":7},{"damage":30,"enemies":"Nemesis","floor":41,"turns":11},{"damage":15,"enemies":"Reptomancer","floor":44,"turns":7},{"damage":11,"enemies":"Mind Bloom Boss Battle","floor":46,"turns":7},{"damage":33,"enemies":"Transient","floor":48,"turns":5},{"damage":19,"enemies":"Awakened One","floor":50,"turns":16}],"seed_played":"6531607027991785210","potions_obtained":[{"floor":1,"key":"AttackPotion"},{"floor":2,"key":"SteroidPotion"},{"floor":8,"key":"PowerPotion"},{"floor":10,"key":"Weak Potion"},{"floor":14,"key":"PowerPotion"},{"floor":22,"key":"Explosive Potion"},{"floor":24,"key":"Regen Potion"},{"floor":29,"key":"Block Potion"},{"floor":30,"key":"Swift Potion"},{"floor":31,"key":"Dexterity Potion"},{"floor":44,"key":"AttackPotion"},{"floor":46,"key":"Strength Potion"},{"floor":48,"key":"SkillPotion"}],"is_trial":false,"path_per_floor":["M","M","M","?","M","R","E","M","T","M","?","?","$","E","R","B",null,"M","?","?","?","M","R","E","R","T","$","E","M","M","E","R","B",null,"M","?","?","M","M","R","E","R","T","E","?","?","$","M","R","B",null],"character_chosen":"THE_SILENT","items_purchased":["Apotheosis","Backflip","Frozen Eye","Incense Burner","PowerPotion","Dexterity Potion"],"campfire_rested":5,"item_purchase_floors":[13,27,47,47,47,47],"current_hp_per_floor":[64,59,57,35,35,35,21,18,18,18,42,35,35,18,18,3,55,55,55,55,50,47,50,50,50,50,50,46,39,45,50,50,50,50,43,26,17,14,34,49,41,50,50,50,50,50,50,29,44,50],"gold":29,"neow_bonus":"TEN_PERCENT_HP_BONUS","is_prod":false,"is_daily":false,"chose_seed":false,"campfire_upgraded":2,"win_rate":0,"timestamp":1554479777,"path_taken":["M","M","M","?","M","R","E","M","T","M","?","?","?","E","R","BOSS","M","?","?","?","M","R","E","R","T","?","E","?","M","E","R","BOSS","M","?","?","M","M","R","E","R","T","E","?","?","$","M","R","BOSS"],"build_version":"2019-01-23","purchased_purges":2,"victory":true,"max_hp_per_floor":[72,72,72,72,72,72,72,72,72,72,72,72,72,72,72,72,72,72,72,72,50,50,50,50,50,50,50,50,50,50,50,50,50,50,50,50,50,50,50,50,50,50,50,50,50,50,50,50,50,50],"card_choices":[{"not_picked":["Backflip","Concentrate"],"picked":"PiercingWail","floor":1},{"not_picked":["Bane","Cloak And Dagger"],"picked":"Leg Sweep","floor":2},{"not_picked":["Blade Dance","Sucker Punch"],"picked":"Terror","floor":3},{"not_picked":["Distraction","Leg Sweep"],"picked":"Noxious Fumes","floor":5},{"not_picked":["Blade Dance","Finisher"],"picked":"Quick Slash","floor":7},{"not_picked":["Bane","Dash"],"picked":"Corpse Explosion","floor":8},{"not_picked":["PiercingWail","Flying Knee"],"picked":"Caltrops","floor":10},{"not_picked":["Bane","Underhanded Strike"],"picked":"Dodge and Roll","floor":14},{"not_picked":["A Thousand Cuts","Night Terror"],"picked":"Burst","floor":16},{"not_picked":["Terror","Choke"],"picked":"Backflip+1","floor":18},{"not_picked":["Bane","Underhanded Strike","Deflect+1"],"picked":"SKIP","floor":22},{"not_picked":["Dagger Throw","Cloak And Dagger","Outmaneuver"],"picked":"SKIP","floor":24},{"not_picked":["Underhanded Strike","All Out Attack","Concentrate"],"picked":"SKIP","floor":28},{"not_picked":["Dagger Spray","Escape Plan"],"picked":"Backflip","floor":29},{"not_picked":["Underhanded Strike","Accuracy"],"picked":"Backflip","floor":30},{"not_picked":["Dagger Throw","Sucker Punch","Tactician"],"picked":"SKIP","floor":31},{"not_picked":["Burst","A Thousand Cuts"],"picked":"Bullet Time","floor":33},{"not_picked":["Expertise","Slice","Underhanded Strike"],"picked":"SKIP","floor":35},{"not_picked":["Well Laid Plans","Quick Slash"],"picked":"Catalyst","floor":36},{"not_picked":["Infinite Blades","Dodge and Roll+1","Blade Dance"],"picked":"SKIP","floor":38},{"not_picked":["Noxious Fumes","Blade Dance"],"picked":"Prepared","floor":39},{"not_picked":["Bouncing Flask","Flying Knee"],"picked":"Concentrate+1","floor":41},{"not_picked":["Dagger Throw+1","Escape Plan","Backstab"],"picked":"SKIP","floor":44},{"not_picked":["Riddle With Holes+1","Slice"],"picked":"Footwork+1","floor":48}],"player_experience":920947,"relics_obtained":[{"floor":7,"key":"Oddly Smooth Stone"},{"floor":9,"key":"Art of War"},{"floor":14,"key":"Ancient Tea Set"},{"floor":24,"key":"Matryoshka"},{"floor":26,"key":"Omamori"},{"floor":28,"key":"Bottled Tornado"},{"floor":31,"key":"Smiling Mask"},{"floor":36,"key":"The Specimen"},{"floor":41,"key":"Frozen Egg 2"},{"floor":43,"key":"Potion Belt"},{"floor":43,"key":"The Courier"},{"floor":44,"key":"War Paint"},{"floor":46,"key":"Calipers"}],"event_choices":[{"damage_healed":0,"gold_gain":0,"player_choice":"Entered Light","damage_taken":22,"max_hp_gain":0,"max_hp_loss":0,"event_name":"Shining Light","floor":4,"gold_loss":0,"cards_upgraded":["Strike_G","Defend_G"]},{"damage_healed":24,"gold_gain":0,"player_choice":"Banana","damage_taken":0,"max_hp_gain":0,"max_hp_loss":0,"event_name":"Big Fish","floor":11,"gold_loss":0},{"cards_removed":["Strike_G"],"damage_healed":0,"gold_gain":0,"player_choice":"Card Removal","damage_taken":7,"max_hp_gain":0,"max_hp_loss":0,"event_name":"Golden Wing","floor":12,"gold_loss":0},{"cards_removed":["Defend_G"],"damage_healed":0,"gold_gain":0,"player_choice":"Elegance","damage_taken":0,"max_hp_gain":0,"max_hp_loss":0,"event_name":"Back to Basics","floor":19,"gold_loss":0},{"damage_healed":0,"gold_gain":0,"cards_transformed":["Strike_G","Strike_G"],"player_choice":"Became Test Subject","damage_taken":0,"max_hp_gain":0,"max_hp_loss":0,"event_name":"Drug Dealer","floor":20,"gold_loss":0,"cards_obtained":["Outmaneuver","Infinite Blades"]},{"damage_healed":0,"gold_gain":0,"player_choice":"Became a vampire","damage_taken":0,"max_hp_gain":0,"max_hp_loss":22,"event_name":"Vampires","floor":21,"gold_loss":0,"cards_obtained":["Bite","Bite","Bite","Bite","Bite"]},{"damage_healed":0,"gold_gain":0,"player_choice":"Fight","damage_taken":0,"max_hp_gain":0,"max_hp_loss":0,"event_name":"Mysterious Sphere","floor":36,"gold_loss":0},{"damage_healed":0,"gold_gain":0,"player_choice":"Embrace Madness","damage_taken":9,"max_hp_gain":0,"max_hp_loss":0,"event_name":"Winding Halls","floor":37,"gold_loss":0,"cards_obtained":["Madness","Madness"]},{"damage_healed":0,"gold_gain":0,"player_choice":"Ignored","damage_taken":0,"max_hp_gain":0,"max_hp_loss":0,"event_name":"Tomb of Lord Red Mask","floor":45,"gold_loss":0},{"damage_healed":0,"gold_gain":0,"player_choice":"Fight","damage_taken":0,"max_hp_gain":0,"max_hp_loss":0,"event_name":"MindBloom","floor":46,"gold_loss":0}],"is_beta":false,"boss_relics":[{"not_picked":["Ectoplasm","Astrolabe"],"picked":"Fusion Hammer"},{"not_picked":["Snecko Eye","Lizard Tail"],"picked":"Ring of the Serpent"}],"items_purged_floors":[27,47],"is_endless":false,"potions_floor_spawned":[1,2,8,10,14,22,24,29,30,31,44,46,48],"ascension_level":16}