{"gold_per_floor":[116,132,132,146,158,158,171,200,200,215,215,230,230,264,264,388,388,409,29,47,67,110,174,22,22,45,106,106,106,106,139,139,280,280,315,353,353,392,38,38,93,105,140,485,15,15,0,14,14,39],"floor_reached":51,"playtime":2097,"items_purged":["Strike_R+1"],"score":827,"play_id":"dc0dcfb7-5c08-4a74-bd57-9812687a8bbb","local_time":"20190416140200","is_ascension_mode":false,"campfire_choices":[{"data":"Bash","floor":6,"key":"SMITH"},{"data":"Flex","floor":13,"key":"SMITH"},{"data":"Wild Strike","floor":15,"key":"SMITH"},{"floor":25,"key":"REST"},{"data":"Corruption","floor":28,"key":"SMITH"},{"data":"Demon Form","floor":32,"key":"SMITH"},{"data":"Juggernaut","floor":40,"key":"SMITH"},{"data":"True Grit","floor":42,"key":"SMITH"},{"data":"Double Tap","floor":49,"key":"SMITH"}],"neow_cost":"NONE","seed_source_timestamp":355962284184000,"circlet_count":0,"master_deck":["Strike_R+1","Strike_R+1","Strike_R+1","Defend_R+1","Defend_R+1","Defend_R+1","Defend_R+1","Bash+1","Iron Wave","Cleave","Thunderclap","Juggernaut+1","Anger","Flex+1","Sentinel","Demon Form+1","Corruption+1","Feel No Pain","HandOfGreed","True Grit+1","Headbutt+1","True Grit","True Grit","Double Tap+1","Master of Strategy","Battle Trance","Armaments+1"],"relics":["Burning Blood","Ornamental Fan","Omamori","Ancient Tea Set","Mercury Hourglass","Busted Crown","Pen Nib","Vajra","Anchor","Orichalcum","Cursed Key","Prayer Wheel","MawBank","Happy Flower","Bag of Preparation","Lee\u0027s Waffle","Red Mask"],"potions_floor_usage":[8,8,14,16,20,21,23,27,28,33,41,41,50],"damage_taken":[{"damage":5,"enemies":"Jaw Worm","floor":1,"turns":6},{"damage":1,"enemies":"Cultist","floor":2,"turns":3},{"damage":6,"enemies":"Small Slimes","floor":4,"turns":3},{"damage":9,"enemies":"Exordium Wildlife","floor":5,"turns":4},{"damage":5,"enemies":"3 Louse","floor":7,"turns":3},{"damage":12,"enemies":"Lagavulin","floor":8,"turns":6},{"damage":7,"enemies":"Large Slime","floor":10,"turns":5},{"damage":5,"enemies":"2 Fungi Beasts","floor":12,"turns":3},{"damage":0,"enemies":"Gremlin Nob","floor":14,"turns":2},{"damage":38,"enemies":"The Guardian","floor":16,"turns":10},{"damage":5,"enemies":"Chosen","floor":18,"turns":4},{"damage":16,"enemies":"2 Thieves","floor":20,"turns":3},{"damage":0,"enemies":"Snecko","floor":21,"turns":3},{"damage":24,"enemies":"Snake Plant","floor":22,"turns":4},{"damage":45,"enemies":"Book of Stabbing","floor":23,"turns":6},{"damage":3,"enemies":"Gremlin Leader","floor":27,"turns":4},{"damage":3,"enemies":"3 Cultists","floor":31,"turns":5},{"damage":32,"enemies":"Champ","floor":33,"turns":10},{"damage":14,"enemies":"3 Shapes","floor":35,"turns":8},{"damage":18,"enemies":"Orb Walker","floor":36,"turns":4},{"damage":10,"enemies":"Maw","floor":38,"turns":6},{"damage":0,"enemies":"Nemesis","floor":41,"turns":3},{"damage":9,"enemies":"Writhing Mass","floor":48,"turns":5},{"damage":18,"enemies":"Time Eater","floor":50,"turns":6}],"seed_played":"-2507858069552303235","potions_obtained":[{"floor":1,"key":"Energy Potion"},{"floor":5,"key":"FearPotion"},{"floor":8,"key":"BloodPotion"},{"floor":10,"key":"SkillPotion"},{"floor":12,"key":"EssenceOfSteel"},{"floor":16,"key":"Fire Potion"},{"floor":20,"key":"Swift Potion"},{"floor":22,"key":"PowerPotion"},{"floor":23,"key":"Regen Potion"},{"floor":27,"key":"Fruit Juice"},{"floor":38,"key":"Block Potion"},{"floor":41,"key":"BloodPotion"}],"is_trial":false,"path_per_floor":["M","M","?","M","M","R","M","E","T","M","?","M","R","E","R","B",null,"M","$","M","M","M","E","$","R","T","E","R","?","?","M","R","B",null,"M","M","?","M","$","R","E","R","T","?","$","?","?","M","R","B",null],"character_chosen":"IRONCLAD","items_purchased":["Feel No Pain","HandOfGreed","True Grit","Energy Potion","Vajra","Prayer Wheel","Swift Potion","PowerPotion","Bag of Preparation","Lee\u0027s Waffle"],"campfire_rested":1,"item_purchase_floors":[19,19,19,19,24,39,39,45,45,45],"current_hp_per_floor":[80,80,80,80,77,77,78,72,72,71,51,52,52,58,58,26,80,80,80,70,76,58,19,19,43,43,46,51,51,51,54,54,42,85,77,65,55,51,51,51,57,57,57,57,92,92,92,89,89,77],"gold":39,"neow_bonus":"REMOVE_CARD","is_prod":false,"is_daily":false,"chose_seed":false,"campfire_upgraded":8,"win_rate":1,"timestamp":1555448520,"path_taken":["M","M","?","?","M","R","M","E","T","M","?","M","R","E","R","BOSS","M","$","M","M","M","E","$","R","T","E","R","?","?","M","R","BOSS","M","M","?","M","$","R","E","R","T","?","$","?","?","M","R","BOSS"],"build_version":"2019-01-23","purchased_purges":1,"victory":true,"max_hp_per_floor":[80,80,80,80,80,80,80,80,80,80,80,80,80,80,80,80,80,80,80,80,80,80,80,80,80,80,80,85,85,85,85,85,85,85,85,85,85,85,85,85,85,85,85,85,92,92,92,92,92,92],"card_choices":[{"not_picked":["Seeing Red","Combust"],"picked":"Wild Strike","floor":1},{"not_picked":["Perfected Strike","Body Slam"],"picked":"Iron Wave","floor":2},{"not_picked":["Iron Wave","Hemokinesis"],"picked":"Cleave","floor":4},{"not_picked":["Heavy Blade","Perfected Strike"],"picked":"Thunderclap","floor":5},{"not_picked":["Hemokinesis","Sword Boomerang"],"picked":"Juggernaut","floor":7},{"not_picked":["Havoc","Warcry"],"picked":"Anger","floor":8},{"not_picked":["Body Slam","Sword Boomerang"],"picked":"Flex","floor":10},{"not_picked":["Entrench","Fire Breathing","Searing Blow"],"picked":"SKIP","floor":12},{"not_picked":["Bloodletting","Wild Strike"],"picked":"Sentinel","floor":14},{"not_picked":["Brutality","Juggernaut"],"picked":"Demon Form","floor":16},{"not_picked":[],"picked":"Corruption","floor":18},{"not_picked":[],"picked":"Headbutt+1","floor":20},{"not_picked":[],"picked":"True Grit","floor":21},{"not_picked":["True Grit"],"picked":"SKIP","floor":22},{"not_picked":[],"picked":"True Grit","floor":22},{"not_picked":["Combust"],"picked":"SKIP","floor":23},{"not_picked":[],"picked":"Double Tap","floor":27},{"not_picked":["Perfected Strike"],"picked":"SKIP","floor":31},{"not_picked":["Perfected Strike"],"picked":"SKIP","floor":31},{"not_picked":["Perfected Strike"],"picked":"SKIP","floor":31},{"not_picked":["Reckless Charge+1"],"picked":"SKIP","floor":35},{"not_picked":["Second Wind+1"],"picked":"SKIP","floor":36},{"not_picked":[],"picked":"Master of Strategy","floor":37},{"not_picked":[],"picked":"Battle Trance","floor":38},{"not_picked":[],"picked":"Armaments+1","floor":41},{"not_picked":["Clash+1"],"picked":"SKIP","floor":48},{"not_picked":["Rage"],"picked":"SKIP","floor":48}],"player_experience":393912,"relics_obtained":[{"floor":3,"key":"Ornamental Fan"},{"floor":8,"key":"Omamori"},{"floor":9,"key":"Ancient Tea Set"},{"floor":14,"key":"Mercury Hourglass"},{"floor":23,"key":"Pen Nib"},{"floor":26,"key":"Anchor"},{"floor":27,"key":"Orichalcum"},{"floor":41,"key":"MawBank"},{"floor":43,"key":"Happy Flower"}],"event_choices":[{"damage_healed":0,"gold_gain":0,"player_choice":"Relic","damage_taken":0,"max_hp_gain":0,"max_hp_loss":0,"event_name":"Wheel of Change","floor":3,"gold_loss":0},{"damage_healed":0,"gold_gain":0,"player_choice":"Take Damage","damage_taken":20,"relics_obtained":["Golden Idol"],"max_hp_gain":0,"max_hp_loss":0,"event_name":"Golden Idol","floor":11,"gold_loss":0},{"damage_healed":0,"gold_gain":0,"player_choice":"Ignored","damage_taken":0,"max_hp_gain":0,"max_hp_loss":0,"event_name":"Ghosts","floor":29,"gold_loss":0},{"damage_healed":0,"gold_gain":0,"player_choice":"Simplicity","damage_taken":0,"max_hp_gain":0,"max_hp_loss":0,"event_name":"Back to Basics","floor":30,"gold_loss":0,"cards_upgraded":["Strike_R","Strike_R","Strike_R","Strike_R","Defend_R","Defend_R","Defend_R","Defend_R"]},{"damage_healed":0,"gold_gain":0,"player_choice":"Memory 3","damage_taken":10,"max_hp_gain":0,"max_hp_loss":0,"event_name":"SensoryStone","floor":37,"gold_loss":0},{"damage_healed":0,"gold_gain":333,"player_choice":"Gave Idol","damage_taken":0,"max_hp_gain":0,"max_hp_loss":0,"event_name":"The Moai Head","floor":44,"relics_lost":["Golden Idol"],"gold_loss":0},{"cards_removed":["Wild Strike"],"damage_healed":0,"gold_gain":0,"player_choice":"Removed Attack","damage_taken":0,"max_hp_gain":0,"max_hp_loss":0,"event_name":"Falling","floor":46,"gold_loss":0},{"damage_healed":0,"gold_gain":0,"player_choice":"Paid","damage_taken":0,"relics_obtained":["Red Mask"],"max_hp_gain":0,"max_hp_loss":0,"event_name":"Tomb of Lord Red Mask","floor":47,"gold_loss":15}],"is_beta":false,"boss_relics":[{"not_picked":["Lizard Tail","Empty Cage"],"picked":"Busted Crown"},{"not_picked":["Tiny House","Runic Pyramid"],"picked":"Cursed Key"}],"items_purged_floors":[45],"is_endless":false,"potions_floor_spawned":[1,5,8,10,12,16,20,22,23,27,38,41],"ascension_level":0}