{"gold_per_floor":[119,43,43,60,60,90,90,117,171,184,184,202,167,187,187,289,289,300,300,300,318,318,318,318],"floor_reached":24,"playtime":521,"items_purged":[],"score":265,"play_id":"f769d599-ef6c-4d52-a982-e018b22eab16","local_time":"20181017004113","is_ascension_mode":true,"campfire_choices":[{"floor":7,"key":"REST"},{"floor":15,"key":"REST"},{"floor":23,"key":"REST"}],"neow_cost":"CURSE","seed_source_timestamp":542655412646455,"circlet_count":0,"master_deck":["Strike_B","Strike_B","Strike_B","Strike_B","Defend_B","Defend_B","Defend_B+1","Zap","Dualcast","Multi-Cast+1","Beam Cell","Redo","Ball Lightning","Leap","Conserve Battery","Conserve Battery","Echo Form","Go for the Eyes","Redo","Sweeping Beam","All For One","Barrage+1","Tempest+1"],"relics":["Cracked Core","Happy Flower","Singing Bowl","Pen Nib","Inserter","Toxic Egg 2","Bottled Tornado","SsserpentHead"],"potions_floor_usage":[8,16,24],"damage_taken":[{"damage":10,"enemies":"Cultist","floor":1,"turns":4},{"damage":0,"enemies":"2 Louse","floor":4,"turns":2},{"damage":20,"enemies":"Gremlin Nob","floor":6,"turns":3},{"damage":13,"enemies":"3 Sentries","floor":8,"turns":8},{"damage":3,"enemies":"Small Slimes","floor":10,"turns":2},{"damage":12,"enemies":"2 Fungi Beasts","floor":12,"turns":4},{"damage":10,"enemies":"Gremlin Gang","floor":14,"turns":4},{"damage":32,"enemies":"Hexaghost","floor":16,"turns":9},{"damage":54,"enemies":"2 Thieves","floor":18,"turns":4},{"damage":1,"enemies":"Spheric Guardian","floor":21,"turns":4},{"damage":36,"enemies":"Book of Stabbing","floor":24,"turns":3}],"seed_played":"9023834994333387286","potions_obtained":[{"floor":6,"key":"Block Potion"},{"floor":8,"key":"Energy Potion"},{"floor":16,"key":"SteroidPotion"}],"is_trial":false,"path_per_floor":["M","$","?","M","?","E","R","E","T","M","?","M","?","M","R","B",null,"M","?","T","M","?","R"],"character_chosen":"DEFECT","items_purchased":["Redo","Ball Lightning"],"campfire_rested":3,"item_purchase_floors":[2,2],"current_hp_per_floor":[58,58,43,43,43,23,45,32,32,29,29,17,35,25,47,15,60,6,6,6,5,5,27,0],"gold":318,"neow_bonus":"THREE_RARE_CARDS","is_prod":false,"is_daily":false,"chose_seed":false,"campfire_upgraded":0,"win_rate":0,"timestamp":1539762073,"path_taken":["M","$","?","M","?","E","R","E","T","M","?","?","?","M","R","BOSS","M","?","?","M","?","R","E"],"build_version":"2018-10-11","purchased_purges":0,"victory":false,"max_hp_per_floor":[75,75,75,75,75,75,75,75,75,75,75,75,75,75,75,75,75,75,75,75,75,75,75,75],"card_choices":[{"not_picked":["Thunder Strike","Creative AI"],"picked":"Multi-Cast","floor":0},{"not_picked":["Fusion","Rebound"],"picked":"Beam Cell","floor":1},{"not_picked":["Coolheaded","Steam"],"picked":"Leap","floor":4},{"not_picked":["Stack","Leap"],"picked":"Conserve Battery","floor":6},{"not_picked":["Sweeping Beam","FTL"],"picked":"Echo Form","floor":8},{"not_picked":["Hologram","Aggregate"],"picked":"Go for the Eyes","floor":10},{"not_picked":["Cold Snap","Steam Power"],"picked":"Redo","floor":12},{"not_picked":["Barrage","Consume"],"picked":"Sweeping Beam","floor":14},{"not_picked":["Echo Form","Seek"],"picked":"All For One","floor":16},{"not_picked":["Gash","Cold Snap"],"picked":"Barrage+1","floor":18},{"not_picked":["Sweeping Beam","Reprogram+1"],"picked":"Tempest+1","floor":21}],"player_experience":536202,"relics_obtained":[{"floor":6,"key":"Happy Flower"},{"floor":8,"key":"Singing Bowl"},{"floor":9,"key":"Pen Nib"},{"floor":20,"key":"Bottled Tornado"}],"event_choices":[{"event_name":"Shining Light","player_choice":"Entered Light","floor":3,"damage_taken":0},{"event_name":"Transmorgrifier","player_choice":"Transform","floor":5,"damage_taken":0},{"event_name":"Fountain of Cleansing","player_choice":"Removed Curse","floor":11,"damage_taken":0},{"event_name":"The Cleric","player_choice":"Healed","floor":13,"damage_taken":0},{"event_name":"The Mausoleum","player_choice":"Yes","floor":19,"damage_taken":0},{"event_name":"FaceTrader","player_choice":"Trade","floor":22,"damage_taken":0}],"is_beta":false,"boss_relics":[{"not_picked":["White Beast Statue","Black Star"],"picked":"Inserter"}],"items_purged_floors":[],"is_endless":false,"potions_floor_spawned":[6,8,16],"killed_by":"Book of Stabbing","ascension_level":6}