{"gold_per_floor":[114,125,140,140,140,140,168,168,214,227,22,22,22,54,54,155,155,166,182,198,298,244,244,273,293,320,320,333,333,367,385,385,385],"floor_reached":33,"playtime":5501,"items_purged":[],"score":512,"play_id":"235adada-1b75-4418-89fe-edaf8622a5bc","local_time":"20190315175954","is_ascension_mode":true,"campfire_choices":[{"data":"Neutralize","floor":6.0,"key":"SMITH"},{"data":"Dagger Spray","floor":8.0,"key":"SMITH"},{"floor":15.0,"key":"REST"},{"data":"Malaise","floor":23.0,"key":"SMITH"},{"floor":27,"key":"REST"},{"floor":32,"key":"REST"}],"neow_cost":"NONE","seed_source_timestamp":0,"circlet_count":0,"master_deck":["AscendersBane","Defend_G+1","Defend_G+1","Defend_G+1","Defend_G+1","Defend_G+1","Strike_G+1","Strike_G+1","Strike_G+1","Survivor+1","Neutralize+1","Dagger Throw","Caltrops","Dagger Spray+1","Bane","Poisoned Stab","Poisoned Stab","PiercingWail","Malaise+1","Cloak And Dagger+1","Noxious Fumes","Backflip"],"special_seed":0,"relics":["Ring of the Snake","Juzu Bracelet","Boot","Ancient Tea Set","Bag of Preparation","Sling","Matryoshka","Bottled Flame","Philosopher\u0027s Stone","Turnip","Question Card","Vajra","Dead Branch","War Paint","PreservedInsect","Centennial Puzzle"],"potions_floor_usage":[33],"damage_taken":[{"damage":6.0,"enemies":"Jaw Worm","floor":1.0,"turns":7.0},{"damage":4.0,"enemies":"Cultist","floor":2.0,"turns":6.0},{"damage":0.0,"enemies":"Small Slimes","floor":3.0,"turns":3.0},{"damage":12.0,"enemies":"Gremlin Nob","floor":7.0,"turns":3.0},{"damage":1.0,"enemies":"Red Slaver","floor":10.0,"turns":3.0},{"damage":1.0,"enemies":"3 Sentries","floor":14.0,"turns":4.0},{"damage":14.0,"enemies":"The Guardian","floor":16.0,"turns":13.0},{"damage":0.0,"enemies":"3 Byrds","floor":18.0,"turns":5.0},{"damage":2.0,"enemies":"Chosen","floor":19.0,"turns":4.0},{"damage":0.0,"enemies":"Snake Plant","floor":20.0,"turns":5.0},{"damage":15.0,"enemies":"Colosseum Slavers","floor":21.0,"turns":5.0},{"damage":15.0,"enemies":"Colosseum Nobs","floor":21.0,"turns":5.0},{"damage":11.0,"enemies":"Slavers","floor":24.0,"turns":5.0},{"damage":6.0,"enemies":"Chosen and Byrds","floor":25.0,"turns":5.0},{"damage":9,"enemies":"Centurion and Healer","floor":28,"turns":5},{"damage":0,"enemies":"Gremlin Leader","floor":30,"turns":4},{"damage":1,"enemies":"Snake Plant","floor":31,"turns":4},{"damage":56,"enemies":"Champ","floor":33,"turns":10}],"seed_played":"5288514549433188380","potions_obtained":[{"floor":1.0,"key":"Poison Potion"},{"floor":7.0,"key":"SkillPotion"},{"floor":14.0,"key":"PowerPotion"},{"floor":19.0,"key":"Strength Potion"},{"floor":20.0,"key":"Regen Potion"},{"floor":31,"key":"EssenceOfSteel"}],"is_trial":false,"path_per_floor":["M","M","M","?","?","R","E","R","T","M","$","T","?","E","R","B",null,"M","M","M","?","?","R","E","M","T","R","M","?","E","M","R","B"],"character_chosen":"THE_SILENT","items_purchased":["Sling"],"campfire_rested":3,"item_purchase_floors":[11],"current_hp_per_floor":[57,53,53,53,41,41,29,29,29,28,28,28,21,20,41,27,59,59,57,57,41,41,41,30,24,24,45,36,36,36,35,56,0],"gold":385,"neow_bonus":"RANDOM_COMMON_RELIC","is_prod":false,"is_daily":false,"chose_seed":false,"campfire_upgraded":3,"win_rate":0,"timestamp":1552672794,"path_taken":["M","M","M","?","?","R","E","R","T","M","$","?","?","E","R","BOSS","M","M","M","?","?","R","E","M","T","R","M","?","E","M","R","BOSS"],"build_version":"2019-01-23","purchased_purges":0,"victory":false,"max_hp_per_floor":[70,70,70,70,70,70,70,70,70,70,70,70,70,70,70,70,70,70,70,70,70,70,70,70,70,70,70,70,70,70,70,70,70],"card_choices":[{"not_picked":["Calculated Gamble","Bane"],"picked":"Dagger Throw","floor":1.0},{"not_picked":["Dagger Throw","Outmaneuver"],"picked":"Caltrops","floor":2.0},{"not_picked":["Outmaneuver","Infinite Blades"],"picked":"Dagger Spray","floor":3.0},{"not_picked":["Acrobatics","Well Laid Plans"],"picked":"Poisoned Stab","floor":7.0},{"not_picked":["Distraction","Expertise"],"picked":"Poisoned Stab","floor":10.0},{"not_picked":["Outmaneuver","Blade Dance"],"picked":"PiercingWail","floor":14.0},{"not_picked":["Unload","Glass Knife"],"picked":"Malaise","floor":16.0},{"not_picked":["Underhanded Strike","Distraction","Quick Slash"],"picked":"SKIP","floor":18.0},{"not_picked":["Blade Dance","Dagger Throw"],"picked":"Cloak And Dagger+1","floor":19.0},{"not_picked":["Quick Slash","Dagger Spray","Setup"],"picked":"SKIP","floor":20.0},{"not_picked":["Doppelganger","Deflect","Escape Plan"],"picked":"Noxious Fumes","floor":24.0},{"not_picked":["Bane","Deflect","Quick Slash"],"picked":"Backflip","floor":25.0},{"not_picked":["Distraction","Masterful Stab","Choke+1","Acrobatics+1"],"picked":"SKIP","floor":28},{"not_picked":["Night Terror","Catalyst","Distraction","Bane"],"picked":"SKIP","floor":30},{"not_picked":["PiercingWail","Predator","Acrobatics","Poisoned Stab"],"picked":"SKIP","floor":31}],"player_experience":606827,"relics_obtained":[{"floor":7.0,"key":"Ancient Tea Set"},{"floor":9.0,"key":"Bag of Preparation"},{"floor":12.0,"key":"Matryoshka"},{"floor":14.0,"key":"Bottled Flame"},{"floor":21.0,"key":"Turnip"},{"floor":21.0,"key":"Question Card"},{"floor":24.0,"key":"Dead Branch"},{"floor":26,"key":"War Paint"},{"floor":26,"key":"PreservedInsect"},{"floor":30,"key":"Centennial Puzzle"}],"event_choices":[{"damage_healed":0.0,"max_hp_gain":0.0,"max_hp_loss":0.0,"gold_gain":0.0,"cards_transformed":["Strike_G"],"event_name":"Living Wall","player_choice":"Change","floor":4.0,"gold_loss":0.0,"damage_taken":0.0,"cards_obtained":["Bane"]},{"damage_healed":0.0,"max_hp_gain":0.0,"max_hp_loss":0.0,"gold_gain":0.0,"event_name":"Scrap Ooze","player_choice":"Success","floor":5.0,"gold_loss":0.0,"damage_taken":12.0,"relics_obtained":["Boot"]},{"cards_removed":["Strike_G"],"damage_healed":0.0,"max_hp_gain":0.0,"max_hp_loss":0.0,"gold_gain":0.0,"event_name":"Golden Wing","player_choice":"Card Removal","floor":13.0,"gold_loss":0.0,"damage_taken":7.0},{"damage_healed":0.0,"max_hp_gain":0.0,"max_hp_loss":0.0,"gold_gain":0.0,"event_name":"Colosseum","player_choice":"Fight","floor":21.0,"gold_loss":0.0,"damage_taken":0.0},{"damage_healed":0.0,"max_hp_gain":0.0,"max_hp_loss":0.0,"gold_gain":0.0,"event_name":"Colosseum","player_choice":"Fought Nobs","floor":21.0,"gold_loss":0.0,"damage_taken":0.0},{"damage_healed":0.0,"max_hp_gain":0.0,"max_hp_loss":0.0,"gold_gain":0.0,"event_name":"WeMeetAgain","player_choice":"Paid Gold","floor":22.0,"gold_loss":54.0,"damage_taken":0.0,"relics_obtained":["Vajra"]},{"damage_healed":0,"gold_gain":0,"player_choice":"Simplicity","damage_taken":0,"max_hp_gain":0,"max_hp_loss":0,"event_name":"Back to Basics","floor":29,"gold_loss":0,"cards_upgraded":["Defend_G","Defend_G","Defend_G","Defend_G","Strike_G","Strike_G","Strike_G"]}],"is_beta":false,"boss_relics":[{"not_picked":["Tiny House","Astrolabe"],"picked":"Philosopher\u0027s Stone"}],"items_purged_floors":[],"is_endless":false,"potions_floor_spawned":[1,7,14,19,20,21,31],"killed_by":"Champ","ascension_level":12}