{"gold_per_floor":[110,35,54,9,29,29,59,5,87,100,100,115,115,132,132,209,209,179,179,179,54,54,54,54,54,54,54,54,54,54,54,54,54],"floor_reached":33,"playtime":762,"items_purged":["Strike_R+1"],"score":485,"play_id":"d953bbe5-1ccc-4524-a1de-e256acb7c51a","local_time":"20181022114430","is_ascension_mode":true,"campfire_choices":[{"data":"Bludgeon","floor":6,"key":"SMITH"},{"data":"Seeing Red","floor":11,"key":"SMITH"},{"data":"Shrug It Off","floor":13,"key":"SMITH"},{"data":"Bash","floor":15,"key":"SMITH"},{"floor":27,"key":"REST"},{"floor":29,"key":"REST"},{"floor":32,"key":"REST"}],"neow_cost":"NONE","seed_source_timestamp":0,"circlet_count":0,"master_deck":["Strike_R+1","Strike_R+1","Strike_R+1","Strike_R+1","Defend_R+1","Defend_R+1","Defend_R+1","Defend_R+1","Bash+1","AscendersBane","Hemokinesis","Bludgeon+1","Thunderclap","Shrug It Off+1","Seeing Red+1","Pommel Strike","Demon Form","Flex","Spot Weakness","Headbutt","Disarm+1","Burning Pact"],"special_seed":0,"relics":["Burning Blood","NeowsBlessing","Blood Vial","Ancient Tea Set","Darkstone Periapt","Ectoplasm","Nilry\u0027s Codex","Bag of Preparation","Bronze Scales","Frozen Egg 2"],"potions_floor_usage":[12,18,23,25,31],"damage_taken":[{"damage":0,"enemies":"2 Louse","floor":1,"turns":1},{"damage":0,"enemies":"Cultist","floor":3,"turns":1},{"damage":0,"enemies":"Small Slimes","floor":5,"turns":1},{"damage":28,"enemies":"Lagavulin","floor":7,"turns":5},{"damage":3,"enemies":"Blue Slaver","floor":10,"turns":1},{"damage":8,"enemies":"Exordium Wildlife","floor":12,"turns":3},{"damage":2,"enemies":"2 Fungi Beasts","floor":14,"turns":3},{"damage":21,"enemies":"Slime Boss","floor":16,"turns":8},{"damage":1,"enemies":"2 Thieves","floor":18,"turns":3},{"damage":4,"enemies":"Spheric Guardian","floor":19,"turns":3},{"damage":21,"enemies":"Snecko","floor":23,"turns":4},{"damage":51,"enemies":"Slavers","floor":25,"turns":7},{"damage":40,"enemies":"Gremlin Leader","floor":30,"turns":6},{"damage":18,"enemies":"Snake Plant","floor":31,"turns":3},{"damage":69,"enemies":"Automaton","floor":33,"turns":6}],"seed_played":"-6557073863804895832","potions_obtained":[{"floor":1,"key":"BloodPotion"},{"floor":3,"key":"Block Potion"},{"floor":7,"key":"AttackPotion"},{"floor":16,"key":"BloodPotion"},{"floor":19,"key":"Block Potion"},{"floor":30,"key":"Weak Potion"}],"is_trial":false,"path_per_floor":["M","$","M","$","M","R","E","?","T","M","R","M","R","M","R","B",null,"M","M","?","$","?","M","?","E","T","R","?","R","E","M","R"],"character_chosen":"IRONCLAD","items_purchased":["Bludgeon","Shrug It Off","Headbutt"],"campfire_rested":3,"item_purchase_floors":[2,4,21],"current_hp_per_floor":[74,74,75,75,75,75,53,53,53,58,58,58,58,64,64,51,69,75,75,75,75,59,46,46,10,10,32,57,75,41,31,53,0],"gold":54,"neow_bonus":"THREE_ENEMY_KILL","is_prod":false,"is_daily":false,"chose_seed":false,"campfire_upgraded":4,"win_rate":0,"timestamp":1540233870,"path_taken":["M","$","M","$","M","R","E","?","T","M","R","M","R","M","R","BOSS","M","M","?","$","?","?","?","E","T","R","?","R","E","M","R","BOSS"],"build_version":"2018-10-18","purchased_purges":1,"victory":false,"max_hp_per_floor":[75,75,75,75,75,75,75,75,75,75,75,75,75,75,75,75,75,75,75,75,75,75,75,75,75,75,75,75,75,75,75,75,75],"card_choices":[{"not_picked":["Flame Barrier","Clash"],"picked":"Hemokinesis","floor":1},{"not_picked":["Iron Wave","Flex"],"picked":"Thunderclap","floor":3},{"not_picked":["Uppercut","Anger"],"picked":"Seeing Red","floor":5},{"not_picked":["Armaments","Fiend Fire","Anger"],"picked":"SKIP","floor":7},{"not_picked":["Clash","Sword Boomerang"],"picked":"Pommel Strike","floor":10},{"not_picked":["Carnage","Evolve","Heavy Blade"],"picked":"SKIP","floor":12},{"not_picked":["Armaments","Sword Boomerang","Searing Blow"],"picked":"SKIP","floor":14},{"not_picked":["Bludgeon","Barricade"],"picked":"Demon Form","floor":16},{"not_picked":["Cleave","Warcry"],"picked":"Flex","floor":18},{"not_picked":["Havoc","Warcry"],"picked":"Spot Weakness","floor":19},{"not_picked":["Power Through","Anger"],"picked":"Disarm+1","floor":23},{"not_picked":["True Grit","Brutality","Cleave+1"],"picked":"SKIP","floor":25},{"not_picked":["Corruption","Cleave"],"picked":"Burning Pact","floor":30},{"not_picked":["Power Through","Clash","Warcry"],"picked":"SKIP","floor":31}],"player_experience":612009,"relics_obtained":[{"floor":7,"key":"Blood Vial"},{"floor":9,"key":"Darkstone Periapt"},{"floor":22,"key":"Nilry\u0027s Codex"},{"floor":25,"key":"Bag of Preparation"},{"floor":26,"key":"Bronze Scales"},{"floor":30,"key":"Frozen Egg 2"}],"event_choices":[{"damage_healed":0,"gold_gain":0,"player_choice":"Paid Gold","damage_taken":0,"relics_obtained":["Ancient Tea Set"],"max_hp_gain":0,"max_hp_loss":0,"event_name":"WeMeetAgain","floor":8,"gold_loss":54},{"damage_healed":0,"gold_gain":0,"player_choice":"Simplicity","damage_taken":0,"max_hp_gain":0,"max_hp_loss":0,"event_name":"Back to Basics","floor":20,"gold_loss":0,"cards_upgraded":["Strike_R","Strike_R","Strike_R","Strike_R","Strike_R","Defend_R","Defend_R","Defend_R","Defend_R"]},{"damage_healed":0,"gold_gain":0,"player_choice":"Obtained Book","damage_taken":16,"max_hp_gain":0,"max_hp_loss":0,"event_name":"Cursed Tome","floor":22,"gold_loss":0},{"damage_healed":0,"gold_gain":99,"player_choice":"Stole From Cult","damage_taken":0,"max_hp_gain":0,"max_hp_loss":0,"event_name":"Nest","floor":24,"gold_loss":0},{"damage_healed":25,"gold_gain":0,"player_choice":"Heal","damage_taken":0,"max_hp_gain":0,"max_hp_loss":0,"event_name":"The Library","floor":28,"gold_loss":0}],"is_beta":false,"boss_relics":[{"not_picked":["Black Star","Cursed Key"],"picked":"Ectoplasm"}],"items_purged_floors":[21],"is_endless":false,"potions_floor_spawned":[1,3,7,16,19,30],"killed_by":"Automaton","ascension_level":14}