{"gold_per_floor":[218,234,253,6,6,6,18,48,48,75,102,102,102],"floor_reached":13,"playtime":394,"items_purged":["Strike_G"],"score":102,"play_id":"e4805e73-ef71-4e33-a0e5-cb4d0e7adc8d","local_time":"20181010131221","is_ascension_mode":true,"campfire_choices":[{"data":"Bouncing Flask","floor":6,"key":"SMITH"},{"data":"Footwork","floor":12,"key":"SMITH"}],"neow_cost":"NONE","seed_source_timestamp":1612394456898303,"circlet_count":0,"master_deck":["Defend_G","Defend_G","Defend_G","Defend_G","Defend_G","Strike_G","Strike_G","Strike_G","Strike_G","Survivor","Neutralize","Bouncing Flask+1","Deflect","Bane","Footwork+1"],"relics":["Ring of the Snake","Membership Card","Blue Candle","Letter Opener","Potion Belt","Matryoshka"],"potions_floor_usage":[8,11,13],"damage_taken":[{"damage":4,"enemies":"Cultist","floor":1,"turns":5},{"damage":1,"enemies":"Jaw Worm","floor":2,"turns":4},{"damage":0,"enemies":"2 Louse","floor":3,"turns":2},{"damage":3,"enemies":"Blue Slaver","floor":7,"turns":4},{"damage":6,"enemies":"Lagavulin","floor":8,"turns":5},{"damage":13,"enemies":"3 Sentries","floor":11,"turns":7},{"damage":51,"enemies":"Gremlin Nob","floor":13,"turns":5}],"seed_played":"-8905581441775823969","potions_obtained":[{"floor":3,"key":"FearPotion"},{"floor":8,"key":"AttackPotion"},{"floor":11,"key":"SteroidPotion"}],"is_trial":false,"path_per_floor":["M","M","M","$","?","R","M","E","T","T","E","R"],"character_chosen":"THE_SILENT","items_purchased":["Membership Card"],"campfire_rested":0,"item_purchase_floors":[4],"current_hp_per_floor":[66,65,65,65,70,70,67,61,61,61,48,48,0],"gold":102,"neow_bonus":"HUNDRED_GOLD","is_prod":false,"is_daily":false,"chose_seed":false,"campfire_upgraded":2,"win_rate":0,"timestamp":1539191541,"path_taken":["M","?","?","$","?","R","M","E","T","?","E","R","E"],"build_version":"2018-10-04v2","purchased_purges":1,"victory":false,"max_hp_per_floor":[70,70,70,70,70,70,70,70,70,70,70,70,70],"card_choices":[{"not_picked":["Bane","PiercingWail"],"picked":"Bouncing Flask","floor":1},{"not_picked":["Outmaneuver","Quick Slash"],"picked":"Deflect","floor":2},{"not_picked":["Sucker Punch","Dagger Throw","Infinite Blades"],"picked":"SKIP","floor":3},{"not_picked":["Bouncing Flask","Masterful Stab"],"picked":"Bane","floor":7},{"not_picked":["Distraction","Caltrops"],"picked":"Footwork","floor":8},{"not_picked":["Outmaneuver","Flying Knee","Underhanded Strike"],"picked":"SKIP","floor":11}],"player_experience":207659,"relics_obtained":[{"floor":8,"key":"Blue Candle"},{"floor":9,"key":"Letter Opener"},{"floor":10,"key":"Potion Belt"},{"floor":11,"key":"Matryoshka"}],"event_choices":[{"event_name":"Wheel of Change","player_choice":"Full Heal","floor":5,"damage_taken":0}],"is_beta":false,"boss_relics":[],"items_purged_floors":[4],"is_endless":false,"potions_floor_spawned":[3,8,11],"killed_by":"Gremlin Nob","ascension_level":2}