{"gold_per_floor":[110,40,60,38,38,38,56,85,85,111,111,111,149,169,169,297,297,313,313,228,228,9,9,47,70,123,123,28,44,44,44,44,175,175,194,194,217,217,237,237,268,9,9,49,349,414,414,414,414,414],"floor_reached":51,"playtime":1655,"items_purged":["Strike_B"],"score":974,"play_id":"4ef3fdd6-c1c0-46c5-8878-9ffb32b5f1b8","local_time":"20181015095023","is_ascension_mode":true,"campfire_choices":[{"data":"Gash","floor":6,"key":"SMITH"},{"data":"Hologram","floor":15,"key":"SMITH"},{"data":"Zap","floor":23,"key":"SMITH"},{"floor":27,"key":"REST"},{"data":"FTL","floor":32,"key":"SMITH"},{"data":"Hologram","floor":40,"key":"SMITH"},{"floor":47,"key":"REST"},{"floor":49,"key":"REST"}],"neow_cost":"NONE","seed_source_timestamp":401663059380333,"circlet_count":0,"master_deck":["Strike_B+1","Strike_B+1","Strike_B+1","Defend_B+1","Defend_B+1","Defend_B+1","Zap+1","Gash+1","FTL+1","Beam Cell+1","Hologram+1","Ball Lightning","Steam","Echo Form","Core Surge+1","Skim","Hologram+1","Finesse","Beam Cell","FTL+1","Go for the Eyes","Stack+1","Flash of Steel","Ball Lightning","Electrodynamics","Sweeping Beam+1","Jack Of All Trades","Good Instincts","Swift Strike","Conserve Battery+1","Hologram+1","Chill","Hologram+1","Reinforced Body+1","Fusion+1","Lockon+1","Hologram"],"relics":["Cracked Core","NeowsBlessing","Pear","Bottled Flame","Sundial","Golden Idol","Dream Catcher","White Beast Statue","Cables","Centennial Puzzle","Smiling Mask","Runic Pyramid","Whetstone","Lee\u0027s Waffle","Gremlin Horn","Dodecahedron","Old Coin","Torii"],"potions_floor_usage":[14,16,18,24,33,33,33,39,39,41,44,44,45,48,48,50],"damage_taken":[{"damage":0,"enemies":"Cultist","floor":1,"turns":1},{"damage":0,"enemies":"2 Louse","floor":3,"turns":1},{"damage":0,"enemies":"Jaw Worm","floor":7,"turns":1},{"damage":16,"enemies":"Gremlin Nob","floor":8,"turns":3},{"damage":13,"enemies":"Lagavulin","floor":10,"turns":7},{"damage":6,"enemies":"Gremlin Nob","floor":13,"turns":3},{"damage":0,"enemies":"3 Louse","floor":14,"turns":2},{"damage":51,"enemies":"The Guardian","floor":16,"turns":7},{"damage":6,"enemies":"Chosen","floor":18,"turns":4},{"damage":33,"enemies":"Slavers","floor":24,"turns":6},{"damage":10,"enemies":"Shell Parasite","floor":25,"turns":3},{"damage":4,"enemies":"Centurion and Healer","floor":29,"turns":4},{"damage":11,"enemies":"Champ","floor":33,"turns":6},{"damage":6,"enemies":"3 Shapes","floor":35,"turns":3},{"damage":4,"enemies":"Orb Walker","floor":37,"turns":3},{"damage":0,"enemies":"Sphere and 2 Shapes","floor":39,"turns":2},{"damage":25,"enemies":"2 Orb Walkers","floor":41,"turns":4},{"damage":21,"enemies":"Giant Head","floor":44,"turns":7},{"damage":8,"enemies":"Mind Bloom Boss Battle","floor":45,"turns":6},{"damage":28,"enemies":"Mysterious Sphere","floor":46,"turns":3},{"damage":0,"enemies":"3 Darklings","floor":48,"turns":2},{"damage":71,"enemies":"Awakened One","floor":50,"turns":18}],"seed_played":"-6664871829003769374","potions_obtained":[{"floor":3,"key":"SpeedPotion"},{"floor":7,"key":"Fire Potion"},{"floor":8,"key":"Energy Potion"},{"floor":14,"key":"Strength Potion"},{"floor":18,"key":"Explosive Potion"},{"floor":24,"key":"SteroidPotion"},{"floor":25,"key":"Energy Potion"},{"floor":29,"key":"Ancient Potion"},{"floor":33,"key":"Fire Potion"},{"floor":35,"key":"AttackPotion"},{"floor":37,"key":"AttackPotion"},{"floor":39,"key":"Block Potion"},{"floor":41,"key":"SmokeBomb"},{"floor":44,"key":"SkillPotion"},{"floor":45,"key":"EssenceOfSteel"},{"floor":46,"key":"AttackPotion"}],"is_trial":false,"path_per_floor":["M","$","M","?","?","R","M","E","T","E","?","?","E","M","R","B",null,"M","?","?","?","$","R","E","M","T","R","$","M","?","?","R","B",null,"M","?","M","?","M","R","E","$","T","E","?","?","R","M","R","B"],"character_chosen":"DEFECT","items_purchased":["FTL","Finesse","Beam Cell","Flash of Steel","Lee\u0027s Waffle","AttackPotion"],"campfire_rested":3,"item_purchase_floors":[2,22,22,28,42,42],"current_hp_per_floor":[75,75,75,75,75,75,75,69,69,56,84,79,73,73,73,22,79,73,73,73,73,73,73,40,30,30,53,53,49,49,49,49,38,79,73,63,59,59,59,59,34,86,86,65,57,29,54,54,79,8],"gold":414,"neow_bonus":"THREE_ENEMY_KILL","is_prod":false,"is_daily":false,"chose_seed":false,"campfire_upgraded":5,"win_rate":0,"timestamp":1539622223,"path_taken":["M","$","M","?","?","R","?","E","T","E","?","?","E","M","R","BOSS","M","?","?","?","$","R","E","M","T","R","?","?","?","?","R","BOSS","M","?","?","?","M","R","E","$","T","E","?","?","R","M","R","BOSS"],"build_version":"2018-10-11","purchased_purges":1,"victory":true,"max_hp_per_floor":[75,75,75,75,75,75,75,85,85,85,85,79,79,79,79,79,79,79,79,79,79,79,79,79,79,79,79,79,79,79,79,79,79,79,79,79,79,79,79,79,79,86,86,86,86,86,86,86,86,86],"card_choices":[{"not_picked":["Reinforced Body","BootSequence"],"picked":"Gash","floor":1},{"not_picked":["Streamline","Barrage"],"picked":"Cold Snap","floor":3},{"not_picked":["Turbo","Stack"],"picked":"Beam Cell","floor":7},{"not_picked":["Hello World","Compile Driver"],"picked":"Hologram","floor":8},{"not_picked":["Rebound","Double Energy"],"picked":"Ball Lightning","floor":10},{"not_picked":["Compile Driver","Turbo"],"picked":"Steam","floor":13},{"not_picked":["Coolheaded","Ball Lightning"],"picked":"Echo Form","floor":14},{"not_picked":["Biased Cognition","Creative AI"],"picked":"Core Surge","floor":16},{"not_picked":["Loop","Coolheaded"],"picked":"Skim","floor":18},{"not_picked":["Static Discharge","BootSequence+1"],"picked":"FTL+1","floor":24},{"not_picked":["Fusion+1","Beam Cell"],"picked":"Go for the Eyes","floor":25},{"not_picked":["Go for the Eyes","Consume"],"picked":"Stack+1","floor":27},{"not_picked":["Streamline","Capacitor"],"picked":"Ball Lightning","floor":29},{"not_picked":["Thunder Strike","Creative AI"],"picked":"Electrodynamics","floor":33},{"not_picked":["Coolheaded","Hello World"],"picked":"Sweeping Beam+1","floor":35},{"not_picked":["Enlightenment","Bandage Up"],"picked":"Jack Of All Trades","floor":36},{"not_picked":["Mind Blast","Forethought"],"picked":"Good Instincts","floor":36},{"not_picked":["Enlightenment","Dark Shackles"],"picked":"Swift Strike","floor":36},{"not_picked":["Recycle+1","Beam Cell+1"],"picked":"Conserve Battery+1","floor":37},{"not_picked":["Chill","Steam"],"picked":"Hologram","floor":39},{"not_picked":["Lockon","Defragment"],"picked":"Chill","floor":41},{"not_picked":["Barrage","Leap+1"],"picked":"Hologram+1","floor":44},{"not_picked":["Go for the Eyes","Hello World"],"picked":"Reinforced Body+1","floor":45},{"not_picked":["Barrage+1","Streamline"],"picked":"Fusion+1","floor":46},{"not_picked":["Defragment","Rip and Tear+1"],"picked":"Lockon+1","floor":47},{"not_picked":["Turbo","Coolheaded+1"],"picked":"Hologram","floor":49}],"player_experience":513798,"relics_obtained":[{"floor":8,"key":"Pear"},{"floor":9,"key":"Bottled Flame"},{"floor":10,"key":"Sundial"},{"floor":13,"key":"Dream Catcher"},{"floor":24,"key":"Centennial Puzzle"},{"floor":26,"key":"Smiling Mask"},{"floor":41,"key":"Whetstone"},{"floor":43,"key":"Gremlin Horn"},{"floor":44,"key":"Dodecahedron"},{"floor":45,"key":"Old Coin"},{"floor":46,"key":"Torii"}],"event_choices":[{"event_name":"World of Goop","player_choice":"Left","floor":4,"damage_taken":0},{"event_name":"Golden Wing","player_choice":"Ignored","floor":5,"damage_taken":0},{"event_name":"Big Fish","player_choice":"Banana","floor":11,"damage_taken":0},{"event_name":"Golden Idol","player_choice":"Lose Max HP","floor":12,"damage_taken":0},{"event_name":"Purifier","player_choice":"One Purge","floor":19,"damage_taken":0},{"event_name":"Addict","player_choice":"Obtained Relic","floor":20,"damage_taken":0},{"event_name":"Duplicator","player_choice":"One dupe","floor":21,"damage_taken":0},{"event_name":"Bonfire Elementals","player_choice":"BASIC","floor":30,"damage_taken":0},{"event_name":"Back to Basics","player_choice":"Simplicity","floor":31,"damage_taken":0},{"event_name":"SensoryStone","player_choice":"Memory 3","floor":36,"damage_taken":0},{"event_name":"Purifier","player_choice":"One Purge","floor":38,"damage_taken":0},{"event_name":"MindBloom","player_choice":"Fight","floor":45,"damage_taken":0},{"event_name":"Mysterious Sphere","player_choice":"Fight","floor":46,"damage_taken":0}],"is_beta":false,"boss_relics":[{"not_picked":["Empty Cage","Calling Bell"],"picked":"White Beast Statue"},{"not_picked":["Coffee Dripper","Runic Dome"],"picked":"Runic Pyramid"}],"items_purged_floors":[22],"is_endless":false,"potions_floor_spawned":[3,7,8,14,18,24,25,29,33,35,37,39,41,44,45,46,48],"ascension_level":4}