{"path_per_floor":["M","?","?","M","?","E","R","E","T","M","?","?","$","M","R"],"character_chosen":"THE_SILENT","items_purchased":["Gremlin Horn"],"gold_per_floor":[113,113,113,137,137,172,172,211,211,232,232,232,24,38,38],"floor_reached":16,"campfire_rested":1,"playtime":1710,"current_hp_per_floor":[67,65,58,52,45,38,38,15,15,13,13,13,13,7,29],"items_purged":[],"gold":38,"score":130,"play_id":"9ddb0e67-392e-4715-83a1-59369d586261","is_prod":false,"is_daily":false,"is_ascension_mode":true,"campfire_upgraded":1,"path_taken":["M","?","?","?","?","E","R","E","T","M","?","?","$","M","R","BOSS"],"build_version":"2018-02-15-PROD1","purchased_purges":0,"victory":false,"master_deck":["Defend_G","Defend_G","Defend_G","Defend_G","Defend_G","Strike_G","Strike_G","Strike_G","Strike_G","Survivor","Neutralize","Noxious Fumes+1","Prepared","Dagger Spray","Slice","Cloak And Dagger+1","Backstab"],"max_hp_per_floor":[70,65,65,65,65,75,75,75,75,75,75,75,75,75,75],"relics":["Ring of the Snake","Golden Idol","Pen Nib","Pear","The Courier","Letter Opener","Gremlin Horn"],"card_choices":[{"not_picked":["Deadly Poison","Infinite Blades"],"picked":"Noxious Fumes"},{"not_picked":["Skewer","Dodge and Roll"],"picked":"Prepared"},{"not_picked":["Endless Agony","Setup"],"picked":"Dagger Spray"},{"not_picked":["Finisher","Dodge and Roll"],"picked":"Slice"},{"not_picked":["Quick Slash","Poisoned Stab"],"picked":"Cloak And Dagger"},{"not_picked":["Slice","Grand Finale"],"picked":"Backstab"}],"player_experience":166502,"potions_floor_usage":[16],"damage_taken":[{"damage":3,"enemies":"Small Slimes","floor":1,"turns":5},{"damage":6,"enemies":"2 Louse","floor":4,"turns":3},{"damage":17,"enemies":"3 Sentries","floor":6,"turns":8},{"damage":23,"enemies":"Lagavulin","floor":8,"turns":9},{"damage":2,"enemies":"Jaw Worm","floor":10,"turns":4},{"damage":6,"enemies":"Exordium Wildlife","floor":14,"turns":3},{"damage":46,"enemies":"Hexaghost","floor":16,"turns":9}],"event_choices":[{"event_name":"Golden Idol","player_choice":"Lose Max HP","floor":2,"damage_taken":0},{"event_name":"Golden Wing","player_choice":"Card Removal","floor":3,"damage_taken":0},{"event_name":"Scrap Ooze","player_choice":"success","floor":5,"damage_taken":7},{"event_name":"Living Wall","player_choice":"Grow","floor":11,"damage_taken":0},{"event_name":"Shining Light","player_choice":"Ignored","floor":12,"damage_taken":0}],"boss_relics":[],"potions_floor_spawned":[4,8,14],"seed_played":"-111042259778778412","killed_by":"Hexaghost","ascension_level":4,"is_trial":false}