{"gold_per_floor":[113,35,45,59,72,72,72,106,106,117,152,152,165,200,200,273,273,287,300,300,65,65,91,101,134,157,184,14,34,44,60,60,131,131,145,145,145,162,175,240,256,282,333,365,365,365,376,9,9,9],"floor_reached":51,"playtime":6965,"items_purged":["Strike_G+1","Strike_G+1"],"score":1793,"play_id":"7b228f72-3a9f-4fd1-b9af-47dd0db0fb67","local_time":"20190408095437","is_ascension_mode":true,"campfire_choices":[{"data":"Skewer","floor":6.0,"key":"SMITH"},{"floor":12.0,"key":"REST"},{"data":"Noxious Fumes","floor":15.0,"key":"SMITH"},{"data":"Cloak And Dagger","floor":32.0,"key":"SMITH"},{"data":"Burst","floor":46,"key":"SMITH"},{"data":"Footwork","floor":49,"key":"SMITH"}],"neow_cost":"NONE","seed_source_timestamp":0,"circlet_count":0,"master_deck":["AscendersBane","Defend_G+1","Defend_G+1","Defend_G+1","Defend_G+1","Defend_G+1","Strike_G+1","Strike_G+1","Strike_G+1","Survivor","Neutralize+1","Skewer+1","Noxious Fumes+1","Underhanded Strike","Footwork+1","PiercingWail","Cloak And Dagger+1","Leg Sweep","Cloak And Dagger","After Image","Backflip","Flying Knee+1","Adrenaline","Blur","Well Laid Plans","After Image","Backflip","Burst+1","Terror+1","Backflip+1","Blur+1","Prepared+1"],"special_seed":0,"relics":["Philosopher\u0027s Stone","Kunai","Bottled Tornado","Blood Vial","Ancient Tea Set","Snecko Eye","Bag of Marbles","NlothsMask","Mummified Hand","Anchor","Letter Opener","Sozu","Tiny Chest","Vajra","Dream Catcher","Pocketwatch","Ornamental Fan"],"potions_floor_usage":[50],"damage_taken":[{"damage":2.0,"enemies":"Cultist","floor":1.0,"turns":4.0},{"damage":0.0,"enemies":"2 Louse","floor":3.0,"turns":2.0},{"damage":0.0,"enemies":"Jaw Worm","floor":4.0,"turns":3.0},{"damage":2.0,"enemies":"Gremlin Gang","floor":5.0,"turns":4.0},{"damage":18.0,"enemies":"3 Sentries","floor":8.0,"turns":7.0},{"damage":9.0,"enemies":"Exordium Thugs","floor":10.0,"turns":5.0},{"damage":26.0,"enemies":"Lagavulin","floor":11.0,"turns":7.0},{"damage":0.0,"enemies":"2 Fungi Beasts","floor":13.0,"turns":4.0},{"damage":0.0,"enemies":"3 Sentries","floor":14.0,"turns":6.0},{"damage":11.0,"enemies":"Hexaghost","floor":16.0,"turns":11.0},{"damage":22.0,"enemies":"3 Byrds","floor":18.0,"turns":5.0},{"damage":1.0,"enemies":"Spheric Guardian","floor":19.0,"turns":6.0},{"damage":0.0,"enemies":"Gremlin Leader","floor":23.0,"turns":7.0},{"damage":0.0,"enemies":"Centurion and Healer","floor":24.0,"turns":6.0},{"damage":7.0,"enemies":"Slavers","floor":25.0,"turns":7.0},{"damage":1.0,"enemies":"Gremlin Leader","floor":27.0,"turns":8.0},{"damage":0.0,"enemies":"Snecko","floor":29.0,"turns":6.0},{"damage":0.0,"enemies":"Cultist and Chosen","floor":30.0,"turns":5.0},{"damage":0.0,"enemies":"Snake Plant","floor":31.0,"turns":4.0},{"damage":0.0,"enemies":"Automaton","floor":33.0,"turns":12.0},{"damage":0,"enemies":"3 Darklings","floor":35,"turns":6},{"damage":0,"enemies":"3 Shapes","floor":38,"turns":4},{"damage":15,"enemies":"Jaw Worm Horde","floor":39,"turns":6},{"damage":1,"enemies":"Giant Head","floor":40,"turns":12},{"damage":0,"enemies":"Transient","floor":41,"turns":6},{"damage":0,"enemies":"Reptomancer","floor":42,"turns":7},{"damage":0,"enemies":"Giant Head","floor":44,"turns":8},{"damage":0,"enemies":"3 Darklings","floor":47,"turns":5},{"damage":0,"enemies":"Donu and Deca","floor":50,"turns":13}],"seed_played":"-9092523668518735157","potions_obtained":[{"floor":1.0,"key":"Block Potion"},{"floor":4.0,"key":"GhostInAJar"},{"floor":11.0,"key":"PowerPotion"},{"floor":14.0,"key":"Dexterity Potion"},{"floor":19.0,"key":"AttackPotion"},{"floor":23.0,"key":"AttackPotion"},{"floor":24.0,"key":"SteroidPotion"},{"floor":33.0,"key":"Dexterity Potion"}],"is_trial":false,"path_per_floor":["M","$","M","M","M","R","$","E","T","M","E","R","M","E","R","B",null,"M","M","?","$","?","E","M","E","T","E","$","M","M","M","R","B",null,"M","?","?","M","M","E","M","E","T","E","?","R","M","$","R","B",null],"character_chosen":"THE_SILENT","items_purchased":["Noxious Fumes","Bag of Marbles","Blur","Regen Potion","Ornamental Fan"],"campfire_rested":1,"item_purchase_floors":[2,21,28,28,48],"current_hp_per_floor":[57,57,57,57,55,55,55,37,37,28,2,21,23,25,25,16,54,34,35,35,35,35,37,39,34,34,35,35,52,54,56,56,58,64,66,63,63,63,48,49,51,53,53,55,55,55,57,57,57,59],"gold":9,"neow_bonus":"BOSS_RELIC","is_prod":false,"is_daily":false,"chose_seed":false,"campfire_upgraded":5,"win_rate":0,"timestamp":1554713677,"path_taken":["M","$","M","M","?","R","$","E","T","M","E","R","M","E","R","BOSS","M","M","?","$","?","E","M","E","T","E","$","?","M","M","R","BOSS","M","?","?","?","M","E","M","E","T","E","?","R","M","$","R","BOSS"],"build_version":"2019-01-23","purchased_purges":2,"victory":true,"max_hp_per_floor":[66,66,66,66,66,66,66,66,66,66,66,66,66,66,66,66,66,66,66,66,66,66,66,66,66,66,66,66,66,66,66,66,66,66,66,63,63,63,63,63,63,63,63,63,63,63,63,63,63,63],"card_choices":[{"not_picked":["Tactician","Bane"],"picked":"Skewer","floor":1.0},{"not_picked":["Blade Dance","Prepared"],"picked":"Underhanded Strike","floor":3.0},{"not_picked":["Expertise","Acrobatics","Outmaneuver"],"picked":"SKIP","floor":4.0},{"not_picked":["Prepared","Choke"],"picked":"Footwork","floor":5.0},{"not_picked":["Expertise","All Out Attack","Tools of the Trade"],"picked":"SKIP","floor":8.0},{"not_picked":["All Out Attack","Predator"],"picked":"PiercingWail","floor":10.0},{"not_picked":["Flying Knee","Prepared"],"picked":"Cloak And Dagger","floor":11.0},{"not_picked":["Crippling Poison","Poisoned Stab"],"picked":"Leg Sweep","floor":13.0},{"not_picked":["Blade Dance","Deadly Poison"],"picked":"Cloak And Dagger","floor":14.0},{"not_picked":["Adrenaline","Die Die Die"],"picked":"After Image","floor":16.0},{"not_picked":["Flying Knee","Quick Slash"],"picked":"Backflip","floor":18.0},{"not_picked":["Dagger Spray","Leg Sweep","Die Die Die"],"picked":"SKIP","floor":19.0},{"not_picked":["Predator","Poisoned Stab","Underhanded Strike+1"],"picked":"SKIP","floor":23.0},{"not_picked":["Masterful Stab","Concentrate","Blade Dance"],"picked":"SKIP","floor":24.0},{"not_picked":["Slice","Reflex"],"picked":"Flying Knee+1","floor":25.0},{"not_picked":["Bane","Deflect+1"],"picked":"Adrenaline","floor":27.0},{"not_picked":["Underhanded Strike+1","Deflect","Dagger Spray"],"picked":"SKIP","floor":29.0},{"not_picked":["Blade Dance","Deflect"],"picked":"Well Laid Plans","floor":30.0},{"not_picked":["Slice","Unload","Dagger Throw"],"picked":"SKIP","floor":31.0},{"not_picked":["Doppelganger","Glass Knife"],"picked":"After Image","floor":33.0},{"not_picked":["Accuracy","Skewer+1"],"picked":"Backflip","floor":35},{"not_picked":["Dodge and Roll+1","Slice+1"],"picked":"Burst","floor":38},{"not_picked":["Prepared","Reflex","Backflip"],"picked":"SKIP","floor":39},{"not_picked":["Dodge and Roll","After Image"],"picked":"Terror+1","floor":40},{"not_picked":["Expertise","Reflex"],"picked":"Backflip+1","floor":41},{"not_picked":["Outmaneuver","Backflip"],"picked":"Blur+1","floor":42},{"not_picked":["Outmaneuver+1","Predator"],"picked":"Prepared+1","floor":44},{"not_picked":["Quick Slash+1","Leg Sweep+1","Bane+1"],"picked":"SKIP","floor":47}],"player_experience":929044,"relics_obtained":[{"floor":8.0,"key":"Kunai"},{"floor":9.0,"key":"Bottled Tornado"},{"floor":11.0,"key":"Blood Vial"},{"floor":14.0,"key":"Ancient Tea Set"},{"floor":23.0,"key":"Mummified Hand"},{"floor":25.0,"key":"Anchor"},{"floor":27.0,"key":"Letter Opener"},{"floor":40,"key":"Tiny Chest"},{"floor":42,"key":"Vajra"},{"floor":43,"key":"Dream Catcher"},{"floor":44,"key":"Pocketwatch"}],"event_choices":[{"damage_healed":0.0,"max_hp_gain":0.0,"max_hp_loss":0.0,"gold_gain":0.0,"event_name":"Back to Basics","player_choice":"Simplicity","floor":20.0,"gold_loss":0.0,"damage_taken":0.0,"cards_upgraded":["Defend_G","Defend_G","Defend_G","Defend_G","Defend_G","Strike_G","Strike_G","Strike_G","Strike_G","Strike_G"]},{"damage_healed":0.0,"max_hp_gain":0.0,"max_hp_loss":0.0,"gold_gain":0.0,"event_name":"FaceTrader","player_choice":"Trade","floor":22.0,"gold_loss":0.0,"damage_taken":0.0,"relics_obtained":["NlothsMask"]},{"damage_healed":0,"gold_gain":0,"player_choice":"Max HP","damage_taken":0,"max_hp_gain":0,"max_hp_loss":3,"event_name":"Winding Halls","floor":36,"gold_loss":0},{"damage_healed":0,"gold_gain":0,"player_choice":"Forge","damage_taken":0,"max_hp_gain":0,"max_hp_loss":0,"event_name":"Accursed Blacksmith","floor":37,"gold_loss":0,"cards_upgraded":["Neutralize"]},{"damage_healed":0,"gold_gain":0,"player_choice":"Ignored","damage_taken":0,"max_hp_gain":0,"max_hp_loss":0,"event_name":"Tomb of Lord Red Mask","floor":45,"gold_loss":0}],"is_beta":false,"boss_relics":[{"not_picked":["Coffee Dripper","Eternal Feather"],"picked":"Snecko Eye"},{"not_picked":["Tiny House","Runic Dome"],"picked":"Sozu"}],"items_purged_floors":[21,48],"is_endless":false,"potions_floor_spawned":[1,4,11,14,19,23,24,33,39,41,44],"ascension_level":17}