{"gold_per_floor":[114,114,186,118,118,144,144,172,227,258,273,288,320,340,340,413,413,427,427],"floor_reached":19,"playtime":544,"items_purged":[],"score":341,"play_id":"8be15b36-7747-4b82-827f-37d3d62732d5","local_time":"20181024181926","is_ascension_mode":true,"campfire_choices":[{"floor":7,"key":"REST"},{"data":"Heavy Blade","floor":15,"key":"SMITH"}],"neow_cost":"PERCENT_DAMAGE","seed_source_timestamp":1210932987899087,"circlet_count":0,"master_deck":["Strike_R","Strike_R","Strike_R","Strike_R","Strike_R","Defend_R","Defend_R","Defend_R","Defend_R","Bash","AscendersBane","Demon Form+1","Heavy Blade+1","Headbutt","Armaments+1","Headbutt","Twin Strike","Double Tap+1","Pommel Strike","Juggernaut","Shockwave+1"],"relics":["Burning Blood","Regal Pillow","Bronze Scales","Pen Nib","Meat on the Bone","War Paint","Black Star"],"potions_floor_usage":[6,12,13],"damage_taken":[{"damage":6,"enemies":"2 Louse","floor":1,"turns":3},{"damage":55,"enemies":"3 Sentries","floor":6,"turns":7},{"damage":20,"enemies":"Lagavulin","floor":8,"turns":5},{"damage":32,"enemies":"Gremlin Nob","floor":10,"turns":4},{"damage":0,"enemies":"Jaw Worm","floor":11,"turns":3},{"damage":10,"enemies":"Small Slimes","floor":12,"turns":3},{"damage":15,"enemies":"3 Sentries","floor":13,"turns":4},{"damage":28,"enemies":"Exordium Wildlife","floor":14,"turns":3},{"damage":27,"enemies":"Hexaghost","floor":16,"turns":6},{"damage":17,"enemies":"3 Byrds","floor":18,"turns":5},{"damage":60,"enemies":"Shell Parasite","floor":19,"turns":5}],"seed_played":"-1251907062474905443","potions_obtained":[{"floor":1,"key":"LiquidBronze"},{"floor":10,"key":"Block Potion"},{"floor":11,"key":"Strength Potion"},{"floor":13,"key":"GamblersBrew"}],"is_trial":false,"path_per_floor":["M","?","?","?","?","E","R","E","T","E","M","M","E","M","R","B",null,"M"],"character_chosen":"IRONCLAD","items_purchased":[],"campfire_rested":1,"item_purchase_floors":[],"current_hp_per_floor":[50,50,50,50,75,26,63,49,49,23,41,49,52,42,42,33,65,54,0],"gold":427,"neow_bonus":"THREE_RARE_CARDS","is_prod":false,"is_daily":false,"chose_seed":false,"campfire_upgraded":1,"win_rate":0,"timestamp":1540430366,"path_taken":["M","?","?","?","?","E","R","E","T","E","M","?","E","M","R","BOSS","M","?"],"build_version":"2018-10-18","purchased_purges":0,"victory":false,"max_hp_per_floor":[75,75,75,75,75,75,75,75,75,75,75,75,75,75,75,75,75,75,75],"card_choices":[{"not_picked":["Exhume","Barricade"],"picked":"Demon Form","floor":0},{"not_picked":["Combust","Second Wind"],"picked":"Heavy Blade","floor":1},{"not_picked":["Carnage","Exhume"],"picked":"Headbutt","floor":6},{"not_picked":["Clothesline","Warcry"],"picked":"Armaments","floor":8},{"not_picked":["Armaments","Shrug It Off"],"picked":"Headbutt","floor":10},{"not_picked":["Pommel Strike","Feel No Pain"],"picked":"Twin Strike","floor":11},{"not_picked":["Rampage","Seeing Red"],"picked":"Double Tap","floor":12},{"not_picked":["Body Slam","Blood for Blood","Sever Soul"],"picked":"SKIP","floor":13},{"not_picked":["True Grit","Combust"],"picked":"Pommel Strike","floor":14},{"not_picked":["Berserk","Fiend Fire"],"picked":"Juggernaut","floor":16},{"not_picked":["Shrug It Off","Intimidate"],"picked":"Shockwave+1","floor":18}],"player_experience":639263,"relics_obtained":[{"floor":6,"key":"Regal Pillow"},{"floor":8,"key":"Bronze Scales"},{"floor":9,"key":"Pen Nib"},{"floor":10,"key":"Meat on the Bone"},{"floor":13,"key":"War Paint"}],"event_choices":[{"damage_healed":0,"gold_gain":0,"player_choice":"Grow","damage_taken":0,"max_hp_gain":0,"max_hp_loss":0,"event_name":"Living Wall","floor":2,"gold_loss":0,"cards_upgraded":["Demon Form"]},{"damage_healed":0,"gold_gain":72,"player_choice":"Gained Gold","damage_taken":0,"max_hp_gain":0,"max_hp_loss":0,"event_name":"Golden Wing","floor":3,"gold_loss":0},{"damage_healed":0,"gold_gain":0,"player_choice":"Left Gold","damage_taken":0,"max_hp_gain":0,"max_hp_loss":0,"event_name":"World of Goop","floor":4,"gold_loss":68},{"damage_healed":25,"gold_gain":0,"player_choice":"Banana","damage_taken":0,"max_hp_gain":0,"max_hp_loss":0,"event_name":"Big Fish","floor":5,"gold_loss":0}],"is_beta":false,"boss_relics":[{"not_picked":["Sozu","White Beast Statue"],"picked":"Black Star"}],"items_purged_floors":[],"is_endless":false,"potions_floor_spawned":[1,10,11,13],"killed_by":"Shell Parasite","ascension_level":15}