{"gold_per_floor":[111,111,131,131,131,170,170,32,32,32,47,62,83,97,97,223,223,223,223,223,26,26,26],"floor_reached":23,"playtime":453,"items_purged":[],"score":251,"play_id":"6a4bb826-0552-43c7-972b-57762e07c023","local_time":"20181016120522","is_ascension_mode":true,"campfire_choices":[{"data":"Redo","floor":7,"key":"SMITH"},{"data":"Electrodynamics","floor":10,"key":"SMITH"},{"data":"Static Discharge","floor":15,"key":"SMITH"}],"neow_cost":"NONE","seed_source_timestamp":497373636970565,"circlet_count":0,"master_deck":["Strike_B","Strike_B","Strike_B","Strike_B","Defend_B","Defend_B","Defend_B","Zap+1","Dualcast","Ball Lightning","Coolheaded","Reprogram","Redo+1","Electrodynamics+1","Rip and Tear","Static Discharge+1","FTL","Chaos","Reboot","Redo","Conserve Battery+1","Leap","Dramatic Entrance","Self Repair","Capacitor"],"relics":["Cracked Core","Golden Idol","Emotion Chip","Gremlin Horn","Ectoplasm","Nilry\u0027s Codex"],"potions_floor_usage":[6,6,18,22],"damage_taken":[{"damage":1,"enemies":"Cultist","floor":1,"turns":3},{"damage":3,"enemies":"2 Louse","floor":3,"turns":2},{"damage":20,"enemies":"Gremlin Nob","floor":6,"turns":4},{"damage":0,"enemies":"Small Slimes","floor":11,"turns":2},{"damage":3,"enemies":"Blue Slaver","floor":12,"turns":2},{"damage":0,"enemies":"Exordium Wildlife","floor":13,"turns":2},{"damage":0,"enemies":"Lots of Slimes","floor":14,"turns":1},{"damage":29,"enemies":"Hexaghost","floor":16,"turns":4},{"damage":0,"enemies":"Chosen","floor":18,"turns":3},{"damage":1,"enemies":"Spheric Guardian","floor":19,"turns":3},{"damage":17,"enemies":"3 Cultists","floor":22,"turns":4},{"damage":29,"enemies":"Snake Plant","floor":23,"turns":2}],"seed_played":"-339643370786298650","potions_obtained":[{"floor":2,"key":"EntropicBrew"},{"floor":2,"key":"GamblersBrew"},{"floor":2,"key":"Ancient Potion"},{"floor":6,"key":"Block Potion"},{"floor":14,"key":"SteroidPotion"},{"floor":19,"key":"SkillPotion"}],"is_trial":false,"path_per_floor":["M","?","M","?","?","E","R","$","T","R","M","M","M","M","R","B",null,"M","M","?","$","M"],"character_chosen":"DEFECT","items_purchased":["Electrodynamics","Leap","Dramatic Entrance","Self Repair"],"campfire_rested":0,"item_purchase_floors":[8,21,21,21],"current_hp_per_floor":[67,67,64,64,64,44,44,44,44,44,44,41,41,41,41,12,55,55,54,38,38,28,0],"gold":26,"neow_bonus":"UPGRADE_CARD","is_prod":false,"is_daily":false,"chose_seed":false,"campfire_upgraded":3,"win_rate":0,"timestamp":1539716722,"path_taken":["M","?","M","?","?","E","R","?","T","R","?","M","M","M","R","BOSS","M","?","?","$","M","?"],"build_version":"2018-10-11","purchased_purges":0,"victory":false,"max_hp_per_floor":[75,75,75,75,69,69,69,69,69,69,69,69,69,69,69,69,69,69,69,69,69,69,69],"card_choices":[{"not_picked":["Coolheaded","Hologram"],"picked":"Ball Lightning","floor":1},{"not_picked":["Tempest","Cold Snap"],"picked":"Coolheaded","floor":3},{"not_picked":["Stack","Blizzard"],"picked":"Redo","floor":6},{"not_picked":["Go for the Eyes","Compile Driver"],"picked":"Rip and Tear","floor":11},{"not_picked":["Aggregate","Beam Cell"],"picked":"Static Discharge","floor":12},{"not_picked":["Compile Driver","Coolheaded"],"picked":"FTL","floor":13},{"not_picked":["Turbo","Aggregate"],"picked":"Chaos","floor":14},{"not_picked":["Meteor Strike","Creative AI"],"picked":"Reboot","floor":16},{"not_picked":["Sweeping Beam","Barrage"],"picked":"Redo","floor":18},{"not_picked":["Melter+1","Auto Shields"],"picked":"Conserve Battery+1","floor":19},{"not_picked":["Ball Lightning","Rebound"],"picked":"Capacitor","floor":22}],"player_experience":531848,"relics_obtained":[{"floor":6,"key":"Emotion Chip"},{"floor":9,"key":"Gremlin Horn"},{"floor":20,"key":"Nilry\u0027s Codex"}],"event_choices":[{"event_name":"The Lab","player_choice":"Got Potions","floor":2,"damage_taken":0},{"event_name":"Transmorgrifier","player_choice":"Transform","floor":4,"damage_taken":0},{"event_name":"Golden Idol","player_choice":"Lose Max HP","floor":5,"damage_taken":0},{"event_name":"Cursed Tome","player_choice":"Obtained Book","floor":20,"damage_taken":0}],"is_beta":false,"boss_relics":[{"not_picked":["Runic Dome","Runic Pyramid"],"picked":"Ectoplasm"}],"items_purged_floors":[],"is_endless":false,"potions_floor_spawned":[6,11,14,19],"killed_by":"Snake Plant","ascension_level":6}