{"gold_per_floor":[110,121,134,134,151,151,51,51,51,51,79,79,3,18,18,18],"floor_reached":16,"playtime":760,"items_purged":["Strike_B"],"score":200,"play_id":"862080f5-3e26-422f-9ff5-095a174c3388","local_time":"20190403130955","is_ascension_mode":true,"campfire_choices":[{"data":"Zap","floor":6,"key":"SMITH"},{"data":"Barrage","floor":8,"key":"SMITH"},{"data":"Genetic Algorithm","floor":10,"key":"SMITH"},{"data":"Genetic Algorithm","floor":12,"key":"SMITH"},{"data":"Consume","floor":15,"key":"SMITH"}],"neow_cost":"NONE","seed_source_timestamp":933013504556054,"circlet_count":0,"master_deck":["AscendersBane","Strike_B","Strike_B","Strike_B","Defend_B","Defend_B","Defend_B","Defend_B","Zap+1","Dualcast","Genetic Algorithm+1","Coolheaded","Glacier","Genetic Algorithm+1","Barrage+1","Chill","Consume+1","Sweeping Beam"],"relics":["Cracked Core","Ancient Tea Set","Gremlin Horn","Blood Vial","Pen Nib"],"potions_floor_usage":[11],"damage_taken":[{"damage":4,"enemies":"2 Louse","floor":1,"turns":3},{"damage":0,"enemies":"Cultist","floor":2,"turns":3},{"damage":5,"enemies":"Jaw Worm","floor":3,"turns":5},{"damage":0,"enemies":"Blue Slaver","floor":5,"turns":5},{"damage":10,"enemies":"3 Sentries","floor":11,"turns":11},{"damage":3,"enemies":"Red Slaver","floor":14,"turns":3},{"damage":49,"enemies":"Hexaghost","floor":16,"turns":11}],"seed_played":"2555445432516520213","potions_obtained":[{"floor":2,"key":"PowerPotion"},{"floor":5,"key":"SkillPotion"},{"floor":14,"key":"Ancient Potion"}],"is_trial":false,"path_per_floor":["M","M","M","?","M","R","$","R","T","R","E","R","$","M","R","B"],"character_chosen":"DEFECT","items_purchased":["Barrage","Consume"],"campfire_rested":0,"item_purchase_floors":[7,13],"current_hp_per_floor":[60,60,55,55,55,55,55,55,55,55,47,47,47,46,46,0],"gold":18,"neow_bonus":"RANDOM_COMMON_RELIC","is_prod":false,"is_daily":false,"chose_seed":false,"campfire_upgraded":5,"win_rate":0,"timestamp":1554318595,"path_taken":["M","M","M","?","M","R","$","R","T","R","E","R","$","?","R","BOSS"],"build_version":"2019-03-15","purchased_purges":1,"victory":false,"max_hp_per_floor":[71,71,71,71,71,71,71,71,71,71,71,71,71,71,71,71],"card_choices":[{"not_picked":["Stack","Storm"],"picked":"Genetic Algorithm","floor":1},{"not_picked":["Beam Cell","Steam"],"picked":"Coolheaded","floor":2},{"not_picked":["Melter","Hologram"],"picked":"Glacier","floor":3},{"not_picked":["Coolheaded","Thunder Strike"],"picked":"Genetic Algorithm","floor":5},{"not_picked":["Coolheaded","Reinforced Body"],"picked":"Chill","floor":11},{"not_picked":["Reinforced Body","Auto Shields"],"picked":"Sweeping Beam","floor":14}],"player_experience":2728761,"relics_obtained":[{"floor":9,"key":"Blood Vial"},{"floor":11,"key":"Pen Nib"}],"event_choices":[{"damage_healed":0,"gold_gain":0,"player_choice":"Gave Potion","damage_taken":0,"relics_obtained":["Gremlin Horn"],"max_hp_gain":0,"max_hp_loss":0,"event_name":"WeMeetAgain","floor":4,"gold_loss":0}],"is_beta":true,"boss_relics":[],"items_purged_floors":[7],"is_endless":false,"potions_floor_spawned":[2,5,14],"killed_by":"Hexaghost","ascension_level":20}