{"gold_per_floor":[113,132,149,149,149,181,181,209,209,284,301,0,16,26,26,123,123,134,148,158,158,158,158,4,23,102,102,102,122,147,165,165,262,262,274,294,294,294,346,346,363,56,82,82,100,200,220,220,220,220],"floor_reached":51,"playtime":3292,"items_purged":["Defend_R","Normality"],"score":857,"play_id":"f9e149ae-4a1e-4be1-9f0d-b29a42055412","local_time":"20190225161658","is_ascension_mode":true,"campfire_choices":[{"data":"Inflame","floor":7,"key":"SMITH"},{"floor":15,"key":"REST"},{"data":"Feed","floor":23,"key":"SMITH"},{"floor":27,"key":"REST"},{"floor":32,"key":"REST"},{"data":"Limit Break","floor":40,"key":"SMITH"},{"data":"Uppercut","floor":44,"key":"SMITH"},{"floor":49,"key":"REST"}],"neow_cost":"NONE","seed_source_timestamp":3398508615569182,"circlet_count":0,"master_deck":["Strike_R","Strike_R","Strike_R","Strike_R","Strike_R","Defend_R+1","Defend_R","Defend_R+1","Bash","Fiend Fire","Twin Strike","Inflame+1","Uppercut+1","Seeing Red","Heavy Blade","Dual Wield","Disarm+1","Perfected Strike","Power Through","Evolve","Uppercut+1","Feed+1","Metallicize","Disarm","Wild Strike+1","Necronomicurse","Swift Strike","Carnage+1","Cleave","Limit Break+1","Perfected Strike+1","Reaper","Doubt","Shame","Flex+1","Dark Shackles","Spot Weakness+1","Flex+1","Pommel Strike+1","Disarm+1"],"relics":["Burning Blood","Bottled Tornado","Ornamental Fan","Pear","Membership Card","Mark of Pain","Potion Belt","Necronomicon","Bag of Preparation","Darkstone Periapt","Turnip","Calling Bell","Blood Vial","Pantograph","Shovel","Mango","Toy Ornithopter","Champion Belt","Lantern"],"potions_floor_usage":[8,8,16,20,25,33,33,47,48,50,50,50,50],"damage_taken":[{"damage":6,"enemies":"2 Louse","floor":1,"turns":2},{"damage":0,"enemies":"Small Slimes","floor":2,"turns":3},{"damage":14,"enemies":"Jaw Worm","floor":3,"turns":3},{"damage":12,"enemies":"Gremlin Nob","floor":6,"turns":3},{"damage":21,"enemies":"3 Sentries","floor":8,"turns":6},{"damage":6,"enemies":"Blue Slaver","floor":11,"turns":3},{"damage":0,"enemies":"Looter","floor":13,"turns":2},{"damage":14,"enemies":"Lots of Slimes","floor":14,"turns":4},{"damage":49,"enemies":"The Guardian","floor":16,"turns":11},{"damage":12,"enemies":"Chosen","floor":18,"turns":4},{"damage":8,"enemies":"Shell Parasite","floor":19,"turns":4},{"damage":34,"enemies":"Centurion and Healer","floor":20,"turns":5},{"damage":18,"enemies":"Chosen and Byrds","floor":25,"turns":5},{"damage":10,"enemies":"Snake Plant","floor":29,"turns":2},{"damage":15,"enemies":"Book of Stabbing","floor":30,"turns":5},{"damage":12,"enemies":"Shelled Parasite and Fungi","floor":31,"turns":2},{"damage":77,"enemies":"Collector","floor":33,"turns":8},{"damage":38,"enemies":"3 Darklings","floor":35,"turns":5},{"damage":0,"enemies":"3 Shapes","floor":36,"turns":2},{"damage":37,"enemies":"2 Orb Walkers","floor":39,"turns":4},{"damage":11,"enemies":"Jaw Worm Horde","floor":41,"turns":3},{"damage":29,"enemies":"3 Darklings","floor":45,"turns":4},{"damage":51,"enemies":"Spire Growth","floor":47,"turns":4},{"damage":0,"enemies":"Transient","floor":48,"turns":1},{"damage":108,"enemies":"Donu and Deca","floor":50,"turns":6}],"seed_played":"5181649460991822821","potions_obtained":[{"floor":1,"key":"EssenceOfSteel"},{"floor":2,"key":"GamblersBrew"},{"floor":3,"key":"BloodPotion"},{"floor":11,"key":"Regen Potion"},{"floor":14,"key":"Ancient Potion"},{"floor":16,"key":"Regen Potion"},{"floor":19,"key":"SmokeBomb"},{"floor":20,"key":"EssenceOfSteel"},{"floor":30,"key":"Explosive Potion"},{"floor":33,"key":"BloodPotion"},{"floor":35,"key":"Dexterity Potion"},{"floor":39,"key":"Energy Potion"},{"floor":41,"key":"SkillPotion"},{"floor":47,"key":"LiquidBronze"}],"is_trial":false,"path_per_floor":["M","M","M","?","?","E","R","E","T","?","M","$","M","M","R","B",null,"M","M","M","?","?","R","$","M","T","R","?","M","E","M","R","B",null,"M","M","?","?","?","R","M","$","T","R","M","?","M","M","R","B",null],"character_chosen":"IRONCLAD","items_purchased":["Disarm","Membership Card","Perfected Strike","Power Through","Bag of Preparation","Swift Strike","Toy Ornithopter","Champion Belt"],"campfire_rested":4,"item_purchase_floors":[12,12,12,12,24,24,42,42],"current_hp_per_floor":[80,80,72,72,56,50,50,43,53,42,42,42,48,40,67,39,90,84,82,68,68,52,52,52,44,44,72,72,68,59,53,81,10,112,80,92,92,92,77,77,122,122,122,122,101,101,83,96,130,103],"gold":220,"neow_bonus":"ONE_RANDOM_RARE_CARD","is_prod":false,"is_daily":false,"chose_seed":false,"campfire_upgraded":4,"win_rate":0,"timestamp":1551129418,"path_taken":["M","M","M","?","?","E","R","E","T","?","M","$","M","M","R","BOSS","M","M","M","?","?","R","$","M","T","R","?","M","E","M","R","BOSS","M","?","?","?","?","R","M","$","T","R","M","?","?","M","R","BOSS"],"build_version":"2019-01-23","purchased_purges":2,"victory":true,"max_hp_per_floor":[80,80,80,80,80,80,80,80,90,90,90,90,90,90,90,90,90,90,90,90,90,90,90,90,94,94,94,94,94,94,94,94,94,112,112,116,116,116,130,130,130,130,130,130,130,130,130,130,130,130],"card_choices":[{"not_picked":["Sever Soul","Body Slam"],"picked":"Twin Strike","floor":1},{"not_picked":["Bloodletting","Pummel"],"picked":"Inflame","floor":2},{"not_picked":["Dropkick","Anger"],"picked":"Uppercut","floor":3},{"not_picked":["Corruption","Anger"],"picked":"Seeing Red","floor":6},{"not_picked":["Warcry","Feel No Pain"],"picked":"Heavy Blade","floor":8},{"not_picked":["Cleave","Searing Blow"],"picked":"Dual Wield","floor":11},{"not_picked":["Wild Strike","Headbutt"],"picked":"Evolve","floor":13},{"not_picked":["Sentinel","True Grit"],"picked":"Uppercut","floor":14},{"not_picked":["Berserk","Juggernaut"],"picked":"Feed","floor":16},{"not_picked":["Perfected Strike","Entrench"],"picked":"Metallicize","floor":18},{"not_picked":["Intimidate+1","Anger"],"picked":"Disarm","floor":19},{"not_picked":["Flex","Flame Barrier"],"picked":"Wild Strike+1","floor":20},{"not_picked":["Sword Boomerang+1","True Grit+1"],"picked":"Carnage+1","floor":25},{"not_picked":["Clash","Fire Breathing"],"picked":"Cleave","floor":29},{"not_picked":["Dark Embrace","True Grit"],"picked":"Limit Break","floor":30},{"not_picked":["Clash","Cleave+1"],"picked":"Perfected Strike+1","floor":31},{"not_picked":["Bludgeon","Exhume"],"picked":"Reaper","floor":33},{"not_picked":["Shrug It Off","Body Slam+1"],"picked":"Flex+1","floor":35},{"not_picked":["Heavy Blade","Thunderclap+1","Cleave+1"],"picked":"SKIP","floor":36},{"not_picked":["Good Instincts","Trip"],"picked":"Dark Shackles","floor":38},{"not_picked":["Entrench+1","Ghostly Armor+1"],"picked":"Spot Weakness+1","floor":39},{"not_picked":["Anger+1","Iron Wave+1"],"picked":"Flex+1","floor":41},{"not_picked":["Flex","Dropkick+1"],"picked":"Pommel Strike+1","floor":45},{"not_picked":["Thunderclap+1","Impervious"],"picked":"Disarm+1","floor":47}],"player_experience":194624,"relics_obtained":[{"floor":6,"key":"Bottled Tornado"},{"floor":8,"key":"Ornamental Fan"},{"floor":9,"key":"Pear"},{"floor":22,"key":"Necronomicon"},{"floor":26,"key":"Darkstone Periapt"},{"floor":30,"key":"Turnip"},{"floor":34,"key":"Blood Vial"},{"floor":34,"key":"Pantograph"},{"floor":34,"key":"Shovel"},{"floor":39,"key":"Mango"},{"floor":43,"key":"Lantern"}],"event_choices":[{"damage_healed":0,"gold_gain":0,"player_choice":"Grow","damage_taken":0,"max_hp_gain":0,"max_hp_loss":0,"event_name":"Living Wall","floor":4,"gold_loss":0,"cards_upgraded":["Uppercut"]},{"damage_healed":0,"gold_gain":0,"player_choice":"Entered Light","damage_taken":16,"max_hp_gain":0,"max_hp_loss":0,"event_name":"Shining Light","floor":5,"gold_loss":0,"cards_upgraded":["Defend_R","Defend_R"]},{"damage_healed":0,"gold_gain":75,"player_choice":"Gather Gold","damage_taken":11,"max_hp_gain":0,"max_hp_loss":0,"event_name":"World of Goop","floor":10,"gold_loss":0},{"damage_healed":0,"gold_gain":0,"player_choice":"Opened","damage_taken":0,"relics_obtained":["Potion Belt"],"max_hp_gain":0,"max_hp_loss":0,"event_name":"The Mausoleum","floor":21,"gold_loss":0},{"damage_healed":0,"gold_gain":0,"player_choice":"Obtained Book","damage_taken":16,"max_hp_gain":0,"max_hp_loss":0,"event_name":"Cursed Tome","floor":22,"gold_loss":0},{"damage_healed":0,"gold_gain":0,"player_choice":"Upgraded","damage_taken":0,"max_hp_gain":0,"max_hp_loss":0,"event_name":"Upgrade Shrine","floor":28,"gold_loss":0,"cards_upgraded":["Disarm"]},{"damage_healed":0,"gold_gain":0,"player_choice":"Ignored","damage_taken":0,"max_hp_gain":0,"max_hp_loss":0,"event_name":"Tomb of Lord Red Mask","floor":37,"gold_loss":0},{"damage_healed":0,"gold_gain":0,"player_choice":"Memory 1","damage_taken":0,"max_hp_gain":0,"max_hp_loss":0,"event_name":"SensoryStone","floor":38,"gold_loss":0},{"damage_healed":0,"gold_gain":0,"player_choice":"Fight","damage_taken":0,"max_hp_gain":0,"max_hp_loss":0,"event_name":"Mysterious Sphere","floor":39,"gold_loss":0},{"damage_healed":0,"gold_gain":100,"player_choice":"Pray","damage_taken":0,"max_hp_gain":0,"max_hp_loss":0,"event_name":"Golden Shrine","floor":46,"gold_loss":0}],"is_beta":false,"boss_relics":[{"not_picked":["Philosopher\u0027s Stone","Pandora\u0027s Box"],"picked":"Mark of Pain"},{"not_picked":["Runic Cube","Runic Pyramid"],"picked":"Calling Bell"}],"items_purged_floors":[24,42],"is_endless":false,"potions_floor_spawned":[1,2,3,11,14,16,19,20,30,33,35,39,41,47],"ascension_level":4}