{"gold_per_floor":[112,112,37,54,67,94,94,106,106,106,122,139,41,60,60,161,161,161,161,116,116,116],"floor_reached":22,"playtime":1319,"items_purged":["Strike_R"],"score":254,"play_id":"86a0b498-a88f-413c-a549-613515f7423f","local_time":"20190305193506","is_ascension_mode":true,"campfire_choices":[{"data":"Pommel Strike","floor":7.0,"key":"SMITH"},{"floor":15.0,"key":"REST"}],"neow_cost":"NONE","seed_source_timestamp":0,"circlet_count":0,"master_deck":["Strike_R","Strike_R","Strike_R","Defend_R","Defend_R","Defend_R","Bash","Twin Strike","Battle Trance","Twin Strike","Cleave","Pommel Strike+1","Perfected Strike","Power Through","Mind Blast","Perfected Strike","Barricade","Shockwave+1","Twin Strike+1","Perfected Strike+1","Exhume"],"special_seed":0,"relics":["Burning Blood","NeowsBlessing","Kunai","Self Forming Clay","Ectoplasm","Bird Faced Urn","Blue Candle"],"potions_floor_usage":[19,20],"damage_taken":[{"damage":0.0,"enemies":"Cultist","floor":1.0,"turns":1.0},{"damage":0.0,"enemies":"2 Louse","floor":4.0,"turns":1.0},{"damage":0.0,"enemies":"Jaw Worm","floor":5.0,"turns":1.0},{"damage":40.0,"enemies":"Lagavulin","floor":6.0,"turns":5.0},{"damage":16.0,"enemies":"Gremlin Gang","floor":8.0,"turns":3.0},{"damage":12.0,"enemies":"Exordium Wildlife","floor":11.0,"turns":3.0},{"damage":11.0,"enemies":"Exordium Thugs","floor":12.0,"turns":4.0},{"damage":8.0,"enemies":"3 Louse","floor":14.0,"turns":2.0},{"damage":21.0,"enemies":"Slime Boss","floor":16.0,"turns":11.0},{"damage":27,"enemies":"Spheric Guardian","floor":18,"turns":7},{"damage":23,"enemies":"Colosseum Slavers","floor":19,"turns":4},{"damage":18,"enemies":"Colosseum Nobs","floor":19,"turns":6},{"damage":10,"enemies":"2 Thieves","floor":20,"turns":4},{"damage":18,"enemies":"Chosen and Byrds","floor":22,"turns":1}],"seed_played":"8047803721757527890","potions_obtained":[{"floor":6.0,"key":"AttackPotion"},{"floor":8.0,"key":"Poison Potion"},{"floor":11.0,"key":"Dexterity Potion"},{"floor":14.0,"key":"EssenceOfSteel"},{"floor":19,"key":"Block Potion"}],"is_trial":false,"path_per_floor":["M","?","$","M","M","E","R","M","T","?","M","M","$","M","R","B",null,"M","?","M","?","M"],"character_chosen":"IRONCLAD","items_purchased":["Mind Blast"],"campfire_rested":1,"item_purchase_floors":[13],"current_hp_per_floor":[78,78,78,80,80,46,46,36,36,36,30,25,25,23,47,32,68,47,18,14,14,0],"gold":116,"neow_bonus":"THREE_ENEMY_KILL","is_prod":false,"is_daily":false,"chose_seed":false,"campfire_upgraded":1,"win_rate":0,"timestamp":1551832506,"path_taken":["M","?","$","?","M","E","R","M","T","?","?","M","$","M","R","BOSS","M","?","M","?","M"],"build_version":"2019-01-23","purchased_purges":1,"victory":false,"max_hp_per_floor":[80,80,80,80,80,80,80,80,80,80,80,80,80,80,80,80,80,80,80,80,80,80],"card_choices":[{"not_picked":["Armaments","Thunderclap"],"picked":"Twin Strike","floor":1.0},{"not_picked":["Hemokinesis","Wild Strike"],"picked":"Twin Strike","floor":4.0},{"not_picked":["Pummel","Feel No Pain"],"picked":"Cleave","floor":5.0},{"not_picked":["Anger","Brutality"],"picked":"Pommel Strike","floor":6.0},{"not_picked":["Sword Boomerang","Headbutt"],"picked":"Perfected Strike","floor":8.0},{"not_picked":["Anger","Evolve","Flex"],"picked":"SKIP","floor":11.0},{"not_picked":["Fire Breathing","Infernal Blade"],"picked":"Power Through","floor":12.0},{"not_picked":["Searing Blow","Havoc"],"picked":"Perfected Strike","floor":14.0},{"not_picked":["Dark Embrace","Juggernaut"],"picked":"Barricade","floor":16.0},{"not_picked":["Pommel Strike+1","Infernal Blade"],"picked":"Shockwave+1","floor":18},{"not_picked":["Clash","Heavy Blade"],"picked":"Twin Strike+1","floor":19},{"not_picked":["Flex","Intimidate"],"picked":"Perfected Strike+1","floor":20}],"player_experience":216537,"relics_obtained":[{"floor":6.0,"key":"Kunai"},{"floor":9.0,"key":"Self Forming Clay"},{"floor":19,"key":"Bird Faced Urn"},{"floor":19,"key":"Blue Candle"}],"event_choices":[{"damage_healed":0.0,"max_hp_gain":0.0,"max_hp_loss":0.0,"gold_gain":0.0,"cards_transformed":["Strike_R"],"event_name":"Transmorgrifier","player_choice":"Transformed","floor":2.0,"gold_loss":0.0,"damage_taken":0.0,"cards_obtained":["Battle Trance"]},{"cards_removed":["Defend_R"],"damage_healed":0.0,"max_hp_gain":0.0,"max_hp_loss":0.0,"gold_gain":0.0,"event_name":"Purifier","player_choice":"Purged","floor":10.0,"gold_loss":0.0,"damage_taken":0.0},{"damage_healed":0,"gold_gain":0,"player_choice":"Fight","damage_taken":0,"max_hp_gain":0,"max_hp_loss":0,"event_name":"Colosseum","floor":19,"gold_loss":0},{"damage_healed":0,"gold_gain":0,"player_choice":"Fought Nobs","damage_taken":0,"max_hp_gain":0,"max_hp_loss":0,"event_name":"Colosseum","floor":19,"gold_loss":0},{"damage_healed":0,"gold_gain":0,"player_choice":"1 cards matched","damage_taken":0,"max_hp_gain":0,"max_hp_loss":0,"event_name":"Match and Keep!","floor":21,"gold_loss":0,"cards_obtained":["Exhume"]}],"is_beta":false,"boss_relics":[{"not_picked":["Runic Cube","Pandora\u0027s Box"],"picked":"Ectoplasm"}],"items_purged_floors":[3],"is_endless":false,"potions_floor_spawned":[6,8,11,14,19],"killed_by":"Chosen and Byrds","ascension_level":7}