{"gold_per_floor":[114,114,64,79,94,124,124,154,179,209,236,308,335,362,374,486,498,525,537,564,576,603,615,657,669,706,748,775,787,799,826,838,850],"floor_reached":33,"playtime":1616,"items_purged":[],"score":342,"play_id":"ac6b3364-0a28-463e-aafa-632c91baac12","local_time":"20190226225700","daily_mods":["Chimera","Time Dilation","Elite Swarm"],"is_ascension_mode":false,"campfire_choices":[{"floor":7,"key":"REST"},{"floor":15,"key":"REST"},{"data":"Fission","floor":23,"key":"SMITH"},{"data":"Buffer","floor":29,"key":"SMITH"},{"data":"Fission","floor":32,"key":"SMITH"}],"neow_cost":"","seed_source_timestamp":0,"circlet_count":0,"master_deck":["Bash","Survivor+1","Strike_R","Strike_B+1","Defend_R","Defend_G","Defend_B","Ball Lightning","Sweeping Beam","Rip and Tear","All For One","Fission+1","Buffer+1","Streamline","Core Surge","Go for the Eyes","Rainbow","Sweeping Beam","FTL+1","Fission+1","Creative AI+1","Streamline","Fusion","Doom and Gloom","Self Repair+1"],"special_seed":17954,"relics":["Cracked Core","Orichalcum","Torii","Centennial Puzzle","MawBank","Tiny Chest","Coffee Dripper","Frozen Egg 2","Unceasing Top","Vajra","Dodecahedron"],"potions_floor_usage":[6,6,12,13,16,24,27],"damage_taken":[{"damage":5,"enemies":"Jaw Worm","floor":1,"turns":4},{"damage":11,"enemies":"Small Slimes","floor":4,"turns":2},{"damage":0,"enemies":"Cultist","floor":5,"turns":2},{"damage":18,"enemies":"3 Sentries","floor":6,"turns":3},{"damage":14,"enemies":"Lagavulin","floor":8,"turns":5},{"damage":8,"enemies":"Gremlin Nob","floor":10,"turns":3},{"damage":11,"enemies":"Large Slime","floor":11,"turns":2},{"damage":10,"enemies":"3 Sentries","floor":12,"turns":5},{"damage":1,"enemies":"Exordium Thugs","floor":13,"turns":3},{"damage":1,"enemies":"Blue Slaver","floor":14,"turns":3},{"damage":1,"enemies":"Hexaghost","floor":16,"turns":10},{"damage":11,"enemies":"2 Thieves","floor":18,"turns":2},{"damage":1,"enemies":"Shell Parasite","floor":20,"turns":4},{"damage":8,"enemies":"Centurion and Healer","floor":22,"turns":4},{"damage":21,"enemies":"Slavers","floor":24,"turns":4},{"damage":0,"enemies":"Gremlin Leader","floor":27,"turns":5},{"damage":17,"enemies":"Snake Plant","floor":28,"turns":4},{"damage":9,"enemies":"Snecko","floor":31,"turns":4},{"damage":23,"enemies":"Champ","floor":33,"turns":8}],"seed_played":"8256108652723844663","potions_obtained":[{"floor":1,"key":"Swift Potion"},{"floor":4,"key":"Strength Potion"},{"floor":5,"key":"SteroidPotion"},{"floor":11,"key":"SpeedPotion"},{"floor":14,"key":"Dexterity Potion"},{"floor":22,"key":"SteroidPotion"},{"floor":24,"key":"Energy Potion"}],"is_trial":false,"path_per_floor":["M","?","?","M","M","E","R","E","T","E","M","E","M","M","R","B",null,"M","?","M","$","M","R","E","T","T","E","M","R","?","M","R","B"],"character_chosen":"DEFECT","items_purchased":[],"campfire_rested":2,"item_purchase_floors":[],"current_hp_per_floor":[70,55,55,44,44,26,48,34,34,26,15,5,4,3,25,24,75,64,75,74,74,66,66,45,45,45,45,28,28,28,19,19,0],"gold":850,"neow_bonus":"","is_prod":false,"is_daily":true,"chose_seed":false,"campfire_upgraded":3,"win_rate":0,"timestamp":1551250620,"path_taken":["M","?","?","M","M","E","R","E","T","E","M","E","M","M","R","BOSS","M","?","M","$","M","R","E","?","T","E","?","R","?","M","R","BOSS"],"build_version":"2019-01-23","purchased_purges":0,"victory":false,"max_hp_per_floor":[75,75,75,75,75,75,75,75,75,75,75,75,75,75,75,75,75,75,75,75,75,75,75,75,75,75,75,75,75,75,75,75,75],"card_choices":[{"not_picked":["Darkness","Hello World"],"picked":"Ball Lightning","floor":1},{"not_picked":["Hologram","Lockon"],"picked":"Sweeping Beam","floor":4},{"not_picked":["Steam Power","Turbo"],"picked":"Rip and Tear","floor":5},{"not_picked":["Amplify","Creative AI"],"picked":"All For One","floor":6},{"not_picked":["Amplify","Creative AI"],"picked":"Fission","floor":8},{"not_picked":["Fission","Amplify"],"picked":"Buffer","floor":10},{"not_picked":["Capacitor","Fusion"],"picked":"Streamline","floor":11},{"not_picked":["Thunder Strike","Amplify"],"picked":"Core Surge","floor":12},{"not_picked":["Hologram","Beam Cell"],"picked":"Go for the Eyes","floor":13},{"not_picked":["Chill","Barrage","Capacitor"],"picked":"SKIP","floor":14},{"not_picked":["Biased Cognition","Multi-Cast"],"picked":"Rainbow","floor":16},{"not_picked":["Rebound","Beam Cell"],"picked":"Sweeping Beam","floor":18},{"not_picked":["Leap","Coolheaded"],"picked":"Rebound","floor":20},{"not_picked":["Stack","Conserve Battery"],"picked":"FTL+1","floor":22},{"not_picked":["Meteor Strike","Echo Form"],"picked":"Fission","floor":24},{"not_picked":["Biased Cognition+1","Electrodynamics+1"],"picked":"Creative AI+1","floor":27},{"not_picked":["Hologram+1","Barrage"],"picked":"Streamline","floor":28},{"not_picked":["Sweeping Beam","Lockon"],"picked":"Self Repair+1","floor":31}],"player_experience":74407,"relics_obtained":[{"floor":6,"key":"Orichalcum"},{"floor":8,"key":"Torii"},{"floor":9,"key":"Centennial Puzzle"},{"floor":10,"key":"MawBank"},{"floor":12,"key":"Tiny Chest"},{"floor":24,"key":"Frozen Egg 2"},{"floor":25,"key":"Unceasing Top"},{"floor":26,"key":"Vajra"},{"floor":27,"key":"Dodecahedron"}],"event_choices":[{"damage_healed":0,"gold_gain":0,"player_choice":"Entered Light","damage_taken":15,"max_hp_gain":0,"max_hp_loss":0,"event_name":"Shining Light","floor":2,"gold_loss":0,"cards_upgraded":["Strike_B","Survivor"]},{"cards_removed":["Zap"],"damage_healed":0,"gold_gain":0,"player_choice":"Card Removal","damage_taken":0,"max_hp_gain":0,"max_hp_loss":0,"event_name":"The Cleric","floor":3,"gold_loss":50},{"damage_healed":25,"gold_gain":0,"player_choice":"Heal","damage_taken":0,"max_hp_gain":0,"max_hp_loss":0,"event_name":"The Library","floor":19,"gold_loss":0},{"damage_healed":0,"gold_gain":0,"cards_transformed":["Rebound","Strike_G"],"player_choice":"Became Test Subject","damage_taken":0,"max_hp_gain":0,"max_hp_loss":0,"event_name":"Drug Dealer","floor":30,"gold_loss":0,"cards_obtained":["Fusion","Doom and Gloom"]}],"is_beta":false,"boss_relics":[{"not_picked":["Empty Cage","Velvet Choker"],"picked":"Coffee Dripper"}],"items_purged_floors":[],"is_endless":false,"potions_floor_spawned":[1,4,5,11,14,22,24],"killed_by":"Champ","ascension_level":0}