{"gold_per_floor":[113,132,82,142,156,156,188,200,235,44,71,87,262,273,273,273],"floor_reached":16,"playtime":305,"items_purged":[],"score":187,"play_id":"ec072722-ebb1-4a64-89f4-b8bb31a380ae","local_time":"20181019162757","is_ascension_mode":true,"campfire_choices":[{"data":"Whirlwind","floor":6,"key":"SMITH"},{"floor":8,"key":"REST"},{"floor":15,"key":"REST"}],"neow_cost":"NONE","seed_source_timestamp":772477019485896,"circlet_count":0,"master_deck":["Strike_R","Strike_R","Strike_R","Strike_R","Defend_R","Defend_R+1","Defend_R","Defend_R+1","Bash","AscendersBane","Hemokinesis","Whirlwind+1","Warcry","Rampage","Inflame","Blood for Blood","Flex","Inflame","Doubt","Dropkick"],"relics":["Burning Blood","NeowsBlessing","MawBank","Oddly Smooth Stone","War Paint"],"potions_floor_usage":[7,11],"damage_taken":[{"damage":0,"enemies":"2 Louse","floor":1,"turns":1},{"damage":0,"enemies":"Jaw Worm","floor":2,"turns":1},{"damage":0,"enemies":"Small Slimes","floor":5,"turns":1},{"damage":61,"enemies":"Lagavulin","floor":7,"turns":6},{"damage":27,"enemies":"3 Sentries","floor":11,"turns":5},{"damage":9,"enemies":"Red Slaver","floor":12,"turns":3},{"damage":0,"enemies":"3 Louse","floor":14,"turns":1},{"damage":48,"enemies":"The Guardian","floor":16,"turns":7}],"seed_played":"-2062571570410272967","potions_obtained":[{"floor":1,"key":"SmokeBomb"},{"floor":2,"key":"SkillPotion"}],"is_trial":false,"path_per_floor":["M","M","?","?","M","R","E","R","T","$","E","M","?","M","R"],"character_chosen":"IRONCLAD","items_purchased":["Inflame","Blood for Blood","Fire Potion"],"campfire_rested":2,"item_purchase_floors":[10,10,10],"current_hp_per_floor":[74,75,75,75,75,75,20,42,42,42,21,18,18,24,46,0],"gold":273,"neow_bonus":"THREE_ENEMY_KILL","is_prod":false,"is_daily":false,"chose_seed":false,"campfire_upgraded":1,"win_rate":0,"timestamp":1539991677,"path_taken":["M","M","?","?","M","R","E","R","T","$","E","M","?","?","R","BOSS"],"build_version":"2018-10-18","purchased_purges":0,"victory":false,"max_hp_per_floor":[75,75,75,75,75,75,75,75,75,75,75,75,75,75,75,75],"card_choices":[{"not_picked":["Rampage","Headbutt"],"picked":"Hemokinesis","floor":1},{"not_picked":["Sword Boomerang","Anger"],"picked":"Whirlwind","floor":2},{"not_picked":["Clash","Wild Strike"],"picked":"Warcry","floor":5},{"not_picked":["True Grit","Clash"],"picked":"Rampage","floor":7},{"not_picked":["Havoc","Wild Strike"],"picked":"Flex","floor":11},{"not_picked":["Cleave","Second Wind"],"picked":"Inflame","floor":12},{"not_picked":["Sentinel","Metallicize"],"picked":"Dropkick","floor":14}],"player_experience":560493,"relics_obtained":[{"floor":7,"key":"MawBank"},{"floor":9,"key":"Oddly Smooth Stone"},{"floor":11,"key":"War Paint"}],"event_choices":[{"cards_removed":["Strike_R"],"damage_healed":0,"gold_gain":0,"player_choice":"Card Removal","damage_taken":0,"max_hp_gain":0,"max_hp_loss":0,"event_name":"The Cleric","floor":3,"gold_loss":50},{"damage_healed":0,"gold_gain":60,"player_choice":"Gained Gold","damage_taken":0,"max_hp_gain":0,"max_hp_loss":0,"event_name":"Golden Wing","floor":4,"gold_loss":0},{"damage_healed":0,"gold_gain":175,"player_choice":"AGREE","damage_taken":0,"max_hp_gain":0,"max_hp_loss":0,"event_name":"Liars Game","floor":13,"gold_loss":0,"cards_obtained":["Doubt"]}],"is_beta":false,"boss_relics":[],"items_purged_floors":[],"is_endless":false,"potions_floor_spawned":[1,2],"killed_by":"The Guardian","ascension_level":14}