{"gold_per_floor":[114,189,208,228,228,228,242,242,265,293,293,326,346,378,378,378],"floor_reached":16,"playtime":1615,"items_purged":[],"score":192,"play_id":"ab6809f6-041d-4a1e-86eb-1fb5bebfe56b","local_time":"20190316142047","is_ascension_mode":true,"campfire_choices":[{"data":"Finisher","floor":6.0,"key":"SMITH"},{"data":"PiercingWail","floor":8.0,"key":"SMITH"},{"data":"Flying Knee","floor":11.0,"key":"SMITH"},{"data":"Footwork","floor":15,"key":"SMITH"}],"neow_cost":"NONE","seed_source_timestamp":0,"circlet_count":0,"master_deck":["AscendersBane","Defend_G","Defend_G","Defend_G","Defend_G","Defend_G","Strike_G","Strike_G","Strike_G","Strike_G","Strike_G","Survivor","Neutralize+1","Finisher+1","Heel Hook","PiercingWail+1","PiercingWail","Flying Knee+1","Footwork+1"],"special_seed":0,"relics":["Ring of the Snake","Orichalcum","Lantern","Blood Vial","Pantograph"],"potions_floor_usage":[14,14,16],"damage_taken":[{"damage":0.0,"enemies":"Jaw Worm","floor":1.0,"turns":5.0},{"damage":2.0,"enemies":"2 Louse","floor":3.0,"turns":4.0},{"damage":0.0,"enemies":"Small Slimes","floor":4.0,"turns":3.0},{"damage":0.0,"enemies":"2 Fungi Beasts","floor":7.0,"turns":5.0},{"damage":26.0,"enemies":"Gremlin Nob","floor":10.0,"turns":5.0},{"damage":10,"enemies":"3 Sentries","floor":12,"turns":12},{"damage":1,"enemies":"Red Slaver","floor":13,"turns":5},{"damage":8,"enemies":"Lagavulin","floor":14,"turns":5},{"damage":42,"enemies":"Hexaghost","floor":16,"turns":12}],"seed_played":"-6324946151279826325","potions_obtained":[{"floor":3.0,"key":"Fire Potion"},{"floor":12,"key":"AttackPotion"},{"floor":13,"key":"PowerPotion"},{"floor":14,"key":"Poison Potion"}],"is_trial":false,"path_per_floor":["M","?","M","M","?","R","M","R","T","E","R","E","M","E","R","B"],"character_chosen":"THE_SILENT","items_purchased":[],"campfire_rested":0,"item_purchase_floors":[],"current_hp_per_floor":[63,52,50,50,55,55,55,55,55,29,29,19,20,14,14,0],"gold":378,"neow_bonus":"UPGRADE_CARD","is_prod":false,"is_daily":false,"chose_seed":false,"campfire_upgraded":4,"win_rate":0,"timestamp":1552746047,"path_taken":["M","?","M","M","?","R","M","R","T","E","R","E","M","E","R","BOSS"],"build_version":"2019-01-23","purchased_purges":0,"victory":false,"max_hp_per_floor":[70,70,70,70,75,75,75,75,75,75,75,75,75,75,75,75],"card_choices":[{"not_picked":["Sucker Punch","Backflip"],"picked":"Finisher","floor":1.0},{"not_picked":["Footwork","Prepared"],"picked":"Heel Hook","floor":3.0},{"not_picked":["Tools of the Trade","Deflect"],"picked":"PiercingWail","floor":4.0},{"not_picked":["Dash","Slice"],"picked":"PiercingWail","floor":7.0},{"not_picked":["Heel Hook","PiercingWail"],"picked":"Flying Knee","floor":10.0},{"not_picked":["Calculated Gamble","Deadly Poison"],"picked":"Footwork","floor":12},{"not_picked":["Footwork","PiercingWail","Predator"],"picked":"SKIP","floor":13},{"not_picked":["Riddle With Holes","Deadly Poison","Bouncing Flask"],"picked":"SKIP","floor":14}],"player_experience":612328,"relics_obtained":[{"floor":9.0,"key":"Orichalcum"},{"floor":10.0,"key":"Lantern"},{"floor":12,"key":"Blood Vial"},{"floor":14,"key":"Pantograph"}],"event_choices":[{"damage_healed":0.0,"max_hp_gain":0.0,"max_hp_loss":0.0,"gold_gain":75.0,"event_name":"World of Goop","player_choice":"Gather Gold","floor":2.0,"gold_loss":0.0,"damage_taken":11.0},{"damage_healed":0.0,"max_hp_gain":5.0,"max_hp_loss":0.0,"gold_gain":0.0,"event_name":"Big Fish","player_choice":"Donut","floor":5.0,"gold_loss":0.0,"damage_taken":0.0}],"is_beta":false,"boss_relics":[],"items_purged_floors":[],"is_endless":false,"potions_floor_spawned":[3,12,13,14],"killed_by":"Hexaghost","ascension_level":12}