{"gold_per_floor":[114,129,144,159,159,189,189,204,279,38,53,83,98,113,113,213,213,240,267,294,381,408,450,477,489,526,538,475,490,40,139,139,239,239,254,269,282,282,297,312,312,312,312,40,40,40,55,70,70,70],"floor_reached":51,"playtime":4799,"items_purged":["Writhe","Pain"],"score":735,"play_id":"753bcb4c-0f82-4500-a570-6065df888b22","local_time":"20190216042824","daily_mods":["SealedDeck","ControlledChaos","Terminal"],"is_ascension_mode":false,"campfire_choices":[{"data":"Juggernaut","floor":7,"key":"SMITH"},{"data":"Corruption","floor":15,"key":"SMITH"},{"data":"Immolate","floor":25,"key":"SMITH"},{"data":"Armaments","floor":32,"key":"SMITH"},{"data":"Flame Barrier","floor":42,"key":"SMITH"},{"data":"Secret Technique","floor":45,"key":"SMITH"},{"data":"Metallicize","floor":49,"key":"SMITH"}],"neow_cost":"","seed_source_timestamp":0,"circlet_count":0,"master_deck":["Headbutt","Shrug It Off","Body Slam","Heavy Blade","Armaments+1","Headbutt","Armaments","Body Slam","Armaments","Shrug It Off","Body Slam","Iron Wave","Juggernaut+1","True Grit","Corruption+1","Second Wind","Good Instincts","Seeing Red+1","Metallicize+1","Inflame","Metallicize","Immolate+1","Clumsy","Headbutt","Metallicize+1","Metallicize+1","Seeing Red+1","Iron Wave+1","Metallicize","Dark Embrace","Pommel Strike+1","Uppercut","Immolate","Flame Barrier+1","Parasite","Seeing Red","Injury","Secret Technique+1","Feel No Pain","Flame Barrier+1"],"special_seed":17943,"relics":["Burning Blood","Frozen Eye","Sundial","Question Card","Pantograph","Calling Bell","MawBank","Paper Frog","Bird Faced Urn","Letter Opener","Oddly Smooth Stone","Lantern","Matryoshka","Lee\u0027s Waffle","Cursed Key","Dead Branch","Ornamental Fan","Kunai"],"potions_floor_usage":[16,16,16,24,24,33,37,40,50],"damage_taken":[{"damage":0,"enemies":"2 Louse","floor":1,"turns":2},{"damage":0,"enemies":"Jaw Worm","floor":2,"turns":3},{"damage":0,"enemies":"Cultist","floor":3,"turns":3},{"damage":1,"enemies":"3 Louse","floor":4,"turns":4},{"damage":3,"enemies":"3 Sentries","floor":6,"turns":5},{"damage":5,"enemies":"Exordium Thugs","floor":8,"turns":4},{"damage":0,"enemies":"Large Slime","floor":11,"turns":3},{"damage":23,"enemies":"Gremlin Nob","floor":12,"turns":4},{"damage":0,"enemies":"2 Fungi Beasts","floor":13,"turns":3},{"damage":5,"enemies":"Looter","floor":14,"turns":3},{"damage":32,"enemies":"The Guardian","floor":16,"turns":5},{"damage":15,"enemies":"3 Byrds","floor":18,"turns":4},{"damage":4,"enemies":"Chosen","floor":19,"turns":4},{"damage":22,"enemies":"Snake Plant","floor":20,"turns":6},{"damage":11,"enemies":"Centurion and Healer","floor":22,"turns":7},{"damage":27,"enemies":"Gremlin Leader","floor":23,"turns":7},{"damage":16,"enemies":"3 Cultists","floor":24,"turns":4},{"damage":2,"enemies":"Snecko","floor":29,"turns":4},{"damage":30,"enemies":"Champ","floor":33,"turns":14},{"damage":15,"enemies":"3 Darklings","floor":35,"turns":4},{"damage":3,"enemies":"Orb Walker","floor":36,"turns":5},{"damage":25,"enemies":"2 Orb Walkers","floor":37,"turns":5},{"damage":14,"enemies":"Spire Growth","floor":39,"turns":6},{"damage":11,"enemies":"Writhing Mass","floor":40,"turns":3},{"damage":6,"enemies":"Maw","floor":47,"turns":7},{"damage":20,"enemies":"4 Shapes","floor":48,"turns":3},{"damage":31,"enemies":"Time Eater","floor":50,"turns":14}],"seed_played":"2911605258430901299","potions_obtained":[{"floor":2,"key":"SpeedPotion"},{"floor":8,"key":"Weak Potion"},{"floor":12,"key":"Swift Potion"},{"floor":13,"key":"PowerPotion"},{"floor":16,"key":"Swift Potion"},{"floor":20,"key":"LiquidBronze"},{"floor":24,"key":"FearPotion"},{"floor":29,"key":"Regen Potion"},{"floor":33,"key":"SteroidPotion"},{"floor":35,"key":"GamblersBrew"},{"floor":39,"key":"LiquidBronze"}],"is_trial":false,"path_per_floor":["M","M","M","M","?","E","R","M","T","$","M","E","M","M","R","B",null,"M","M","M","?","M","E","M","R","T","?","$","M","$","?","R","B",null,"M","M","?","?","M","M","?","R","T","$","R","?","M","M","R","B",null],"character_chosen":"IRONCLAD","items_purchased":["Corruption","Second Wind","Good Instincts","Matryoshka","Lee\u0027s Waffle","Secret Technique"],"campfire_rested":0,"item_purchase_floors":[10,10,10,30,30,44],"current_hp_per_floor":[78,77,76,75,74,73,72,71,70,69,68,51,57,58,58,38,62,59,60,50,45,52,45,45,45,45,45,45,50,56,55,54,51,52,43,50,35,35,37,46,43,42,41,40,39,38,37,27,27,31],"gold":70,"neow_bonus":"","is_prod":false,"is_daily":true,"chose_seed":false,"campfire_upgraded":7,"win_rate":0,"timestamp":1550320104,"path_taken":["M","M","M","M","?","E","R","M","T","$","M","E","M","M","R","BOSS","M","M","M","?","?","E","M","R","T","?","?","M","$","?","R","BOSS","M","M","?","?","M","M","?","R","T","$","R","?","?","M","R","BOSS"],"build_version":"2019-01-23","purchased_purges":2,"victory":true,"max_hp_per_floor":[78,77,76,75,74,73,72,71,70,69,68,67,66,65,64,63,62,61,60,59,58,57,56,55,54,53,52,51,50,56,55,54,53,52,51,50,49,48,47,46,43,42,41,40,39,38,37,36,35,34],"card_choices":[{"not_picked":["Wild Strike","Cleave"],"picked":"Shrug It Off","floor":1},{"not_picked":["Shockwave","Searing Blow","Twin Strike"],"picked":"SKIP","floor":2},{"not_picked":["Power Through","Headbutt"],"picked":"Body Slam","floor":3},{"not_picked":["Perfected Strike","Clash"],"picked":"Iron Wave","floor":4},{"not_picked":["Battle Trance","Body Slam"],"picked":"Juggernaut","floor":6},{"not_picked":["Anger","Clothesline"],"picked":"True Grit","floor":8},{"not_picked":["Wild Strike","Warcry","Havoc"],"picked":"Seeing Red","floor":11},{"not_picked":["Intimidate","Pommel Strike","Thunderclap"],"picked":"Metallicize","floor":12},{"not_picked":["Clash","Whirlwind","Entrench"],"picked":"Inflame","floor":13},{"not_picked":["Blood for Blood","Rage","Reaper"],"picked":"Metallicize","floor":14},{"not_picked":["Fiend Fire","Exhume","Brutality"],"picked":"Immolate","floor":16},{"not_picked":["Pommel Strike","Evolve","Havoc"],"picked":"Headbutt","floor":18},{"not_picked":["Carnage","Heavy Blade","Warcry"],"picked":"Metallicize+1","floor":19},{"not_picked":["Heavy Blade","Wild Strike","Clash","Disarm"],"picked":"SKIP","floor":20},{"not_picked":["Anger","Heavy Blade+1","Clothesline+1"],"picked":"Metallicize+1","floor":22},{"not_picked":["Anger","Havoc","Shrug It Off"],"picked":"Seeing Red+1","floor":23},{"not_picked":["Body Slam","Wild Strike+1","Havoc"],"picked":"Iron Wave+1","floor":24},{"not_picked":["Blood for Blood","Clash","Cleave"],"picked":"Metallicize","floor":29},{"not_picked":["Berserk","Double Tap","Brutality"],"picked":"Dark Embrace","floor":33},{"not_picked":["Perfected Strike","Body Slam","Reckless Charge"],"picked":"Pommel Strike+1","floor":35},{"not_picked":["Body Slam+1","Power Through+1","Clothesline+1"],"picked":"Uppercut","floor":36},{"not_picked":["Havoc","Armaments","Flex+1"],"picked":"Immolate","floor":37},{"not_picked":["Rampage+1","Flex+1","Battle Trance"],"picked":"Flame Barrier","floor":39},{"not_picked":["Pommel Strike+1","Twin Strike","Clash+1"],"picked":"Seeing Red","floor":40},{"not_picked":["Bloodletting","Burning Pact","Carnage"],"picked":"Feel No Pain","floor":47},{"not_picked":["Perfected Strike","Cleave+1","Iron Wave"],"picked":"Flame Barrier+1","floor":48}],"player_experience":62482,"relics_obtained":[{"floor":6,"key":"Sundial"},{"floor":9,"key":"Question Card"},{"floor":12,"key":"Pantograph"},{"floor":17,"key":"MawBank"},{"floor":17,"key":"Paper Frog"},{"floor":17,"key":"Bird Faced Urn"},{"floor":23,"key":"Letter Opener"},{"floor":26,"key":"Oddly Smooth Stone"},{"floor":37,"key":"Dead Branch"},{"floor":43,"key":"Ornamental Fan"},{"floor":43,"key":"Kunai"}],"event_choices":[{"damage_healed":0,"gold_gain":0,"player_choice":"Leave","damage_taken":0,"max_hp_gain":0,"max_hp_loss":0,"event_name":"The Cleric","floor":5,"gold_loss":0},{"damage_healed":0,"gold_gain":75,"player_choice":"Touch","damage_taken":5,"max_hp_gain":0,"max_hp_loss":0,"event_name":"FaceTrader","floor":21,"gold_loss":0},{"damage_healed":0,"gold_gain":0,"player_choice":"Gave Potion","damage_taken":0,"relics_obtained":["Lantern"],"max_hp_gain":0,"max_hp_loss":0,"event_name":"WeMeetAgain","floor":27,"gold_loss":0},{"damage_healed":0,"gold_gain":99,"player_choice":"Stole From Cult","damage_taken":0,"max_hp_gain":0,"max_hp_loss":0,"event_name":"Nest","floor":31,"gold_loss":0},{"damage_healed":0,"gold_gain":0,"player_choice":"Fight","damage_taken":0,"max_hp_gain":0,"max_hp_loss":0,"event_name":"Mysterious Sphere","floor":37,"gold_loss":0},{"cards_removed":["Havoc"],"damage_healed":0,"gold_gain":0,"player_choice":"Removed Skill","damage_taken":0,"max_hp_gain":0,"max_hp_loss":0,"event_name":"Falling","floor":38,"gold_loss":0},{"damage_healed":0,"gold_gain":0,"player_choice":"Max HP","damage_taken":0,"max_hp_gain":0,"max_hp_loss":2,"event_name":"Winding Halls","floor":41,"gold_loss":0},{"damage_healed":0,"gold_gain":0,"player_choice":"Upgraded","damage_taken":0,"max_hp_gain":0,"max_hp_loss":0,"event_name":"Upgrade Shrine","floor":46,"gold_loss":0,"cards_upgraded":["Seeing Red"]}],"is_beta":false,"boss_relics":[{"not_picked":["Velvet Choker","Lizard Tail"],"picked":"Calling Bell"},{"not_picked":["Tiny House","Black Star"],"picked":"Cursed Key"}],"items_purged_floors":[28,44],"is_endless":false,"potions_floor_spawned":[2,8,12,13,16,20,24,29,33,35,39],"ascension_level":0}