{"gold_per_floor":[118,39,39,14,34,59,59,92,149,149,164,179,179,209,209,286,336,346,357,0,0,100,100,126,126,126,145,145,158,158,170,170,170],"floor_reached":33,"playtime":1225,"items_purged":["Strike_G"],"score":481,"play_id":"cd72e145-12fd-45db-8a21-04283939967b","local_time":"20181104122852","is_ascension_mode":true,"campfire_choices":[{"floor":7,"key":"REST"},{"floor":13,"key":"REST"},{"data":"Envenom","floor":15,"key":"SMITH"},{"data":"Malaise","floor":23,"key":"SMITH"},{"floor":25,"key":"DIG"},{"floor":28,"key":"REST"},{"floor":32,"key":"DIG"}],"neow_cost":"TEN_PERCENT_HP_LOSS","seed_source_timestamp":2143220159172264,"circlet_count":0,"master_deck":["AscendersBane","Defend_G","Defend_G","Defend_G","Defend_G","Defend_G","Strike_G","Strike_G","Strike_G","Strike_G","Survivor","Neutralize","Corpse Explosion","Flying Knee","Envenom+1","Slice","Bouncing Flask","Skewer+1","Blade Dance","Backflip","Catalyst","Endless Agony","After Image","Dodge and Roll","Sucker Punch","Malaise+1","Secret Weapon","Escape Plan","Dagger Throw","Acrobatics","Deflect","Blur"],"relics":["Ring of the Snake","Bottled Tornado","Dead Branch","Regal Pillow","Tiny Chest","Potion Belt","Tiny House","Shovel","Oddly Smooth Stone","Art of War","Torii"],"potions_floor_usage":[8,8,24,27,31],"damage_taken":[{"damage":9,"enemies":"Cultist","floor":1,"turns":5},{"damage":0,"enemies":"Small Slimes","floor":5,"turns":3},{"damage":20,"enemies":"Lagavulin","floor":6,"turns":7},{"damage":25,"enemies":"3 Sentries","floor":8,"turns":4},{"damage":7,"enemies":"2 Louse","floor":11,"turns":3},{"damage":11,"enemies":"Exordium Thugs","floor":12,"turns":4},{"damage":28,"enemies":"Gremlin Nob","floor":14,"turns":4},{"damage":12,"enemies":"Hexaghost","floor":16,"turns":6},{"damage":7,"enemies":"Chosen","floor":18,"turns":4},{"damage":0,"enemies":"3 Byrds","floor":19,"turns":4},{"damage":9,"enemies":"Book of Stabbing","floor":24,"turns":8},{"damage":22,"enemies":"Snake Plant","floor":27,"turns":5},{"damage":7,"enemies":"Snecko","floor":29,"turns":8},{"damage":0,"enemies":"3 Cultists","floor":31,"turns":3},{"damage":95,"enemies":"Champ","floor":33,"turns":13}],"seed_played":"4095341852941120387","potions_obtained":[{"floor":1,"key":"Regen Potion"},{"floor":5,"key":"Energy Potion"},{"floor":17,"key":"PowerPotion"},{"floor":19,"key":"Energy Potion"},{"floor":29,"key":"Weak Potion"}],"is_trial":false,"path_per_floor":["M","$","T","$","M","E","R","E","T","?","M","M","R","E","R","B",null,"M","M","$","?","?","R","E","R","T","M","R","M","?","M","R","B"],"character_chosen":"THE_SILENT","items_purchased":["Envenom","Slice","Secret Weapon","Escape Plan","Dagger Throw"],"campfire_rested":3,"item_purchase_floors":[2,4,20,20,20],"current_hp_per_floor":[50,50,50,50,50,30,48,32,32,52,45,34,60,32,32,20,55,48,48,48,48,48,48,39,39,39,17,51,44,65,65,65,0],"gold":170,"neow_bonus":"THREE_RARE_CARDS","is_prod":false,"is_daily":false,"chose_seed":false,"campfire_upgraded":2,"win_rate":0,"timestamp":1541363332,"path_taken":["M","$","?","?","M","E","R","E","T","?","M","M","R","E","R","BOSS","M","M","$","?","?","R","E","R","T","?","R","M","?","M","R","BOSS"],"build_version":"2018-11-01","purchased_purges":1,"victory":false,"max_hp_per_floor":[60,60,60,60,60,60,60,60,60,60,60,60,60,60,60,60,65,65,65,65,65,65,65,65,65,65,65,65,65,65,65,65,65],"card_choices":[{"not_picked":["Tools of the Trade","Bullet Time"],"picked":"Corpse Explosion","floor":0},{"not_picked":["Bane","Distraction"],"picked":"Flying Knee","floor":1},{"not_picked":["Prepared","Masterful Stab"],"picked":"Bouncing Flask","floor":5},{"not_picked":["All Out Attack","Poisoned Stab"],"picked":"Skewer","floor":6},{"not_picked":["Flechettes","Outmaneuver"],"picked":"Blade Dance","floor":8},{"not_picked":["Deadly Poison","Prepared"],"picked":"Backflip","floor":11},{"not_picked":["Poisoned Stab","Backstab"],"picked":"Catalyst","floor":12},{"not_picked":["Bane","PiercingWail"],"picked":"Endless Agony","floor":14},{"not_picked":["Bullet Time","Burst"],"picked":"After Image","floor":16},{"not_picked":["Deadly Poison","Backflip"],"picked":"Dodge and Roll","floor":17},{"not_picked":["All Out Attack","Choke"],"picked":"Sucker Punch","floor":18},{"not_picked":["Flechettes+1","Terror"],"picked":"Malaise","floor":19},{"not_picked":["Terror","Concentrate"],"picked":"Acrobatics","floor":24},{"not_picked":["Distraction","Poisoned Stab"],"picked":"Deflect","floor":27},{"not_picked":["Crippling Poison","Underhanded Strike+1"],"picked":"Blur","floor":29},{"not_picked":["Predator","Dagger Spray","Finisher"],"picked":"SKIP","floor":31}],"player_experience":853666,"relics_obtained":[{"floor":3,"key":"Bottled Tornado"},{"floor":6,"key":"Dead Branch"},{"floor":8,"key":"Regal Pillow"},{"floor":9,"key":"Tiny Chest"},{"floor":14,"key":"Potion Belt"},{"floor":24,"key":"Shovel"},{"floor":25,"key":"Oddly Smooth Stone"},{"floor":26,"key":"Art of War"},{"floor":32,"key":"Torii"}],"event_choices":[{"damage_healed":20,"gold_gain":0,"player_choice":"Banana","damage_taken":0,"max_hp_gain":0,"max_hp_loss":0,"event_name":"Big Fish","floor":10,"gold_loss":0},{"damage_healed":0,"gold_gain":0,"player_choice":"Ignored","damage_taken":0,"max_hp_gain":0,"max_hp_loss":0,"event_name":"Ghosts","floor":21,"gold_loss":0},{"damage_healed":0,"gold_gain":100,"player_choice":"Pray","damage_taken":0,"max_hp_gain":0,"max_hp_loss":0,"event_name":"Golden Shrine","floor":22,"gold_loss":0},{"damage_healed":21,"gold_gain":0,"player_choice":"Heal","damage_taken":0,"max_hp_gain":0,"max_hp_loss":0,"event_name":"The Library","floor":30,"gold_loss":0}],"is_beta":false,"boss_relics":[{"not_picked":["Busted Crown","Fusion Hammer"],"picked":"Tiny House"}],"items_purged_floors":[20],"is_endless":false,"potions_floor_spawned":[1,5,19,29],"killed_by":"Champ","ascension_level":14}