{"gold_per_floor":[119,119,136,149,23,23,58,58,58,89,89,89],"floor_reached":12,"playtime":521,"items_purged":["Regret"],"score":163,"play_id":"7e7d9eb1-0db5-4cb5-98d0-3678fe964ee9","local_time":"20190413153047","is_ascension_mode":true,"campfire_choices":[{"data":"Zap","floor":6,"key":"SMITH"},{"data":"Dualcast","floor":8,"key":"SMITH"}],"neow_cost":"NONE","seed_source_timestamp":109708556863710,"circlet_count":0,"master_deck":["AscendersBane","Strike_B","Strike_B","Strike_B","Strike_B","Defend_B","Defend_B","Defend_B","Defend_B","Zap+1","Dualcast+1","Compile Driver","Ball Lightning","Ball Lightning","Barrage","Doom and Gloom","White Noise"],"relics":["Cracked Core","Cables","Pen Nib","Bottled Flame","Kunai","Ice Cream"],"potions_floor_usage":[7],"damage_taken":[{"damage":1,"enemies":"Cultist","floor":1,"turns":4},{"damage":7,"enemies":"Jaw Worm","floor":3,"turns":2},{"damage":12,"enemies":"Small Slimes","floor":4,"turns":3},{"damage":20,"enemies":"3 Sentries","floor":7,"turns":4},{"damage":30,"enemies":"Lagavulin","floor":10,"turns":4},{"damage":6,"enemies":"2 Fungi Beasts","floor":12,"turns":1}],"seed_played":"-3667222771497881795","potions_obtained":[{"floor":3,"key":"Strength Potion"}],"is_trial":false,"path_per_floor":["M","?","M","M","$","R","E","R","T","E","T","M"],"character_chosen":"DEFECT","items_purchased":["Barrage"],"campfire_rested":0,"item_purchase_floors":[5],"current_hp_per_floor":[70,70,63,51,51,51,31,31,31,1,1,0],"gold":89,"neow_bonus":"TEN_PERCENT_HP_BONUS","is_prod":false,"is_daily":false,"chose_seed":false,"campfire_upgraded":2,"win_rate":0,"timestamp":1555165847,"path_taken":["M","?","M","M","$","R","E","R","T","E","?","?"],"build_version":"2019-01-23","purchased_purges":1,"victory":false,"max_hp_per_floor":[78,78,78,78,78,78,78,78,78,78,78,78],"card_choices":[{"not_picked":["Redo","Stack"],"picked":"Compile Driver","floor":1},{"not_picked":["Sweeping Beam","Steam"],"picked":"Ball Lightning","floor":3},{"not_picked":["Go for the Eyes","Gash"],"picked":"Ball Lightning","floor":4},{"not_picked":["Streamline","Rip and Tear"],"picked":"Doom and Gloom","floor":7},{"not_picked":["Lockon","Hologram"],"picked":"White Noise","floor":10}],"player_experience":1063031,"relics_obtained":[{"floor":7,"key":"Pen Nib"},{"floor":9,"key":"Bottled Flame"},{"floor":10,"key":"Kunai"},{"floor":11,"key":"Ice Cream"}],"event_choices":[{"damage_healed":0,"gold_gain":0,"player_choice":"Box","damage_taken":0,"relics_obtained":["Cables"],"max_hp_gain":0,"max_hp_loss":0,"event_name":"Big Fish","floor":2,"gold_loss":0,"cards_obtained":["Regret"]}],"is_beta":false,"boss_relics":[],"items_purged_floors":[5],"is_endless":false,"potions_floor_spawned":[3],"killed_by":"2 Fungi Beasts","ascension_level":18}