{"gold_per_floor":[115,115,129,143,143,143,12,37,37,37,3,3,35,35,35,140,140,150,150,169,187,187,187,205,225,276,276,306,306,306],"floor_reached":30,"playtime":751,"items_purged":[],"score":282,"play_id":"460ac0ea-d9e0-4a8d-a311-b86a5bbeda22","local_time":"20181014142737","is_ascension_mode":true,"campfire_choices":[{"data":"Zap","floor":6,"key":"SMITH"},{"data":"Dualcast","floor":10,"key":"SMITH"},{"data":"Scrape","floor":15,"key":"SMITH"},{"floor":23,"key":"REST"},{"floor":27,"key":"REST"}],"neow_cost":"NONE","seed_source_timestamp":332810990789966,"circlet_count":0,"master_deck":["Strike_B+1","Strike_B+1","Strike_B+1","Strike_B+1","Defend_B+1","Defend_B+1","Defend_B+1","Defend_B+1","Zap+1","Dualcast+1","Redo+1","Stack","Rip and Tear","Impatience","Scrape+1","Auto Shields","Capacitor+1","Redo+1","Echo Form+1","Beam Cell","Defragment+1","Stack+1","Defragment+1","Conserve Battery","Scrape+1","Redo"],"relics":["Cracked Core","Ancient Tea Set","Pear","Frozen Egg 2","Bottled Flame","Nuclear Battery","War Paint","Bag of Preparation","Shuriken"],"potions_floor_usage":[8,16,25,28],"damage_taken":[{"damage":1,"enemies":"Cultist","floor":1,"turns":3},{"damage":5,"enemies":"Small Slimes","floor":3,"turns":3},{"damage":0,"enemies":"Jaw Worm","floor":4,"turns":3},{"damage":8,"enemies":"3 Sentries","floor":8,"turns":5},{"damage":18,"enemies":"Gremlin Nob","floor":13,"turns":3},{"damage":23,"enemies":"Hexaghost","floor":16,"turns":9},{"damage":14,"enemies":"3 Byrds","floor":18,"turns":4},{"damage":28,"enemies":"Shell Parasite","floor":20,"turns":5},{"damage":21,"enemies":"Snake Plant","floor":21,"turns":4},{"damage":23,"enemies":"Centurion and Healer","floor":24,"turns":6},{"damage":21,"enemies":"Snecko","floor":25,"turns":5},{"damage":13,"enemies":"Book of Stabbing","floor":28,"turns":5},{"damage":18,"enemies":"3 Cultists","floor":30,"turns":2}],"seed_played":"3221766023178829029","potions_obtained":[{"floor":3,"key":"Block Potion"},{"floor":5,"key":"Explosive Potion"},{"floor":5,"key":"Energy Potion"},{"floor":20,"key":"SpeedPotion"},{"floor":24,"key":"SkillPotion"}],"is_trial":false,"path_per_floor":["M","?","M","M","?","R","$","E","T","R","$","$","E","?","R","B",null,"M","?","M","M","?","R","M","M","T","R","E","?"],"character_chosen":"DEFECT","items_purchased":["Impatience","Scrape","Capacitor+1"],"campfire_rested":2,"item_purchase_floors":[7,7,11],"current_hp_per_floor":[74,74,69,69,69,69,69,71,71,71,71,71,53,53,53,30,85,71,71,43,22,22,47,24,3,3,28,15,15,0],"gold":306,"neow_bonus":"RANDOM_COMMON_RELIC","is_prod":false,"is_daily":false,"chose_seed":false,"campfire_upgraded":3,"win_rate":0,"timestamp":1539552457,"path_taken":["M","?","M","M","?","R","$","E","T","R","?","$","E","?","R","BOSS","M","?","M","M","?","R","M","M","T","R","E","?","M"],"build_version":"2018-10-11","purchased_purges":0,"victory":false,"max_hp_per_floor":[75,75,75,75,75,75,75,85,85,85,85,85,85,85,85,85,85,85,85,85,85,85,85,85,85,85,85,85,85,85],"card_choices":[{"not_picked":["Coolheaded","Hologram"],"picked":"Redo","floor":1},{"not_picked":["Heatsinks","Consume"],"picked":"Stack","floor":3},{"not_picked":["Tempest","Compile Driver"],"picked":"Rip and Tear","floor":4},{"not_picked":["Amplify","Sweeping Beam"],"picked":"Auto Shields","floor":8},{"not_picked":["FTL","Turbo"],"picked":"Redo","floor":13},{"not_picked":["Creative AI+1","All For One"],"picked":"Echo Form+1","floor":16},{"not_picked":["Rebound","Aggregate"],"picked":"Beam Cell","floor":18},{"not_picked":["Rip and Tear","Turbo+1"],"picked":"Stack+1","floor":20},{"not_picked":["Sweeping Beam","Conserve Battery"],"picked":"Defragment+1","floor":21},{"not_picked":["Hologram","Gash+1"],"picked":"Conserve Battery","floor":24},{"not_picked":["Stack+1","Conserve Battery"],"picked":"Scrape+1","floor":25},{"not_picked":["Aggregate+1","Hologram"],"picked":"Redo","floor":28}],"player_experience":499520,"relics_obtained":[{"floor":8,"key":"Pear"},{"floor":9,"key":"Frozen Egg 2"},{"floor":13,"key":"Bottled Flame"},{"floor":26,"key":"Bag of Preparation"},{"floor":28,"key":"Shuriken"}],"event_choices":[{"event_name":"Living Wall","player_choice":"Grow","floor":2,"damage_taken":0},{"event_name":"The Lab","player_choice":"Got Potions","floor":5,"damage_taken":0},{"event_name":"Accursed Blacksmith","player_choice":"Forge","floor":14,"damage_taken":0},{"event_name":"The Library","player_choice":"Read","floor":19,"damage_taken":0},{"event_name":"The Mausoleum","player_choice":"Yes","floor":22,"damage_taken":0},{"event_name":"Back to Basics","player_choice":"Simplicity","floor":29,"damage_taken":0}],"is_beta":false,"boss_relics":[{"not_picked":["Empty Cage","Black Star"],"picked":"Nuclear Battery"}],"items_purged_floors":[],"is_endless":false,"potions_floor_spawned":[3,20,24],"killed_by":"3 Cultists","ascension_level":2}