{"gold_per_floor":[117,117,127,141,141,172,97,97,97,127,127,152,152,164,164,242,242,262,262,162,176,192,220,220,232,255,255,255,255,281,297,297,370,370,381,391,408,41,41,41,0,0,0,19,19,52,66,91,91,91],"floor_reached":51,"playtime":8397,"items_purged":["Strike_B","Strike_B","Strike_B"],"score":1647,"play_id":"3a3a8647-5553-4c0c-bfcd-f52434ae11ab","local_time":"20190412161337","is_ascension_mode":true,"campfire_choices":[{"data":"Buffer","floor":8,"key":"SMITH"},{"floor":11,"key":"REST"},{"data":"Coolheaded","floor":15,"key":"SMITH"},{"data":"Consume","floor":24,"key":"SMITH"},{"data":"Capacitor","floor":29,"key":"SMITH"},{"data":"Rainbow","floor":32,"key":"SMITH"},{"data":"Capacitor","floor":40,"key":"SMITH"},{"data":"Barrage","floor":42,"key":"SMITH"},{"data":"Skim","floor":45,"key":"SMITH"},{"data":"Defragment","floor":49,"key":"SMITH"}],"neow_cost":"NONE","seed_source_timestamp":17984118995540,"circlet_count":0,"master_deck":["AscendersBane","Strike_B","Defend_B","Defend_B","Defend_B","Defend_B","Zap+1","Dualcast","Buffer+1","Cold Snap","Glacier","Capacitor+1","Cold Snap","Barrage+1","Ball Lightning","Hologram","Coolheaded+1","Stack","Self Repair","Consume+1","Cold Snap+1","Rainbow+1","Core Surge","Sunder","Hologram","Hologram+1","Core Surge","Capacitor+1","Skim+1","Defragment+1","Thunder Strike"],"relics":["Cracked Core","Matryoshka","Ancient Tea Set","Prayer Wheel","Orichalcum","Mercury Hourglass","Snecko Eye","Darkstone Periapt","Blood Vial","Juzu Bracelet","MutagenicStrength","Bag of Preparation","Sozu","Happy Flower","Red Mask","Dodecahedron","Lantern","Gambling Chip"],"potions_floor_usage":[3,5,6,21,22,30],"damage_taken":[{"damage":0,"enemies":"2 Louse","floor":1,"turns":3},{"damage":0,"enemies":"Cultist","floor":3,"turns":3},{"damage":1,"enemies":"Jaw Worm","floor":4,"turns":4},{"damage":0,"enemies":"Exordium Thugs","floor":5,"turns":1},{"damage":30,"enemies":"Gremlin Nob","floor":6,"turns":7},{"damage":19,"enemies":"3 Sentries","floor":10,"turns":11},{"damage":0,"enemies":"Lagavulin","floor":12,"turns":9},{"damage":0,"enemies":"2 Fungi Beasts","floor":14,"turns":3},{"damage":0,"enemies":"The Guardian","floor":16,"turns":13},{"damage":1,"enemies":"3 Byrds","floor":18,"turns":4},{"damage":1,"enemies":"Shell Parasite","floor":21,"turns":7},{"damage":7,"enemies":"Snake Plant","floor":22,"turns":5},{"damage":26,"enemies":"Book of Stabbing","floor":23,"turns":10},{"damage":0,"enemies":"Centurion and Healer","floor":25,"turns":6},{"damage":18,"enemies":"Slavers","floor":30,"turns":5},{"damage":0,"enemies":"Snecko","floor":31,"turns":5},{"damage":0,"enemies":"Champ","floor":33,"turns":9},{"damage":1,"enemies":"Orb Walker","floor":35,"turns":5},{"damage":2,"enemies":"3 Shapes","floor":36,"turns":5},{"damage":0,"enemies":"Maw","floor":37,"turns":7},{"damage":0,"enemies":"Sphere and 2 Shapes","floor":44,"turns":3},{"damage":0,"enemies":"Giant Head","floor":46,"turns":7},{"damage":0,"enemies":"Jaw Worm Horde","floor":47,"turns":3},{"damage":0,"enemies":"Reptomancer","floor":48,"turns":5},{"damage":12,"enemies":"Time Eater","floor":50,"turns":11}],"seed_played":"-5183115158530049344","potions_obtained":[{"floor":2,"key":"SmokeBomb"},{"floor":2,"key":"Fruit Juice"},{"floor":3,"key":"FearPotion"},{"floor":14,"key":"Weak Potion"},{"floor":18,"key":"AttackPotion"},{"floor":23,"key":"Block Potion"},{"floor":33,"key":"FearPotion"}],"is_trial":false,"path_per_floor":["M","?","M","M","M","E","$","R","T","E","R","E","?","M","R","B",null,"M","?","$","M","M","E","R","M","T","?","?","R","E","M","R","B",null,"M","M","M","$","?","R","?","R","T","M","R","E","M","E","R","B",null],"character_chosen":"DEFECT","items_purchased":["Happy Flower","Capacitor"],"campfire_rested":1,"item_purchase_floors":[38,38],"current_hp_per_floor":[64,64,69,68,68,38,38,38,38,19,41,41,41,41,41,41,67,66,66,66,72,72,53,53,60,60,60,60,60,51,53,53,62,73,76,76,76,76,72,72,72,72,72,72,72,72,72,72,72,67],"gold":91,"neow_bonus":"ONE_RANDOM_RARE_CARD","is_prod":false,"is_daily":false,"chose_seed":false,"campfire_upgraded":9,"win_rate":0,"timestamp":1555082017,"path_taken":["M","?","M","M","?","E","$","R","T","E","R","E","?","M","R","BOSS","M","?","$","M","M","E","R","M","T","?","?","R","E","M","R","BOSS","M","M","M","$","?","R","?","R","T","M","R","E","M","E","R","BOSS"],"build_version":"2019-01-23","purchased_purges":3,"victory":true,"max_hp_per_floor":[71,71,76,76,76,76,76,76,76,76,76,76,76,76,76,76,76,76,76,76,76,76,76,76,76,76,76,76,76,76,76,76,76,76,76,76,76,76,72,72,72,72,72,72,72,72,72,72,72,72],"card_choices":[{"not_picked":["Barrage","Leap"],"picked":"Cold Snap","floor":1},{"not_picked":["Gash","FTL"],"picked":"Glacier","floor":3},{"not_picked":["Stack","Barrage"],"picked":"Capacitor","floor":4},{"not_picked":["Double Energy","Rebound"],"picked":"Cold Snap","floor":6},{"not_picked":["Melter","Rebound"],"picked":"Barrage","floor":10},{"not_picked":["Coolheaded","Meteor Strike"],"picked":"Ball Lightning","floor":12},{"not_picked":["Rip and Tear","Gash"],"picked":"Hologram","floor":14},{"not_picked":["Undo","Hologram"],"picked":"Coolheaded","floor":14},{"not_picked":["Barrage","Rebound"],"picked":"Stack","floor":18},{"not_picked":["Genetic Algorithm","Doom and Gloom+1"],"picked":"Self Repair","floor":18},{"not_picked":["Redo","Steam"],"picked":"Cold Snap+1","floor":21},{"not_picked":["Force Field","Stack","Reprogram"],"picked":"SKIP","floor":21},{"not_picked":["Auto Shields+1","Rebound"],"picked":"Rainbow","floor":22},{"not_picked":["Compile Driver","Scrape","Steam"],"picked":"SKIP","floor":22},{"not_picked":["Leap","Barrage"],"picked":"Core Surge","floor":23},{"not_picked":["FTL","Coolheaded"],"picked":"Sunder","floor":25},{"not_picked":["Genetic Algorithm","Redo","Beam Cell"],"picked":"SKIP","floor":25},{"not_picked":["Doom and Gloom","Stack","Double Energy"],"picked":"SKIP","floor":30},{"not_picked":["Barrage","Turbo"],"picked":"Hologram","floor":31},{"not_picked":["Go for the Eyes+1","BootSequence"],"picked":"Hologram+1","floor":31},{"not_picked":["Buffer","All For One"],"picked":"Core Surge","floor":33},{"not_picked":["Melter","Force Field","Beam Cell"],"picked":"SKIP","floor":35},{"not_picked":["Steam Power+1","Coolheaded+1","Cold Snap"],"picked":"SKIP","floor":35},{"not_picked":["Rebound","Streamline","Hologram"],"picked":"SKIP","floor":36},{"not_picked":["Reinforced Body","Hologram","Conserve Battery"],"picked":"SKIP","floor":36},{"not_picked":["Coolheaded","Glacier","Core Surge"],"picked":"SKIP","floor":37},{"not_picked":["Reinforced Body","Stack","Reprogram"],"picked":"SKIP","floor":37},{"not_picked":["Coolheaded","Conserve Battery+1"],"picked":"Skim","floor":44},{"not_picked":["Sunder","Storm+1","Doom and Gloom"],"picked":"SKIP","floor":44},{"not_picked":["Conserve Battery","Turbo"],"picked":"Defragment","floor":46},{"not_picked":["Sweeping Beam+1","Leap+1","BootSequence+1"],"picked":"SKIP","floor":47},{"not_picked":["Leap","Turbo","Streamline"],"picked":"SKIP","floor":47},{"not_picked":["Reprogram+1","Compile Driver"],"picked":"Thunder Strike","floor":48}],"player_experience":1036675,"relics_obtained":[{"floor":6,"key":"Matryoshka"},{"floor":9,"key":"Ancient Tea Set"},{"floor":9,"key":"Prayer Wheel"},{"floor":10,"key":"Orichalcum"},{"floor":12,"key":"Mercury Hourglass"},{"floor":23,"key":"Darkstone Periapt"},{"floor":26,"key":"Blood Vial"},{"floor":26,"key":"Juzu Bracelet"},{"floor":30,"key":"Bag of Preparation"},{"floor":43,"key":"Dodecahedron"},{"floor":46,"key":"Lantern"},{"floor":48,"key":"Gambling Chip"}],"event_choices":[{"damage_healed":0,"gold_gain":0,"player_choice":"Got Potions","damage_taken":0,"max_hp_gain":0,"max_hp_loss":0,"event_name":"Lab","floor":2,"gold_loss":0},{"damage_healed":0,"gold_gain":0,"player_choice":"Forge","damage_taken":0,"max_hp_gain":0,"max_hp_loss":0,"event_name":"Accursed Blacksmith","floor":13,"gold_loss":0,"cards_upgraded":["Zap"]},{"damage_healed":0,"gold_gain":0,"player_choice":"Read","damage_taken":0,"max_hp_gain":0,"max_hp_loss":0,"event_name":"The Library","floor":19,"gold_loss":0,"cards_obtained":["Consume"]},{"damage_healed":0,"gold_gain":0,"player_choice":"0 cards matched","damage_taken":0,"max_hp_gain":0,"max_hp_loss":0,"event_name":"Match and Keep!","floor":27,"gold_loss":0,"cards_obtained":[]},{"damage_healed":0,"gold_gain":0,"player_choice":"Inject Mutagens","damage_taken":0,"relics_obtained":["MutagenicStrength"],"max_hp_gain":0,"max_hp_loss":0,"event_name":"Drug Dealer","floor":28,"gold_loss":0},{"damage_healed":0,"gold_gain":0,"player_choice":"Max HP","damage_taken":0,"max_hp_gain":0,"max_hp_loss":4,"event_name":"Winding Halls","floor":39,"gold_loss":0},{"damage_healed":0,"gold_gain":0,"player_choice":"Paid","damage_taken":0,"relics_obtained":["Red Mask"],"max_hp_gain":0,"max_hp_loss":0,"event_name":"Tomb of Lord Red Mask","floor":41,"gold_loss":41}],"is_beta":false,"boss_relics":[{"not_picked":["Runic Dome","Velvet Choker"],"picked":"Snecko Eye"},{"not_picked":["Lizard Tail","Busted Crown"],"picked":"Sozu"}],"items_purged_floors":[7,20,38],"is_endless":false,"potions_floor_spawned":[3,5,14,18,23,33,36,47],"ascension_level":17}