{"gold_per_floor":[111,111,83,99,114,148,168,197,197,197,197,212,242,301,301,373,373,386,415,433,433,81,115,134,134,188,198,224,224,224,122,122,196,196,211,25,25,35,49,78,36,36],"floor_reached":42,"playtime":4443,"items_purged":["Writhe","Strike_B","Strike_B"],"score":916,"play_id":"4fcec9b5-69b9-4a06-95ed-04a4d7212c3c","local_time":"20190410214406","is_ascension_mode":true,"campfire_choices":[{"floor":11.0,"key":"REST"},{"floor":15.0,"key":"REST"},{"data":"Apotheosis","floor":25.0,"key":"SMITH"},{"data":"Electrodynamics","floor":29.0,"key":"SMITH"},{"data":"Panacea","floor":32.0,"key":"SMITH"}],"neow_cost":"NONE","seed_source_timestamp":0,"circlet_count":0,"master_deck":["AscendersBane","Strike_B","Strike_B","Defend_B","Defend_B","Defend_B","Defend_B","Zap","Dualcast","Streamline+1","Ball Lightning","Coolheaded","BootSequence","Hologram","Glacier","Conserve Battery","Electrodynamics+1","Conserve Battery+1","Beam Cell+1","Panacea+1","Apotheosis+1","Tempest","Seek","Storm","Stack","Creative AI","Cold Snap+1","Flash of Steel+1","Defragment"],"special_seed":0,"relics":["Runic Pyramid","Pantograph","Pen Nib","The Courier","Gambling Chip","Nuclear Battery","Red Mask","MawBank","Molten Egg 2","Bag of Marbles","Bottled Tornado","MutagenicStrength","Eternal Feather","Darkstone Periapt"],"potions_floor_usage":[42],"damage_taken":[{"damage":8.0,"enemies":"2 Louse","floor":1.0,"turns":3.0},{"damage":1.0,"enemies":"Cultist","floor":4.0,"turns":3.0},{"damage":7.0,"enemies":"Jaw Worm","floor":5.0,"turns":2.0},{"damage":21.0,"enemies":"3 Sentries","floor":6.0,"turns":6.0},{"damage":1.0,"enemies":"Large Slime","floor":7.0,"turns":4.0},{"damage":16.0,"enemies":"Lagavulin","floor":8.0,"turns":6.0},{"damage":2.0,"enemies":"Looter","floor":12.0,"turns":3.0},{"damage":17.0,"enemies":"Gremlin Nob","floor":13.0,"turns":5.0},{"damage":3.0,"enemies":"The Guardian","floor":16.0,"turns":12.0},{"damage":5.0,"enemies":"Chosen","floor":18.0,"turns":4.0},{"damage":0.0,"enemies":"Masked Bandits","floor":19.0,"turns":3.0},{"damage":0.0,"enemies":"2 Thieves","floor":20.0,"turns":4.0},{"damage":0.0,"enemies":"Slavers","floor":23.0,"turns":6.0},{"damage":0.0,"enemies":"Sentry and Sphere","floor":24.0,"turns":3.0},{"damage":3.0,"enemies":"Cultist and Chosen","floor":27.0,"turns":5.0},{"damage":6.0,"enemies":"Book of Stabbing","floor":28.0,"turns":5.0},{"damage":23.0,"enemies":"Champ","floor":33.0,"turns":11.0},{"damage":3.0,"enemies":"Orb Walker","floor":35.0,"turns":4.0},{"damage":0.0,"enemies":"3 Shapes","floor":38.0,"turns":2.0},{"damage":25.0,"enemies":"Writhing Mass","floor":39.0,"turns":6.0},{"damage":15.0,"enemies":"Nemesis","floor":40.0,"turns":11.0},{"damage":46,"enemies":"Giant Head","floor":42,"turns":6}],"seed_played":"3307244962859864379","potions_obtained":[{"floor":1.0,"key":"SteroidPotion"},{"floor":5.0,"key":"SteroidPotion"},{"floor":8.0,"key":"Fire Potion"},{"floor":18.0,"key":"PowerPotion"},{"floor":27.0,"key":"Regen Potion"},{"floor":35.0,"key":"Fruit Juice"},{"floor":40.0,"key":"SteroidPotion"}],"is_trial":false,"path_per_floor":["M","?","$","M","M","E","M","E","T","?","R","M","E","?","R","B",null,"M","?","M","?","$","E","M","R","T","M","E","R","?","$","R","B",null,"M","$","?","M","M","E","$","E"],"character_chosen":"DEFECT","items_purchased":["Ball Lightning","Panacea","Apotheosis","Tempest","Stack","Flash of Steel+1","Strength Potion"],"campfire_rested":2,"item_purchase_floors":[3,22,22,22,31,36,41],"current_hp_per_floor":[56,56,56,55,48,27,26,10,10,10,31,29,12,12,33,55,67,62,62,62,62,62,62,62,62,62,59,53,53,53,53,53,48,65,62,62,62,62,54,39,39,0],"gold":36,"neow_bonus":"BOSS_RELIC","is_prod":false,"is_daily":false,"chose_seed":false,"campfire_upgraded":3,"win_rate":0,"timestamp":1554929046,"path_taken":["M","?","$","M","?","E","M","E","T","?","R","M","E","?","R","BOSS","M","?","M","?","$","E","M","R","T","M","E","R","?","$","R","BOSS","M","$","?","M","M","E","$","E"],"build_version":"2019-01-23","purchased_purges":3,"victory":false,"max_hp_per_floor":[71,71,71,71,71,71,71,71,71,71,71,71,71,71,71,71,71,71,71,71,71,71,71,71,71,71,71,71,71,71,71,71,71,71,71,71,71,71,76,76,76,76],"card_choices":[{"not_picked":["Hello World","Tempest"],"picked":"Streamline","floor":1.0},{"not_picked":["Redo","Streamline","Double Energy"],"picked":"SKIP","floor":4.0},{"not_picked":["Tempest","Compile Driver"],"picked":"Coolheaded","floor":5.0},{"not_picked":["Recycle","Doom and Gloom"],"picked":"BootSequence","floor":6.0},{"not_picked":["Beam Cell","Sweeping Beam","Gash"],"picked":"SKIP","floor":7.0},{"not_picked":["Turbo","Barrage"],"picked":"Hologram","floor":8.0},{"not_picked":["Consume","Leap"],"picked":"Glacier","floor":12.0},{"not_picked":["Ball Lightning","Machine Learning"],"picked":"Conserve Battery","floor":13.0},{"not_picked":["Biased Cognition","Core Surge"],"picked":"Electrodynamics","floor":16.0},{"not_picked":["Rebound","Ball Lightning"],"picked":"Conserve Battery+1","floor":18.0},{"not_picked":["Hello World","Sweeping Beam"],"picked":"Beam Cell+1","floor":20.0},{"not_picked":["Fusion","Heatsinks","Hello World+1"],"picked":"SKIP","floor":23.0},{"not_picked":["Hologram+1","Rip and Tear+1"],"picked":"Seek","floor":24.0},{"not_picked":["Sweeping Beam+1","Skim"],"picked":"Storm","floor":27.0},{"not_picked":["Blizzard+1","Streamline+1","Ball Lightning+1"],"picked":"SKIP","floor":28.0},{"not_picked":["Machine Learning","Seek"],"picked":"Creative AI","floor":33.0},{"not_picked":["Ball Lightning+1","Redo"],"picked":"Cold Snap+1","floor":35.0},{"not_picked":["Coolheaded+1","Reinforced Body"],"picked":"Defragment","floor":38.0},{"not_picked":["Compile Driver+1","Reprogram","Sunder+1"],"picked":"SKIP","floor":39.0},{"not_picked":["Turbo","Stack+1","Aggregate"],"picked":"SKIP","floor":40.0}],"player_experience":986392,"relics_obtained":[{"floor":6.0,"key":"Pantograph"},{"floor":8.0,"key":"Pen Nib"},{"floor":9.0,"key":"The Courier"},{"floor":13.0,"key":"Gambling Chip"},{"floor":19.0,"key":"Red Mask"},{"floor":23.0,"key":"Molten Egg 2"},{"floor":26.0,"key":"Bag of Marbles"},{"floor":28.0,"key":"Bottled Tornado"},{"floor":40.0,"key":"Darkstone Periapt"}],"event_choices":[{"damage_healed":0.0,"max_hp_gain":0.0,"max_hp_loss":0.0,"gold_gain":0.0,"event_name":"Upgrade Shrine","player_choice":"Upgraded","floor":2.0,"gold_loss":0.0,"damage_taken":0.0,"cards_upgraded":["Streamline"]},{"damage_healed":0.0,"max_hp_gain":0.0,"max_hp_loss":0.0,"gold_gain":0.0,"event_name":"Shining Light","player_choice":"Ignored","floor":10.0,"gold_loss":0.0,"damage_taken":0.0},{"damage_healed":0.0,"max_hp_gain":0.0,"max_hp_loss":0.0,"gold_gain":59.0,"event_name":"Golden Wing","player_choice":"Gained Gold","floor":14.0,"gold_loss":0.0,"damage_taken":0.0},{"damage_healed":0.0,"max_hp_gain":0.0,"max_hp_loss":0.0,"gold_gain":0.0,"event_name":"Masked Bandits","player_choice":"Fought Bandits","floor":19.0,"gold_loss":0.0,"damage_taken":0.0},{"damage_healed":0.0,"max_hp_gain":0.0,"max_hp_loss":0.0,"gold_gain":0.0,"event_name":"The Mausoleum","player_choice":"Opened","floor":21.0,"gold_loss":0.0,"damage_taken":0.0,"relics_obtained":["MawBank"],"cards_obtained":["Writhe"]},{"damage_healed":0.0,"max_hp_gain":0.0,"max_hp_loss":0.0,"gold_gain":0.0,"event_name":"Drug Dealer","player_choice":"Inject Mutagens","floor":30.0,"gold_loss":0.0,"damage_taken":0.0,"relics_obtained":["MutagenicStrength"]},{"damage_healed":0.0,"max_hp_gain":0.0,"max_hp_loss":0.0,"gold_gain":0.0,"event_name":"SensoryStone","player_choice":"Memory 1","floor":37.0,"gold_loss":0.0,"damage_taken":0.0}],"is_beta":false,"boss_relics":[{"not_picked":["Astrolabe","Fusion Hammer"],"picked":"Nuclear Battery"},{"not_picked":["Runic Dome","Coffee Dripper"],"picked":"Eternal Feather"}],"items_purged_floors":[22,31,36],"is_endless":false,"potions_floor_spawned":[1,5,8,18,24,27,35,38,40],"killed_by":"Giant Head","ascension_level":16}