{"gold_per_floor":[116,116,47,61,61,94,94,19,19,42,58,58,73,73],"floor_reached":14,"playtime":420,"items_purged":[],"score":153,"play_id":"47a8056c-3f1c-4595-abbd-6e4fb70fab5f","local_time":"20181022073240","is_ascension_mode":true,"campfire_choices":[{"data":"Spot Weakness","floor":7,"key":"SMITH"},{"data":"Heavy Blade","floor":12,"key":"SMITH"}],"neow_cost":"NONE","seed_source_timestamp":999445804897178,"circlet_count":0,"master_deck":["Strike_R","Strike_R","Strike_R","Strike_R","Defend_R","Defend_R","Defend_R","Bash","AscendersBane","True Grit","Second Wind","Spot Weakness+1","Warcry","Impervious","Armaments","Heavy Blade+1","Headbutt"],"relics":["Burning Blood","Golden Idol","Pantograph","Unceasing Top"],"potions_floor_usage":[6],"damage_taken":[{"damage":4,"enemies":"Jaw Worm","floor":1,"turns":5},{"damage":1,"enemies":"Cultist","floor":4,"turns":4},{"damage":33,"enemies":"3 Sentries","floor":6,"turns":8},{"damage":4,"enemies":"2 Louse","floor":10,"turns":4},{"damage":8,"enemies":"Blue Slaver","floor":11,"turns":4},{"damage":3,"enemies":"Red Slaver","floor":13,"turns":4},{"damage":30,"enemies":"Lagavulin","floor":14,"turns":8}],"seed_played":"-1088959422626457793","potions_obtained":[{"floor":4,"key":"Energy Potion"},{"floor":10,"key":"Regen Potion"},{"floor":13,"key":"Poison Potion"}],"is_trial":false,"path_per_floor":["M","?","$","M","?","E","R","$","T","M","M","R","M"],"character_chosen":"IRONCLAD","items_purchased":["Spot Weakness","Impervious"],"campfire_rested":0,"item_purchase_floors":[3,8],"current_hp_per_floor":[70,70,70,75,69,42,42,42,42,44,42,42,45,15],"gold":73,"neow_bonus":"TRANSFORM_CARD","is_prod":false,"is_daily":false,"chose_seed":false,"campfire_upgraded":2,"win_rate":0,"timestamp":1540218760,"path_taken":["M","?","$","?","?","E","R","?","T","M","M","R","M","E"],"build_version":"2018-10-18","purchased_purges":0,"victory":false,"max_hp_per_floor":[75,75,75,75,69,69,69,69,69,69,69,69,69,69],"card_choices":[{"not_picked":["Shrug It Off","Armaments"],"picked":"Second Wind","floor":1},{"not_picked":["Iron Wave","Pummel"],"picked":"Warcry","floor":4},{"not_picked":["Corruption","Armaments","Iron Wave"],"picked":"SKIP","floor":6},{"not_picked":["Anger","Reckless Charge"],"picked":"Armaments","floor":10},{"not_picked":["Spot Weakness","True Grit"],"picked":"Heavy Blade","floor":11},{"not_picked":["Whirlwind","Juggernaut"],"picked":"Headbutt","floor":13}],"player_experience":609459,"relics_obtained":[{"floor":6,"key":"Pantograph"},{"floor":9,"key":"Unceasing Top"}],"event_choices":[{"cards_removed":["Strike_R"],"damage_healed":0,"gold_gain":0,"player_choice":"Purged","damage_taken":0,"max_hp_gain":0,"max_hp_loss":0,"event_name":"Purifier","floor":2,"gold_loss":0},{"damage_healed":0,"gold_gain":0,"player_choice":"Lose Max HP","damage_taken":0,"relics_obtained":["Golden Idol"],"max_hp_gain":0,"max_hp_loss":6,"event_name":"Golden Idol","floor":5,"gold_loss":0}],"is_beta":false,"boss_relics":[],"items_purged_floors":[],"is_endless":false,"potions_floor_spawned":[4,10,13],"killed_by":"Lagavulin","ascension_level":14}