{"gold_per_floor":[117,3,18,37,37,37,51,78,78,78,93,157,172,191,191,287,287,307,16,16,16,16,16],"floor_reached":23,"playtime":1023,"items_purged":[],"score":248,"play_id":"c597a536-09cb-4644-9d49-bd17e6d0a36f","local_time":"20181017000048","is_ascension_mode":true,"campfire_choices":[{"data":"Streamline","floor":6.0,"key":"SMITH"},{"floor":10,"key":"REST"},{"floor":15,"key":"REST"}],"neow_cost":"TEN_PERCENT_HP_LOSS","seed_source_timestamp":0,"circlet_count":0,"master_deck":["Strike_B+1","Strike_B+1","Strike_B+1","Strike_B+1","Defend_B+1","Defend_B+1","Defend_B+1","Defend_B+1","Zap","Dualcast","Cold Snap","Lockon","Streamline+1","Go for the Eyes","Rip and Tear","Storm","Hologram","Redo","Undo","Steam+1","Ball Lightning","Creative AI","Defragment","Force Field","FTL","Conserve Battery+1","Redo","Scrape+1","Loop","Gash","Steam"],"special_seed":0,"relics":["Cracked Core","StoneCalendar","Du-Vu Doll","Mercury Hourglass","Question Card","Orrery","War Paint"],"potions_floor_usage":[8,8,8,12,16,18],"damage_taken":[{"damage":1.0,"enemies":"Cultist","floor":1.0,"turns":4.0},{"damage":7.0,"enemies":"2 Louse","floor":3.0,"turns":2.0},{"damage":10.0,"enemies":"Jaw Worm","floor":4.0,"turns":2.0},{"damage":6.0,"enemies":"Looter","floor":7.0,"turns":2.0},{"damage":20,"enemies":"Lagavulin","floor":8,"turns":4},{"damage":13,"enemies":"Exordium Wildlife","floor":11,"turns":3},{"damage":11,"enemies":"3 Sentries","floor":12,"turns":4},{"damage":3,"enemies":"Blue Slaver","floor":13,"turns":2},{"damage":2,"enemies":"2 Fungi Beasts","floor":14,"turns":3},{"damage":31,"enemies":"The Guardian","floor":16,"turns":7},{"damage":26,"enemies":"Spheric Guardian","floor":18,"turns":4},{"damage":52,"enemies":"Book of Stabbing","floor":23,"turns":5}],"seed_played":"5386850713593224803","potions_obtained":[{"floor":3.0,"key":"Poison Potion"},{"floor":5.0,"key":"Poison Potion"},{"floor":5.0,"key":"SkillPotion"},{"floor":8,"key":"Poison Potion"},{"floor":11,"key":"Poison Potion"},{"floor":16,"key":"LiquidBronze"}],"is_trial":false,"path_per_floor":["M","$","M","M","?","R","M","E","T","R","M","?","M","M","R","B",null,"M","$","?","$","?"],"character_chosen":"DEFECT","items_purchased":["Lockon","Streamline","Loop","Gash","Steam","War Paint"],"campfire_rested":2,"item_purchase_floors":[2,2,19,19,19,19],"current_hp_per_floor":[67,67,60,50,50,50,44,24,24,44,31,20,17,15,35,4,52,26,26,26,26,48,0],"gold":16,"neow_bonus":"ONE_RARE_RELIC","is_prod":false,"is_daily":false,"chose_seed":false,"campfire_upgraded":1,"win_rate":0,"timestamp":1539759648,"path_taken":["M","$","M","M","?","R","M","E","T","R","M","?","M","?","R","BOSS","M","$","?","$","?","E"],"build_version":"2018-10-11","purchased_purges":0,"victory":false,"max_hp_per_floor":[68,68,68,68,68,68,68,68,68,68,68,68,68,68,68,68,68,68,68,68,68,68,68],"card_choices":[{"not_picked":["Steam","Recycle"],"picked":"Cold Snap","floor":1.0},{"not_picked":["Leap","Consume"],"picked":"Go for the Eyes","floor":3.0},{"not_picked":["Gash","Scrape"],"picked":"Rip and Tear","floor":4.0},{"not_picked":["Steam","Streamline"],"picked":"Storm","floor":7.0},{"not_picked":["Aggregate","Beam Cell"],"picked":"Hologram","floor":8},{"not_picked":["Go for the Eyes","Rainbow"],"picked":"Redo","floor":11},{"not_picked":["Scrape","Rebound","Go for the Eyes"],"picked":"Undo","floor":12},{"not_picked":["Streamline","Go for the Eyes","Redo"],"picked":"Steam","floor":13},{"not_picked":["Genetic Algorithm","Sunder","Barrage"],"picked":"Ball Lightning","floor":14},{"not_picked":["Thunder Strike","Multi-Cast","Amplify"],"picked":"Creative AI","floor":16},{"not_picked":["Beam Cell","Leap","Loop"],"picked":"Defragment","floor":17},{"not_picked":["Rebound","Hologram","Doom and Gloom"],"picked":"Force Field","floor":17},{"not_picked":["Gash","Leap","Stack"],"picked":"FTL","floor":17},{"not_picked":["Barrage","Beam Cell","Sweeping Beam"],"picked":"Conserve Battery","floor":17},{"not_picked":["Rebound","Thunder Strike","Hologram"],"picked":"Redo","floor":17},{"not_picked":["FTL","Chaos","Turbo"],"picked":"Scrape+1","floor":18}],"player_experience":533320,"relics_obtained":[{"floor":8,"key":"Du-Vu Doll"},{"floor":9,"key":"Mercury Hourglass"}],"event_choices":[{"event_name":"The Lab","player_choice":"Got Potions","floor":5.0,"damage_taken":0.0},{"event_name":"Dead Adventurer","player_choice":"Searched \u00272\u0027 times","floor":12,"damage_taken":0},{"event_name":"Back to Basics","player_choice":"Simplicity","floor":20,"damage_taken":0},{"event_name":"The Library","player_choice":"Heal","floor":22,"damage_taken":0}],"is_beta":false,"boss_relics":[{"not_picked":["Runic Pyramid","Snecko Eye"],"picked":"Orrery"}],"items_purged_floors":[],"is_endless":false,"potions_floor_spawned":[3,8,11,16],"killed_by":"Book of Stabbing","ascension_level":6}