{"gold_per_floor":[110,285,305,320,50,84,84,84,108,119,119,153,153,167,167,272,272,284,284,300,316,12,47,47,47],"floor_reached":25,"playtime":3230,"items_purged":["Doubt","Strike_B"],"score":337,"play_id":"9ae7d011-e484-4e5e-ada6-1c8db8fcab6f","local_time":"20190325122210","is_ascension_mode":true,"campfire_choices":[{"floor":7,"key":"REST"},{"floor":11,"key":"REST"},{"data":"Loop","floor":13,"key":"SMITH"},{"data":"Double Energy","floor":15,"key":"SMITH"},{"floor":24,"key":"REST"}],"neow_cost":"NONE","seed_source_timestamp":355713444075668,"circlet_count":0,"master_deck":["Strike_B","Strike_B","Strike_B","Defend_B","Defend_B","Defend_B","Defend_B","Zap","Dualcast","Glacier","Sweeping Beam","Loop+1","Double Energy+1","Hologram","Echo Form","Streamline","Reboot","Coolheaded","Blizzard","Cold Snap","Ghostly","Ghostly","Ghostly","Ghostly","Ghostly","Conserve Battery","Consume+1"],"relics":["Inserter","OrangePellets","Bag of Marbles","Boot","Pantograph","Orrery","MealTicket","Symbiotic Virus"],"potions_floor_usage":[6,10,10,12,12,23],"damage_taken":[{"damage":8,"enemies":"Small Slimes","floor":1,"turns":4},{"damage":7,"enemies":"Jaw Worm","floor":3,"turns":5},{"damage":7,"enemies":"Cultist","floor":4,"turns":6},{"damage":32,"enemies":"Gremlin Nob","floor":6,"turns":7},{"damage":29,"enemies":"Large Slime","floor":10,"turns":5},{"damage":9,"enemies":"3 Sentries","floor":12,"turns":10},{"damage":1,"enemies":"2 Fungi Beasts","floor":14,"turns":5},{"damage":8,"enemies":"The Guardian","floor":16,"turns":16},{"damage":10,"enemies":"Chosen","floor":18,"turns":8},{"damage":23,"enemies":"3 Byrds","floor":20,"turns":7},{"damage":0,"enemies":"Snecko","floor":21,"turns":10},{"damage":5,"enemies":"Book of Stabbing","floor":23,"turns":7},{"damage":28,"enemies":"Centurion and Healer","floor":25,"turns":2}],"seed_played":"-355740621115751416","potions_obtained":[{"floor":1,"key":"Energy Potion"},{"floor":4,"key":"Block Potion"},{"floor":8,"key":"Fruit Juice"},{"floor":8,"key":"LiquidBronze"},{"floor":10,"key":"Block Potion"},{"floor":12,"key":"Swift Potion"},{"floor":20,"key":"Energy Potion"},{"floor":23,"key":"LiquidBronze"}],"is_trial":false,"path_per_floor":["M","?","M","M","$","E","R","?","T","M","R","E","R","M","R","B",null,"M","?","M","M","$","E","R","M"],"character_chosen":"DEFECT","items_purchased":["OrangePellets","MealTicket"],"campfire_rested":3,"item_purchase_floors":[5,22],"current_hp_per_floor":[60,60,53,46,46,14,36,36,36,12,36,27,27,26,26,43,71,61,40,17,17,17,12,24,0],"gold":47,"neow_bonus":"BOSS_RELIC","is_prod":false,"is_daily":false,"chose_seed":false,"campfire_upgraded":2,"win_rate":0,"timestamp":1553516530,"path_taken":["M","?","M","M","$","E","R","?","T","?","R","E","R","M","R","BOSS","M","?","M","M","$","E","R","M"],"build_version":"2019-01-23","purchased_purges":2,"victory":false,"max_hp_per_floor":[75,75,75,75,75,75,75,75,75,80,80,80,80,80,80,80,80,80,40,40,40,40,40,40,40],"card_choices":[{"not_picked":["FTL","Capacitor"],"picked":"Glacier","floor":1},{"not_picked":["Streamline","Barrage"],"picked":"Sweeping Beam","floor":3},{"not_picked":["Streamline","Rebound"],"picked":"Loop","floor":4},{"not_picked":["Steam","Core Surge"],"picked":"Double Energy","floor":6},{"not_picked":["Rebound","Undo"],"picked":"Hologram","floor":10},{"not_picked":["Sunder","Gash"],"picked":"Echo Form","floor":12},{"not_picked":["Compile Driver","Aggregate"],"picked":"Streamline","floor":14},{"not_picked":["Core Surge","Meteor Strike"],"picked":"Reboot","floor":16},{"not_picked":["Sweeping Beam","Go for the Eyes"],"picked":"Coolheaded","floor":17},{"not_picked":["Steam","Coolheaded"],"picked":"Blizzard","floor":17},{"not_picked":["Beam Cell","Leap"],"picked":"Cold Snap","floor":17},{"not_picked":["Chaos+1","Redo","Hello World"],"picked":"SKIP","floor":18},{"not_picked":["Ball Lightning","Steam"],"picked":"Conserve Battery","floor":20},{"not_picked":["Sweeping Beam","Stack"],"picked":"Consume+1","floor":21},{"not_picked":["Doom and Gloom","All For One","Steam"],"picked":"SKIP","floor":23}],"player_experience":752855,"relics_obtained":[{"floor":6,"key":"Bag of Marbles"},{"floor":9,"key":"Boot"},{"floor":12,"key":"Pantograph"},{"floor":23,"key":"Symbiotic Virus"}],"event_choices":[{"damage_healed":0,"gold_gain":175,"player_choice":"AGREE","damage_taken":0,"max_hp_gain":0,"max_hp_loss":0,"event_name":"Liars Game","floor":2,"gold_loss":0,"cards_obtained":["Doubt"]},{"damage_healed":0,"gold_gain":0,"player_choice":"Got Potions","damage_taken":0,"max_hp_gain":0,"max_hp_loss":0,"event_name":"Lab","floor":8,"gold_loss":0},{"damage_healed":0,"gold_gain":0,"player_choice":"Became a Ghost","damage_taken":0,"max_hp_gain":0,"max_hp_loss":40,"event_name":"Ghosts","floor":19,"gold_loss":0,"cards_obtained":["Ghostly","Ghostly","Ghostly","Ghostly","Ghostly"]}],"is_beta":false,"boss_relics":[{"not_picked":["Coffee Dripper","Fusion Hammer"],"picked":"Orrery"}],"items_purged_floors":[5,22],"is_endless":false,"potions_floor_spawned":[1,4,10,12,20,23],"killed_by":"Centurion and Healer","ascension_level":7}