{"gold_per_floor":[213,223,243,259,259,286,246,279,353,353],"floor_reached":10,"playtime":644,"items_purged":[],"score":121,"play_id":"c23b2fd6-453c-4694-8846-e739ef1b9e71","local_time":"20190306193909","is_ascension_mode":true,"campfire_choices":[],"neow_cost":"NONE","seed_source_timestamp":193518362231120,"circlet_count":0,"master_deck":["AscendersBane","Strike_R","Strike_R","Strike_R","Strike_R","Strike_R","Defend_R","Defend_R","Defend_R","Defend_R","Bash+1","Disarm","Armaments","Cleave","Perfected Strike","Flame Barrier","Headbutt"],"relics":["Burning Blood","Potion Belt","Peace Pipe","Meat on the Bone"],"potions_floor_usage":[6,8,10],"damage_taken":[{"damage":6,"enemies":"Cultist","floor":1,"turns":3},{"damage":10,"enemies":"2 Louse","floor":2,"turns":3},{"damage":4,"enemies":"Small Slimes","floor":3,"turns":4},{"damage":10,"enemies":"2 Fungi Beasts","floor":4,"turns":4},{"damage":40,"enemies":"3 Sentries","floor":6,"turns":6},{"damage":39,"enemies":"Lagavulin","floor":8,"turns":8},{"damage":14,"enemies":"Exordium Thugs","floor":10,"turns":2}],"seed_played":"-7579844003145644904","potions_obtained":[{"floor":1,"key":"AttackPotion"},{"floor":3,"key":"FairyPotion"},{"floor":7,"key":"Explosive Potion"},{"floor":7,"key":"EssenceOfSteel"},{"floor":7,"key":"GamblersBrew"}],"is_trial":false,"path_per_floor":["M","M","M","M","?","E","?","E","T","M"],"character_chosen":"IRONCLAD","items_purchased":[],"campfire_rested":0,"item_purchase_floors":[],"current_hp_per_floor":[72,68,70,66,66,32,32,14,14,0],"gold":353,"neow_bonus":"HUNDRED_GOLD","is_prod":false,"is_daily":false,"chose_seed":false,"campfire_upgraded":0,"win_rate":0,"timestamp":1551919149,"path_taken":["M","?","M","M","?","E","?","E","T","M"],"build_version":"2019-01-23","purchased_purges":0,"victory":false,"max_hp_per_floor":[80,80,80,80,80,80,80,80,80,80],"card_choices":[{"not_picked":["Hemokinesis","Havoc"],"picked":"Disarm","floor":1},{"not_picked":["Searing Blow","Intimidate"],"picked":"Armaments","floor":2},{"not_picked":["Combust","True Grit"],"picked":"Cleave","floor":3},{"not_picked":["Flex","Reckless Charge"],"picked":"Perfected Strike","floor":4},{"not_picked":["Havoc","Combust"],"picked":"Flame Barrier","floor":6},{"not_picked":["Dropkick","Brutality"],"picked":"Headbutt","floor":8}],"player_experience":242815,"relics_obtained":[{"floor":6,"key":"Potion Belt"},{"floor":8,"key":"Peace Pipe"},{"floor":9,"key":"Meat on the Bone"}],"event_choices":[{"damage_healed":0,"gold_gain":0,"player_choice":"Grow","damage_taken":0,"max_hp_gain":0,"max_hp_loss":0,"event_name":"Living Wall","floor":5,"gold_loss":0,"cards_upgraded":["Bash"]},{"damage_healed":0,"gold_gain":0,"player_choice":"Bought 3 Potions","damage_taken":0,"max_hp_gain":0,"max_hp_loss":0,"event_name":"The Woman in Blue","floor":7,"gold_loss":0}],"is_beta":false,"boss_relics":[],"items_purged_floors":[],"is_endless":false,"potions_floor_spawned":[1,3,4],"killed_by":"Exordium Thugs","ascension_level":11}