{"gold_per_floor":[116,126,140,105,105,134,154,154,154,54,54,79,79,93,93,167,167,183,183,183,98,98,98,132,132,132,132,158,158],"floor_reached":29,"playtime":686,"items_purged":["Clumsy"],"score":534,"play_id":"d7201eb6-2e9d-4621-aa48-a7daf27af935","local_time":"20190410200941","is_ascension_mode":true,"campfire_choices":[{"floor":11.0,"key":"REST"},{"floor":13,"key":"REST"},{"data":"Zap","floor":15,"key":"SMITH"},{"data":"Tempest","floor":23,"key":"SMITH"},{"floor":25,"key":"REST"},{"data":"Genetic Algorithm","floor":27,"key":"SMITH"}],"neow_cost":"CURSE","seed_source_timestamp":59635202812088,"circlet_count":0,"master_deck":["AscendersBane","Strike_B+1","Strike_B+1","Defend_B","Defend_B","Defend_B","Defend_B","Zap+1","Dualcast","Sweeping Beam","Hologram","Redo","Go for the Eyes+1","Beam Cell+1","Cold Snap+1","Barrage+1","Rip and Tear+1","Electrodynamics","Cold Snap+1","Seek","Tempest+1","Genetic Algorithm+1"],"special_seed":0,"relics":["Cracked Core","Ginger","Matryoshka","Molten Egg 2","PreservedInsect","Dodecahedron","Gambling Chip","Snecko Eye","Prayer Wheel","Singing Bowl","Whetstone","Bag of Preparation","Blue Candle"],"potions_floor_usage":[16,16],"damage_taken":[{"damage":2.0,"enemies":"Jaw Worm","floor":1.0,"turns":3.0},{"damage":7.0,"enemies":"Small Slimes","floor":2.0,"turns":4.0},{"damage":4.0,"enemies":"Cultist","floor":3.0,"turns":4.0},{"damage":56.0,"enemies":"Gremlin Nob","floor":6.0,"turns":5.0},{"damage":8.0,"enemies":"Looter","floor":7.0,"turns":3.0},{"damage":16,"enemies":"3 Sentries","floor":12,"turns":4},{"damage":6,"enemies":"2 Fungi Beasts","floor":14,"turns":3},{"damage":22,"enemies":"Hexaghost","floor":16,"turns":9},{"damage":0,"enemies":"Chosen","floor":18,"turns":3},{"damage":36,"enemies":"Book of Stabbing","floor":24,"turns":4},{"damage":36,"enemies":"Slavers","floor":28,"turns":4},{"damage":7,"enemies":"3 Byrds","floor":29,"turns":1}],"seed_played":"-7022242148722555985","potions_obtained":[{"floor":3.0,"key":"FearPotion"},{"floor":7.0,"key":"EssenceOfSteel"},{"floor":14,"key":"GamblersBrew"},{"floor":28,"key":"Dexterity Potion"}],"is_trial":false,"path_per_floor":["M","M","M","?","?","E","M","$","T","$","R","E","R","M","R","B",null,"M","?","?","?","?","R","E","R","T","R","E","M"],"character_chosen":"DEFECT","items_purchased":["Cold Snap+1"],"campfire_rested":3,"item_purchase_floors":[10],"current_hp_per_floor":[62,55,51,68,68,12,4,4,4,4,25,9,30,24,24,2,54,54,54,54,54,54,54,20,41,41,41,7,0],"gold":158,"neow_bonus":"ONE_RARE_RELIC","is_prod":false,"is_daily":false,"chose_seed":false,"campfire_upgraded":3,"win_rate":0,"timestamp":1554952181,"path_taken":["M","M","M","?","?","E","?","$","T","$","R","E","R","M","R","BOSS","M","?","?","?","?","R","E","R","T","R","E","M"],"build_version":"2019-01-23","purchased_purges":1,"victory":false,"max_hp_per_floor":[71,71,71,71,71,71,71,71,71,71,71,71,71,71,71,71,71,71,71,71,71,71,71,73,73,73,73,75,75],"card_choices":[{"not_picked":["Turbo","Rip and Tear"],"picked":"Sweeping Beam","floor":1.0},{"not_picked":["Turbo","Static Discharge"],"picked":"Hologram","floor":2.0},{"not_picked":["Aggregate","Stack"],"picked":"Redo","floor":3.0},{"not_picked":["Coolheaded","Chaos"],"picked":"Go for the Eyes","floor":6.0},{"not_picked":["Coolheaded","Rebound+1"],"picked":"Beam Cell+1","floor":7.0},{"not_picked":["Auto Shields","Heatsinks"],"picked":"Barrage+1","floor":12},{"not_picked":["Hologram","Redo"],"picked":"Rip and Tear+1","floor":14},{"not_picked":["Biased Cognition","Seek"],"picked":"Electrodynamics","floor":16},{"not_picked":["Redo","Rip and Tear+1"],"picked":"Cold Snap+1","floor":18},{"not_picked":["Conserve Battery","Genetic Algorithm","Hologram"],"picked":"Singing Bowl","floor":24},{"not_picked":["Turbo","Steam+1","Tempest+1"],"picked":"Singing Bowl","floor":28}],"player_experience":1168405,"relics_obtained":[{"floor":6.0,"key":"Molten Egg 2"},{"floor":9.0,"key":"PreservedInsect"},{"floor":9.0,"key":"Dodecahedron"},{"floor":12,"key":"Gambling Chip"},{"floor":24,"key":"Singing Bowl"},{"floor":26,"key":"Whetstone"},{"floor":26,"key":"Bag of Preparation"},{"floor":28,"key":"Blue Candle"}],"event_choices":[{"damage_healed":17.0,"max_hp_gain":0.0,"max_hp_loss":0.0,"gold_gain":0.0,"event_name":"The Cleric","player_choice":"Healed","floor":4.0,"gold_loss":35.0,"damage_taken":0.0},{"damage_healed":0.0,"max_hp_gain":0.0,"max_hp_loss":0.0,"gold_gain":0.0,"event_name":"WeMeetAgain","player_choice":"Gave Potion","floor":5.0,"gold_loss":0.0,"damage_taken":0.0,"relics_obtained":["Matryoshka"]},{"damage_healed":0,"gold_gain":0,"player_choice":"Ignored","damage_taken":0,"max_hp_gain":0,"max_hp_loss":0,"event_name":"Vampires","floor":19,"gold_loss":0},{"damage_healed":0,"gold_gain":0,"cards_transformed":["Strike_B","Strike_B"],"player_choice":"Became Test Subject","damage_taken":0,"max_hp_gain":0,"max_hp_loss":0,"event_name":"Drug Dealer","floor":20,"gold_loss":0,"cards_obtained":["Seek","Tempest"]},{"damage_healed":0,"gold_gain":0,"player_choice":"Obtained Relic","damage_taken":0,"relics_obtained":["Prayer Wheel"],"max_hp_gain":0,"max_hp_loss":0,"event_name":"Addict","floor":21,"gold_loss":85},{"damage_healed":0,"gold_gain":0,"player_choice":"Read","damage_taken":0,"max_hp_gain":0,"max_hp_loss":0,"event_name":"The Library","floor":22,"gold_loss":0,"cards_obtained":["Genetic Algorithm"]}],"is_beta":false,"boss_relics":[{"not_picked":["Tiny House","Philosopher\u0027s Stone"],"picked":"Snecko Eye"}],"items_purged_floors":[10],"is_endless":false,"potions_floor_spawned":[3,7,14,28],"killed_by":"3 Byrds","ascension_level":20}