{"gold_per_floor":[110,38,57,73,87,87,102,102,102,132,151,151],"floor_reached":12,"playtime":609,"items_purged":[],"score":135,"play_id":"ea15851f-2d61-4c39-a7c2-b19a39a8982e","local_time":"20190405121213","is_ascension_mode":true,"campfire_choices":[{"floor":6,"key":"REST"},{"data":"Zap","floor":8,"key":"SMITH"}],"neow_cost":"NONE","seed_source_timestamp":105255898333057,"circlet_count":0,"master_deck":["AscendersBane","Strike_B","Strike_B","Strike_B","Strike_B","Defend_B","Defend_B","Defend_B","Defend_B","Zap+1","Dualcast","Amplify","Cold Snap","Hello World","Beam Cell","Compile Driver","Rebound","Echo Form","Ball Lightning","Conserve Battery"],"relics":["Cracked Core","Shovel","Peace Pipe"],"potions_floor_usage":[10,12],"damage_taken":[{"damage":6,"enemies":"Cultist","floor":1,"turns":5},{"damage":6,"enemies":"Jaw Worm","floor":3,"turns":4},{"damage":5,"enemies":"Small Slimes","floor":4,"turns":3},{"damage":28,"enemies":"Exordium Wildlife","floor":5,"turns":4},{"damage":14,"enemies":"Blue Slaver","floor":7,"turns":3},{"damage":23,"enemies":"3 Sentries","floor":10,"turns":6},{"damage":0,"enemies":"Large Slime","floor":11,"turns":4},{"damage":13,"enemies":"Exordium Thugs","floor":12,"turns":3}],"seed_played":"-7954853194793759177","potions_obtained":[{"floor":3,"key":"EssenceOfSteel"},{"floor":5,"key":"FearPotion"},{"floor":10,"key":"Swift Potion"}],"is_trial":false,"path_per_floor":["M","$","M","M","M","R","M","R","T","E","M","M"],"character_chosen":"DEFECT","items_purchased":["Hello World"],"campfire_rested":1,"item_purchase_floors":[2],"current_hp_per_floor":[62,62,56,51,23,45,31,31,31,8,8,0],"gold":151,"neow_bonus":"ONE_RANDOM_RARE_CARD","is_prod":false,"is_daily":false,"chose_seed":false,"campfire_upgraded":1,"win_rate":0,"timestamp":1554462733,"path_taken":["M","$","M","?","M","R","M","R","T","E","M","?"],"build_version":"2019-01-23","purchased_purges":0,"victory":false,"max_hp_per_floor":[75,75,75,75,75,75,75,75,75,75,75,75],"card_choices":[{"not_picked":["Leap","Blizzard"],"picked":"Cold Snap","floor":1},{"not_picked":["Reinforced Body","Redo"],"picked":"Beam Cell","floor":3},{"not_picked":["Force Field","Coolheaded"],"picked":"Compile Driver","floor":4},{"not_picked":["Storm","Steam"],"picked":"Rebound","floor":5},{"not_picked":["Storm","Conserve Battery"],"picked":"Echo Form","floor":7},{"not_picked":["Turbo","Coolheaded"],"picked":"Ball Lightning","floor":10},{"not_picked":["Barrage","Redo"],"picked":"Conserve Battery","floor":11}],"player_experience":912567,"relics_obtained":[{"floor":9,"key":"Shovel"},{"floor":10,"key":"Peace Pipe"}],"event_choices":[],"is_beta":false,"boss_relics":[],"items_purged_floors":[],"is_endless":false,"potions_floor_spawned":[3,5,10],"killed_by":"Exordium Thugs","ascension_level":13}