{"gold_per_floor":[118,136,62,72,92,118,118,118,197,228,56,56,75,107,107,181,181,201,43,56,75,175,175,209,209,282,310,335,335,335,347,347,424,424,443,458,41,52,69,69,19,46,46,46,56,89,121,137,137,137],"floor_reached":51,"playtime":4474,"items_purged":["Strike_B","Strike_B+1","Strike_B+1"],"score":1641,"play_id":"170883f9-7143-45cd-a001-6de06d7fb806","local_time":"20190411124820","is_ascension_mode":true,"campfire_choices":[{"floor":8.0,"key":"REST"},{"floor":12.0,"key":"REST"},{"data":"Zap","floor":15.0,"key":"SMITH"},{"floor":23,"key":"REST"},{"floor":25,"key":"REST"},{"data":"Defragment","floor":30,"key":"SMITH"},{"data":"Self Repair","floor":32,"key":"SMITH"},{"data":"Electrodynamics","floor":40,"key":"SMITH"},{"data":"Coolheaded","floor":49,"key":"SMITH"}],"neow_cost":"NONE","seed_source_timestamp":0,"circlet_count":0,"master_deck":["AscendersBane","Strike_B+1","Defend_B+1","Defend_B+1","Defend_B+1","Defend_B+1","Zap+1","Dualcast","Streamline","Conserve Battery","Doom and Gloom","Beam Cell","Coolheaded+1","Glacier","Defragment+1","White Noise","White Noise","Electrodynamics+1","Capacitor","Chill","Cold Snap","Self Repair+1","Recycle","Auto Shields","Biased Cognition","Loop","White Noise+1"],"special_seed":0,"relics":["Nuclear Battery","WingedGreaves","Kunai","Bag of Preparation","DataDisk","Du-Vu Doll","Black Star","Thread and Needle","Bottled Tornado","Bottled Flame","Darkstone Periapt","Mummified Hand","Meat on the Bone","Gremlin Horn","Smiling Mask","Inserter","Singing Bowl","Oddly Smooth Stone","Strawberry","Letter Opener","NlothsMask","Dodecahedron","Incense Burner","Lantern","Toxic Egg 2"],"potions_floor_usage":[45,50],"damage_taken":[{"damage":1.0,"enemies":"Cultist","floor":1.0,"turns":4.0},{"damage":4.0,"enemies":"2 Louse","floor":2.0,"turns":4.0},{"damage":7.0,"enemies":"Jaw Worm","floor":4.0,"turns":5.0},{"damage":26.0,"enemies":"Exordium Wildlife","floor":5.0,"turns":5.0},{"damage":23.0,"enemies":"Gremlin Nob","floor":6.0,"turns":5.0},{"damage":7.0,"enemies":"3 Sentries","floor":10.0,"turns":5.0},{"damage":2.0,"enemies":"Looter","floor":13.0,"turns":3.0},{"damage":8.0,"enemies":"Gremlin Nob","floor":14.0,"turns":4.0},{"damage":20.0,"enemies":"Slime Boss","floor":16.0,"turns":4.0},{"damage":6.0,"enemies":"Shell Parasite","floor":18.0,"turns":7.0},{"damage":0.0,"enemies":"3 Byrds","floor":20.0,"turns":3.0},{"damage":15.0,"enemies":"Snake Plant","floor":21.0,"turns":4.0},{"damage":4.0,"enemies":"Colosseum Slavers","floor":22.0,"turns":5.0},{"damage":0.0,"enemies":"Colosseum Nobs","floor":22.0,"turns":3.0},{"damage":36,"enemies":"Book of Stabbing","floor":24,"turns":6},{"damage":0,"enemies":"Slavers","floor":27,"turns":2},{"damage":0,"enemies":"3 Cultists","floor":31,"turns":2},{"damage":3,"enemies":"Automaton","floor":33,"turns":11},{"damage":0,"enemies":"3 Shapes","floor":35,"turns":2},{"damage":0,"enemies":"3 Darklings","floor":36,"turns":3},{"damage":0,"enemies":"4 Shapes","floor":38,"turns":3},{"damage":4,"enemies":"Jaw Worm Horde","floor":39,"turns":3},{"damage":0,"enemies":"Reptomancer","floor":42,"turns":6},{"damage":16,"enemies":"Maw","floor":45,"turns":10},{"damage":0,"enemies":"Nemesis","floor":46,"turns":11},{"damage":3,"enemies":"Reptomancer","floor":47,"turns":7},{"damage":0,"enemies":"4 Shapes","floor":48,"turns":1},{"damage":0,"enemies":"Time Eater","floor":50,"turns":12}],"seed_played":"886082154725583959","potions_obtained":[{"floor":1.0,"key":"Strength Potion"},{"floor":2.0,"key":"FocusPotion"},{"floor":10.0,"key":"GamblersBrew"},{"floor":13.0,"key":"Energy Potion"},{"floor":16.0,"key":"Swift Potion"},{"floor":18.0,"key":"Explosive Potion"},{"floor":21.0,"key":"FairyPotion"},{"floor":27,"key":"FearPotion"},{"floor":39,"key":"PowerPotion"},{"floor":42,"key":"Ancient Potion"},{"floor":46,"key":"Energy Potion"}],"is_trial":false,"path_per_floor":["M","M","$","M","M","E","?","R","T","E","$","R","M","E","R","B",null,"M","$","M","M","?","R","E","R","T","E","T","?","R","M","R","B",null,"M","M","$","M","M","R","$","E","T","?","M","E","E","M","R","B",null],"character_chosen":"DEFECT","items_purchased":["Doom and Gloom","DataDisk","Capacitor","Singing Bowl","Loop"],"campfire_rested":4,"item_purchase_floors":[3,11,19,37,37],"current_hp_per_floor":[63,59,59,52,26,3,3,24,24,17,17,38,36,28,28,8,55,49,49,49,34,30,51,15,36,36,36,36,36,36,36,36,55,67,67,71,71,73,75,75,75,84,84,84,80,88,88,90,90,90],"gold":137,"neow_bonus":"BOSS_RELIC","is_prod":false,"is_daily":false,"chose_seed":false,"campfire_upgraded":5,"win_rate":0,"timestamp":1554983300,"path_taken":["M","M","$","?","M","E","?","R","T","E","$","R","M","E","R","BOSS","M","$","M","M","?","R","E","R","T","E","?","?","R","M","R","BOSS","M","M","$","M","M","R","$","E","T","?","?","E","E","M","R","BOSS"],"build_version":"2019-01-23","purchased_purges":3,"victory":true,"max_hp_per_floor":[71,71,71,71,71,71,71,71,71,71,71,71,71,71,71,71,71,71,71,71,71,71,71,71,71,71,71,71,71,71,71,71,71,71,71,71,71,73,75,75,75,84,84,84,86,88,88,90,90,90],"card_choices":[{"not_picked":["Aggregate","Beam Cell"],"picked":"Streamline","floor":1.0},{"not_picked":["Barrage","Leap"],"picked":"Conserve Battery","floor":2.0},{"not_picked":["Stack","Capacitor"],"picked":"Beam Cell","floor":4.0},{"not_picked":["Steam","Amplify"],"picked":"Coolheaded","floor":5.0},{"not_picked":["Beam Cell","Sweeping Beam"],"picked":"Glacier","floor":6.0},{"not_picked":["Scrape","Ball Lightning"],"picked":"Defragment","floor":10.0},{"not_picked":["Conserve Battery","Hologram"],"picked":"White Noise","floor":13.0},{"not_picked":["Compile Driver","Sweeping Beam"],"picked":"White Noise","floor":14.0},{"not_picked":["Meteor Strike","Buffer"],"picked":"Electrodynamics","floor":16.0},{"not_picked":["Conserve Battery","Double Energy","Sweeping Beam"],"picked":"SKIP","floor":18.0},{"not_picked":["Rebound","Beam Cell+1","Conserve Battery"],"picked":"SKIP","floor":20.0},{"not_picked":["Leap","Beam Cell"],"picked":"Chill","floor":21.0},{"not_picked":["Leap","Beam Cell+1"],"picked":"Cold Snap","floor":22},{"not_picked":["Rip and Tear","Static Discharge"],"picked":"Self Repair","floor":24},{"not_picked":["Ball Lightning","Melter"],"picked":"Recycle","floor":27},{"not_picked":["Stack","Compile Driver"],"picked":"Auto Shields","floor":31},{"not_picked":["Machine Learning","Buffer"],"picked":"Biased Cognition","floor":33},{"not_picked":["Rebound","Go for the Eyes","Stack"],"picked":"SKIP","floor":35},{"not_picked":["Hello World","Rebound","Redo"],"picked":"SKIP","floor":36},{"not_picked":["Go for the Eyes+1","Auto Shields+1","Sweeping Beam"],"picked":"Singing Bowl","floor":38},{"not_picked":["Beam Cell+1","Scrape+1","Coolheaded+1"],"picked":"Singing Bowl","floor":39},{"not_picked":["Barrage","Defragment","Sweeping Beam+1"],"picked":"Singing Bowl","floor":42},{"not_picked":["Beam Cell","Sweeping Beam+1","Scrape"],"picked":"Singing Bowl","floor":45},{"not_picked":["Storm","Darkness","Static Discharge"],"picked":"Singing Bowl","floor":46},{"not_picked":["Hello World","Beam Cell"],"picked":"White Noise","floor":47},{"not_picked":["Steam+1","Auto Shields+1","Self Repair"],"picked":"Singing Bowl","floor":48}],"player_experience":1004554,"relics_obtained":[{"floor":6.0,"key":"WingedGreaves"},{"floor":9.0,"key":"Kunai"},{"floor":10.0,"key":"Bag of Preparation"},{"floor":14.0,"key":"Du-Vu Doll"},{"floor":22,"key":"Thread and Needle"},{"floor":22,"key":"Bottled Tornado"},{"floor":24,"key":"Bottled Flame"},{"floor":24,"key":"Darkstone Periapt"},{"floor":26,"key":"Mummified Hand"},{"floor":27,"key":"Meat on the Bone"},{"floor":27,"key":"Gremlin Horn"},{"floor":28,"key":"Smiling Mask"},{"floor":42,"key":"Oddly Smooth Stone"},{"floor":42,"key":"Strawberry"},{"floor":43,"key":"Letter Opener"},{"floor":46,"key":"Dodecahedron"},{"floor":46,"key":"Incense Burner"},{"floor":47,"key":"Lantern"},{"floor":47,"key":"Toxic Egg 2"}],"event_choices":[{"damage_healed":0.0,"max_hp_gain":0.0,"max_hp_loss":0.0,"gold_gain":0.0,"event_name":"Shining Light","player_choice":"Ignored","floor":7.0,"gold_loss":0.0,"damage_taken":0.0},{"damage_healed":0.0,"max_hp_gain":0.0,"max_hp_loss":0.0,"gold_gain":0.0,"event_name":"Colosseum","player_choice":"Fight","floor":22.0,"gold_loss":0.0,"damage_taken":0.0},{"damage_healed":0.0,"max_hp_gain":0.0,"max_hp_loss":0.0,"gold_gain":0.0,"event_name":"Colosseum","player_choice":"Fought Nobs","floor":22.0,"gold_loss":0.0,"damage_taken":0.0},{"damage_healed":0,"gold_gain":0,"player_choice":"Simplicity","damage_taken":0,"max_hp_gain":0,"max_hp_loss":0,"event_name":"Back to Basics","floor":29,"gold_loss":0,"cards_upgraded":["Strike_B","Strike_B","Strike_B","Defend_B","Defend_B","Defend_B","Defend_B"]},{"damage_healed":0,"gold_gain":0,"player_choice":"Trade","damage_taken":0,"relics_obtained":["NlothsMask"],"max_hp_gain":0,"max_hp_loss":0,"event_name":"FaceTrader","floor":44,"gold_loss":0}],"is_beta":false,"boss_relics":[{"not_picked":["Tiny House","Lizard Tail"],"picked":"Black Star"},{"not_picked":["Empty Cage","Snecko Eye"],"picked":"Inserter"}],"items_purged_floors":[19,37,41],"is_endless":false,"potions_floor_spawned":[1,2,10,13,16,18,21,27,33,39,42,46,47],"ascension_level":16}