{"gold_per_floor":[109,8,8,20,32,32,57,57,57,57,121,135,135,163,163,261,261,261,261,261,11,11,11,11,11,11,11,11,11,11,11,11,11,11,11,11,0,0,0,0,0,0,0,0,0,0,0,0,0,0],"floor_reached":51,"playtime":10638,"items_purged":[],"score":1502,"play_id":"6b4781bd-c6c6-4236-a789-811eadacad09","local_time":"20190317111210","is_ascension_mode":true,"campfire_choices":[{"data":"Neutralize","floor":6.0,"key":"SMITH"},{"data":"Caltrops","floor":8.0,"key":"SMITH"},{"data":"Poisoned Stab","floor":10.0,"key":"SMITH"},{"floor":15.0,"key":"REST"},{"floor":24.0,"key":"DIG"},{"floor":32.0,"key":"DIG"},{"floor":42,"key":"DIG"},{"floor":44,"key":"DIG"},{"floor":49,"key":"DIG"}],"neow_cost":"NONE","seed_source_timestamp":0,"circlet_count":0,"master_deck":["AscendersBane","Defend_G+1","Defend_G+1","Defend_G+1","Defend_G+1","Defend_G+1","Strike_G+1","Strike_G+1","Strike_G+1","Survivor","Neutralize+1","Dagger Spray","Well Laid Plans","Dagger Throw","Caltrops+1","Backstab","Poisoned Stab+1","Dodge and Roll+1","Backflip+1","After Image","Expertise","Sucker Punch+1","Flying Knee+1","Cloak And Dagger","Adrenaline","Dodge and Roll+1","Apotheosis","Madness","Madness","Heel Hook+1","Footwork"],"special_seed":0,"relics":["Ring of the Serpent","Juzu Bracelet","Singing Bowl","Centennial Puzzle","Shovel","Bird Faced Urn","FossilizedHelix","Ectoplasm","CultistMask","Molten Egg 2","War Paint","Darkstone Periapt","Sundial","Pear","Nilry\u0027s Codex","Blue Candle","Bag of Marbles","Red Mask","Snake Skull","Happy Flower","Pen Nib","Mango","Paper Crane","Bag of Preparation","Dodecahedron"],"potions_floor_usage":[50],"damage_taken":[{"damage":0.0,"enemies":"Cultist","floor":1.0,"turns":4.0},{"damage":3.0,"enemies":"Jaw Worm","floor":4.0,"turns":4.0},{"damage":0.0,"enemies":"2 Louse","floor":5.0,"turns":3.0},{"damage":7.0,"enemies":"3 Sentries","floor":7.0,"turns":10.0},{"damage":17.0,"enemies":"3 Sentries","floor":11.0,"turns":7.0},{"damage":6.0,"enemies":"Lots of Slimes","floor":12.0,"turns":2.0},{"damage":10.0,"enemies":"Gremlin Nob","floor":14.0,"turns":4.0},{"damage":30.0,"enemies":"Hexaghost","floor":16.0,"turns":11.0},{"damage":11.0,"enemies":"Spheric Guardian","floor":18.0,"turns":4.0},{"damage":5.0,"enemies":"Book of Stabbing","floor":23.0,"turns":6.0},{"damage":0.0,"enemies":"3 Byrds","floor":25.0,"turns":4.0},{"damage":27.0,"enemies":"Slavers","floor":27.0,"turns":7.0},{"damage":0.0,"enemies":"Cultist and Chosen","floor":29.0,"turns":8.0},{"damage":0.0,"enemies":"Centurion and Healer","floor":30.0,"turns":9.0},{"damage":0.0,"enemies":"Book of Stabbing","floor":31.0,"turns":5.0},{"damage":54.0,"enemies":"Champ","floor":33.0,"turns":21.0},{"damage":9.0,"enemies":"3 Darklings","floor":35.0,"turns":5.0},{"damage":0.0,"enemies":"Orb Walker","floor":36.0,"turns":3.0},{"damage":0.0,"enemies":"4 Shapes","floor":38.0,"turns":6.0},{"damage":2.0,"enemies":"Nemesis","floor":40.0,"turns":10.0},{"damage":0,"enemies":"Maw","floor":41,"turns":8},{"damage":9,"enemies":"Reptomancer","floor":46,"turns":9},{"damage":0,"enemies":"Transient","floor":47,"turns":5},{"damage":0,"enemies":"Giant Head","floor":48,"turns":10},{"damage":0,"enemies":"Time Eater","floor":50,"turns":14}],"seed_played":"458834641414157884","potions_obtained":[{"floor":4.0,"key":"SmokeBomb"},{"floor":5.0,"key":"Explosive Potion"},{"floor":11.0,"key":"Poison Potion"},{"floor":12.0,"key":"Explosive Potion"},{"floor":27.0,"key":"Swift Potion"},{"floor":29.0,"key":"Poison Potion"},{"floor":33.0,"key":"Ancient Potion"},{"floor":36.0,"key":"Block Potion"},{"floor":41,"key":"Dexterity Potion"},{"floor":48,"key":"Weak Potion"}],"is_trial":false,"path_per_floor":["M","$","?","M","M","R","E","R","T","R","?","M","?","E","R","B",null,"M","?","?","$","?","E","R","M","T","E","?","M","M","E","R","B",null,"M","M","?","M","?","E","M","R","T","R","?","E","M","E","R","B",null],"character_chosen":"THE_SILENT","items_purchased":["Well Laid Plans","Dagger Throw","Molten Egg 2"],"campfire_rested":1,"item_purchase_floors":[2,2,21],"current_hp_per_floor":[63,63,56,53,53,53,46,46,46,46,29,23,23,19,40,14,58,55,55,55,55,55,58,58,64,64,53,37,45,61,71,71,29,75,74,82,82,90,87,97,100,100,100,114,100,105,113,116,116,116],"gold":0,"neow_bonus":"RANDOM_COMMON_RELIC","is_prod":false,"is_daily":false,"chose_seed":false,"campfire_upgraded":3,"win_rate":0,"timestamp":1552821130,"path_taken":["M","$","?","M","M","R","E","R","T","R","?","M","?","E","R","BOSS","M","?","?","$","?","E","R","M","T","E","?","M","M","E","R","BOSS","M","M","?","M","?","E","M","R","T","R","?","E","M","E","R","BOSS"],"build_version":"2019-01-23","purchased_purges":0,"victory":true,"max_hp_per_floor":[70,70,70,70,70,70,70,70,70,70,70,70,70,72,72,72,72,74,74,74,74,74,76,76,76,76,86,86,86,88,90,90,90,90,92,94,94,94,96,98,100,100,100,114,114,114,116,116,116,116],"card_choices":[{"not_picked":["Slice","Distraction"],"picked":"Dagger Spray","floor":1.0},{"not_picked":["PiercingWail","Expertise"],"picked":"Caltrops","floor":4.0},{"not_picked":["Blade Dance","Dash"],"picked":"Backstab","floor":5.0},{"not_picked":["Doppelganger","Deflect"],"picked":"Poisoned Stab","floor":7.0},{"not_picked":["Eviscerate","Sucker Punch"],"picked":"Dodge and Roll","floor":11.0},{"not_picked":["Dodge and Roll","Dagger Throw"],"picked":"Backflip","floor":12.0},{"not_picked":["Skewer","Catalyst","Setup"],"picked":"Singing Bowl","floor":14.0},{"not_picked":["Unload","Venomology"],"picked":"After Image","floor":16.0},{"not_picked":["Acrobatics","Flying Knee+1","Dodge and Roll"],"picked":"Singing Bowl","floor":18.0},{"not_picked":["Blade Dance","Distraction","Poisoned Stab+1"],"picked":"Singing Bowl","floor":23.0},{"not_picked":["Blade Dance","Outmaneuver"],"picked":"Sucker Punch+1","floor":25.0},{"not_picked":["Night Terror","Acrobatics"],"picked":"Flying Knee+1","floor":27.0},{"not_picked":["Sucker Punch+1","Deadly Poison"],"picked":"Cloak And Dagger","floor":29.0},{"not_picked":["Dagger Throw+1","Underhanded Strike+1","Reflex"],"picked":"Singing Bowl","floor":30.0},{"not_picked":["Flechettes+1","Poisoned Stab+1","Venomology"],"picked":"Singing Bowl","floor":31.0},{"not_picked":["Doppelganger","Grand Finale+1"],"picked":"Adrenaline","floor":33.0},{"not_picked":["Prepared","Dagger Throw+1","Underhanded Strike+1"],"picked":"Singing Bowl","floor":35.0},{"not_picked":["Backstab+1","Deadly Poison+1","Acrobatics"],"picked":"Singing Bowl","floor":36.0},{"not_picked":["PiercingWail","Caltrops"],"picked":"Dodge and Roll+1","floor":38.0},{"not_picked":["Magnetism","Bandage Up","Metamorphosis"],"picked":"Singing Bowl","floor":39.0},{"not_picked":["Secret Weapon","Forethought"],"picked":"Apotheosis","floor":39.0},{"not_picked":["Endless Agony+1","Dagger Throw+1","Cloak And Dagger"],"picked":"Singing Bowl","floor":40},{"not_picked":["Slice+1","Prepared","Dodge and Roll"],"picked":"Singing Bowl","floor":41},{"not_picked":["Flechettes+1","Predator+1"],"picked":"Heel Hook+1","floor":46},{"not_picked":["Underhanded Strike+1","Dodge and Roll+1","Catalyst"],"picked":"Singing Bowl","floor":47},{"not_picked":["Finisher+1","Heel Hook+1"],"picked":"Footwork","floor":48}],"player_experience":613943,"relics_obtained":[{"floor":7.0,"key":"Singing Bowl"},{"floor":9.0,"key":"Centennial Puzzle"},{"floor":14.0,"key":"FossilizedHelix"},{"floor":23.0,"key":"War Paint"},{"floor":24.0,"key":"Darkstone Periapt"},{"floor":26.0,"key":"Sundial"},{"floor":27.0,"key":"Pear"},{"floor":28.0,"key":"Nilry\u0027s Codex"},{"floor":31.0,"key":"Blue Candle"},{"floor":32.0,"key":"Bag of Marbles"},{"floor":40,"key":"Snake Skull"},{"floor":42,"key":"Happy Flower"},{"floor":43,"key":"Pen Nib"},{"floor":44,"key":"Mango"},{"floor":46,"key":"Paper Crane"},{"floor":48,"key":"Bag of Preparation"},{"floor":49,"key":"Dodecahedron"}],"event_choices":[{"cards_removed":["Strike_G"],"damage_healed":0.0,"max_hp_gain":0.0,"max_hp_loss":0.0,"gold_gain":0.0,"event_name":"Golden Wing","player_choice":"Card Removal","floor":3.0,"gold_loss":0.0,"damage_taken":7.0},{"damage_healed":0.0,"max_hp_gain":0.0,"max_hp_loss":0.0,"gold_gain":0.0,"event_name":"Dead Adventurer","player_choice":"Searched \u00272\u0027 times","floor":11.0,"gold_loss":0.0,"damage_taken":0.0,"relics_obtained":["Shovel"]},{"damage_healed":0.0,"max_hp_gain":0.0,"max_hp_loss":0.0,"gold_gain":0.0,"event_name":"WeMeetAgain","player_choice":"Gave Potion","floor":13.0,"gold_loss":0.0,"damage_taken":0.0,"relics_obtained":["Bird Faced Urn"]},{"damage_healed":0.0,"max_hp_gain":0.0,"max_hp_loss":0.0,"gold_gain":0.0,"event_name":"Back to Basics","player_choice":"Simplicity","floor":19.0,"gold_loss":0.0,"damage_taken":0.0,"cards_upgraded":["Defend_G","Defend_G","Defend_G","Defend_G","Defend_G","Strike_G","Strike_G","Strike_G","Strike_G"]},{"damage_healed":0.0,"max_hp_gain":0.0,"max_hp_loss":0.0,"gold_gain":0.0,"event_name":"FaceTrader","player_choice":"Trade","floor":20.0,"gold_loss":0.0,"damage_taken":0.0,"relics_obtained":["CultistMask"]},{"damage_healed":0.0,"max_hp_gain":0.0,"max_hp_loss":0.0,"gold_gain":0.0,"cards_transformed":["Strike_G"],"event_name":"Transmorgrifier","player_choice":"Transformed","floor":22.0,"gold_loss":0.0,"damage_taken":0.0,"cards_obtained":["Expertise"]},{"damage_healed":0.0,"max_hp_gain":0.0,"max_hp_loss":0.0,"gold_gain":0.0,"event_name":"Cursed Tome","player_choice":"Obtained Book","floor":28.0,"gold_loss":0.0,"damage_taken":16.0},{"damage_healed":0.0,"max_hp_gain":0.0,"max_hp_loss":0.0,"gold_gain":0.0,"event_name":"Tomb of Lord Red Mask","player_choice":"Paid","floor":37.0,"gold_loss":11.0,"damage_taken":0.0,"relics_obtained":["Red Mask"]},{"damage_healed":0.0,"max_hp_gain":0.0,"max_hp_loss":0.0,"gold_gain":0.0,"event_name":"SensoryStone","player_choice":"Memory 2","floor":39.0,"gold_loss":0.0,"damage_taken":5.0},{"damage_healed":0,"gold_gain":0,"player_choice":"Embrace Madness","damage_taken":14,"max_hp_gain":0,"max_hp_loss":0,"event_name":"Winding Halls","floor":45,"gold_loss":0,"cards_obtained":["Madness","Madness"]}],"is_beta":false,"boss_relics":[{"not_picked":["Runic Dome","WristBlade"],"picked":"Ectoplasm"},{"not_picked":["Black Star","Eternal Feather"],"picked":"Ring of the Serpent"}],"items_purged_floors":[],"is_endless":false,"potions_floor_spawned":[4,5,11,12,27,29,33,36,41,48],"ascension_level":12}