{"gold_per_floor":[109,109,109,109,12,37,37,63,63,89,117,141,153,178,190,277,289,314,26,99,109,34,34,59,76,129,145,161,161,211,211,211,211],"floor_reached":33,"playtime":1120,"items_purged":["Strike_G"],"score":599,"play_id":"b9c7e5c3-2a54-464a-acad-d09166fd6b68","local_time":"20190102234343","is_ascension_mode":true,"campfire_choices":[{"data":"Backstab","floor":7,"key":"SMITH"},{"data":"Catalyst","floor":15,"key":"SMITH"},{"floor":23,"key":"REST"},{"data":"Strike_G","floor":29,"key":"PURGE"},{"floor":32,"key":"REST"}],"neow_cost":"NONE","seed_source_timestamp":1109302480874216,"circlet_count":0,"master_deck":["AscendersBane","Defend_G","Defend_G","Defend_G","Defend_G","Defend_G","Strike_G","Strike_G+1","Survivor+1","Neutralize","Dagger Spray","Backstab+1","Deadly Poison","Caltrops","Escape Plan","Crippling Poison","Deadly Poison","Catalyst+1","Deflect","Malaise","Well Laid Plans","PiercingWail","Cloak And Dagger","Wraith Form v2","Deflect"],"relics":["Ring of the Snake","NeowsBlessing","Vajra","Pantograph","Pear","MawBank","Bronze Scales","Black Star","TwistedFunnel","Darkstone Periapt","Peace Pipe","Thread and Needle","Bag of Preparation"],"potions_floor_usage":[10,16,18,21,24,31,33],"damage_taken":[{"damage":0,"enemies":"Jaw Worm","floor":1,"turns":1},{"damage":0,"enemies":"Lagavulin","floor":6,"turns":1},{"damage":0,"enemies":"3 Sentries","floor":8,"turns":1},{"damage":20,"enemies":"Lagavulin","floor":10,"turns":5},{"damage":0,"enemies":"Small Slimes","floor":11,"turns":4},{"damage":0,"enemies":"2 Louse","floor":12,"turns":1},{"damage":0,"enemies":"Blue Slaver","floor":14,"turns":3},{"damage":9,"enemies":"The Guardian","floor":16,"turns":6},{"damage":17,"enemies":"2 Thieves","floor":18,"turns":4},{"damage":7,"enemies":"Chosen","floor":21,"turns":5},{"damage":42,"enemies":"Gremlin Leader","floor":24,"turns":5},{"damage":2,"enemies":"Centurion and Healer","floor":25,"turns":8},{"damage":6,"enemies":"Shelled Parasite and Fungi","floor":27,"turns":4},{"damage":0,"enemies":"Snecko","floor":28,"turns":8},{"damage":9,"enemies":"Colosseum Slavers","floor":31,"turns":4},{"damage":82,"enemies":"Collector","floor":33,"turns":7}],"seed_played":"956042456033251591","potions_obtained":[{"floor":1,"key":"SteroidPotion"},{"floor":11,"key":"Energy Potion"},{"floor":14,"key":"AttackPotion"},{"floor":18,"key":"Weak Potion"},{"floor":21,"key":"Weak Potion"},{"floor":27,"key":"LiquidBronze"},{"floor":28,"key":"Regen Potion"}],"is_trial":false,"path_per_floor":["M","?","?","?","$","E","R","E","T","E","M","M","?","M","R","B",null,"M","$","T","M","$","R","E","M","T","M","M","R","?","?","R","B"],"character_chosen":"THE_SILENT","items_purchased":["Backstab","Deadly Poison","Well Laid Plans","TwistedFunnel"],"campfire_rested":2,"item_purchase_floors":[5,5,19,19],"current_hp_per_floor":[59,52,57,36,36,36,36,36,46,26,26,26,26,26,26,42,71,54,54,54,47,47,71,29,27,27,21,21,21,21,26,50,0],"gold":211,"neow_bonus":"THREE_ENEMY_KILL","is_prod":false,"is_daily":false,"chose_seed":false,"campfire_upgraded":2,"win_rate":0,"timestamp":1546501423,"path_taken":["M","?","?","?","?","E","R","E","T","E","M","M","?","M","R","BOSS","M","?","?","M","$","R","E","M","T","?","M","R","?","?","R","BOSS"],"build_version":"2018-12-20","purchased_purges":1,"victory":false,"max_hp_per_floor":[66,66,71,71,71,71,71,71,81,81,81,81,81,81,81,81,81,81,81,81,81,81,81,81,81,81,81,81,81,81,81,81,81],"card_choices":[{"not_picked":["Skewer","Underhanded Strike"],"picked":"Dagger Spray","floor":1},{"not_picked":["Masterful Stab","Accuracy"],"picked":"Caltrops","floor":6},{"not_picked":["Flying Knee","Quick Slash"],"picked":"Escape Plan","floor":8},{"not_picked":["Underhanded Strike","Bane"],"picked":"Crippling Poison","floor":10},{"not_picked":["Bane","Outmaneuver"],"picked":"Deadly Poison","floor":11},{"not_picked":["Blade Dance","Accuracy"],"picked":"Catalyst","floor":12},{"not_picked":["Riddle With Holes","Dagger Throw"],"picked":"Deflect","floor":14},{"not_picked":["Phantasmal Killer","After Image"],"picked":"Malaise","floor":16},{"not_picked":["Dodge and Roll","Prepared","Cloak And Dagger"],"picked":"SKIP","floor":18},{"not_picked":["Riddle With Holes","Dagger Spray"],"picked":"PiercingWail","floor":21},{"not_picked":["Slice+1","Terror"],"picked":"Cloak And Dagger","floor":24},{"not_picked":["Bane","Deadly Poison","Sucker Punch"],"picked":"SKIP","floor":25},{"not_picked":["Riddle With Holes","Sucker Punch"],"picked":"Wraith Form v2","floor":27},{"not_picked":["Flying Knee","Distraction"],"picked":"Deflect","floor":28}],"player_experience":1049543,"relics_obtained":[{"floor":6,"key":"Vajra"},{"floor":8,"key":"Pantograph"},{"floor":9,"key":"Pear"},{"floor":10,"key":"MawBank"},{"floor":13,"key":"Bronze Scales"},{"floor":20,"key":"Darkstone Periapt"},{"floor":24,"key":"Peace Pipe"},{"floor":24,"key":"Thread and Needle"},{"floor":26,"key":"Bag of Preparation"}],"event_choices":[{"cards_removed":["Strike_G"],"damage_healed":0,"gold_gain":0,"player_choice":"Card Removal","damage_taken":7,"max_hp_gain":0,"max_hp_loss":0,"event_name":"Golden Wing","floor":2,"gold_loss":0},{"damage_healed":0,"gold_gain":0,"player_choice":"Donut","damage_taken":0,"max_hp_gain":5,"max_hp_loss":0,"event_name":"Big Fish","floor":3,"gold_loss":0},{"damage_healed":0,"gold_gain":0,"player_choice":"Entered Light","damage_taken":21,"max_hp_gain":0,"max_hp_loss":0,"event_name":"Shining Light","floor":4,"gold_loss":0,"cards_upgraded":["Strike_G","Survivor"]},{"damage_healed":0,"gold_gain":0,"player_choice":"Relic","damage_taken":0,"max_hp_gain":0,"max_hp_loss":0,"event_name":"Wheel of Change","floor":13,"gold_loss":0},{"damage_healed":0,"gold_gain":50,"player_choice":"Stole From Cult","damage_taken":0,"max_hp_gain":0,"max_hp_loss":0,"event_name":"Nest","floor":30,"gold_loss":0},{"damage_healed":0,"gold_gain":0,"player_choice":"Fight","damage_taken":0,"max_hp_gain":0,"max_hp_loss":0,"event_name":"Colosseum","floor":31,"gold_loss":0},{"damage_healed":0,"gold_gain":0,"player_choice":"Fled From Nobs","damage_taken":0,"max_hp_gain":0,"max_hp_loss":0,"event_name":"Colosseum","floor":31,"gold_loss":0}],"is_beta":false,"boss_relics":[{"not_picked":["Philosopher\u0027s Stone","Calling Bell"],"picked":"Black Star"}],"items_purged_floors":[22],"is_endless":false,"potions_floor_spawned":[1,11,14,18,21,27,28],"killed_by":"Collector","ascension_level":16}