{"gold_per_floor":[116,133,58,68,83,83,83,111,193,193,193,209,209,279,279,279],"floor_reached":16,"playtime":683,"items_purged":[],"score":220,"play_id":"2057e693-4c0d-4acd-a7f8-734f754cc52e","local_time":"20190403164647","is_ascension_mode":true,"campfire_choices":[{"floor":6,"key":"REST"},{"floor":10,"key":"REST"},{"data":"Dash","floor":13,"key":"SMITH"},{"floor":15,"key":"REST"}],"neow_cost":"NONE","seed_source_timestamp":946102433217303,"circlet_count":0,"master_deck":["AscendersBane","Defend_G","Defend_G","Defend_G","Defend_G","Defend_G","Strike_G","Strike_G","Strike_G","Survivor+1","Neutralize","Bullet Time","Cloak And Dagger","Terror","Blade Dance+1","Dash+1","Flechettes","Prepared","Dodge and Roll"],"relics":["Ring of the Snake","Unceasing Top","Mercury Hourglass","Golden Idol","Tiny Chest"],"potions_floor_usage":[16],"damage_taken":[{"damage":1,"enemies":"Small Slimes","floor":1,"turns":4},{"damage":0,"enemies":"Jaw Worm","floor":2,"turns":5},{"damage":0,"enemies":"Cultist","floor":4,"turns":4},{"damage":33,"enemies":"Exordium Thugs","floor":5,"turns":9},{"damage":20,"enemies":"Gremlin Nob","floor":8,"turns":4},{"damage":3,"enemies":"Large Slime","floor":12,"turns":2},{"damage":8,"enemies":"Lagavulin","floor":14,"turns":7},{"damage":30,"enemies":"Slime Boss","floor":16,"turns":9}],"seed_played":"-7767939427290777332","potions_obtained":[{"floor":5,"key":"Swift Potion"}],"is_trial":false,"path_per_floor":["M","M","?","M","M","R","?","E","T","R","?","M","R","E","R","B"],"character_chosen":"THE_SILENT","items_purchased":[],"campfire_rested":3,"item_purchase_floors":[],"current_hp_per_floor":[58,58,58,58,25,44,24,4,4,23,23,20,20,12,30,0],"gold":279,"neow_bonus":"TRANSFORM_CARD","is_prod":false,"is_daily":false,"chose_seed":false,"campfire_upgraded":1,"win_rate":0,"timestamp":1554331607,"path_taken":["M","M","?","M","M","R","?","E","T","R","?","M","R","E","R","BOSS"],"build_version":"2019-03-15","purchased_purges":0,"victory":false,"max_hp_per_floor":[66,66,66,66,66,66,66,66,66,66,60,60,60,60,60,60],"card_choices":[{"not_picked":["Bane","Sucker Punch"],"picked":"Cloak And Dagger","floor":1},{"not_picked":["Dodge and Roll","Calculated Gamble"],"picked":"Terror","floor":2},{"not_picked":["Flying Knee","Slice"],"picked":"Blade Dance","floor":4},{"not_picked":["Bane","Blade Dance"],"picked":"Dash","floor":5},{"not_picked":["Endless Agony","Underhanded Strike"],"picked":"Flechettes","floor":8},{"not_picked":["Poisoned Stab","Sucker Punch"],"picked":"Prepared","floor":12},{"not_picked":["Outmaneuver","Dagger Throw"],"picked":"Dodge and Roll","floor":14}],"player_experience":2735649,"relics_obtained":[{"floor":8,"key":"Unceasing Top"},{"floor":9,"key":"Mercury Hourglass"},{"floor":14,"key":"Tiny Chest"}],"event_choices":[{"cards_removed":["Strike_G"],"damage_healed":0,"gold_gain":0,"player_choice":"Card Removal","damage_taken":0,"max_hp_gain":0,"max_hp_loss":0,"event_name":"The Cleric","floor":3,"gold_loss":75},{"damage_healed":0,"gold_gain":0,"player_choice":"Entered Light","damage_taken":20,"max_hp_gain":0,"max_hp_loss":0,"event_name":"Shining Light","floor":7,"gold_loss":0,"cards_upgraded":["Blade Dance","Survivor"]},{"damage_healed":0,"gold_gain":0,"player_choice":"Lose Max HP","damage_taken":0,"relics_obtained":["Golden Idol"],"max_hp_gain":0,"max_hp_loss":6,"event_name":"Golden Idol","floor":11,"gold_loss":0}],"is_beta":true,"boss_relics":[],"items_purged_floors":[],"is_endless":false,"potions_floor_spawned":[5],"killed_by":"Slime Boss","ascension_level":20}