{"path_per_floor":["M","M","?","M","?","R","M","E","T","?","M","M","$","?","R"],"character_chosen":"THE_SILENT","items_purchased":["Blur","Adrenaline"],"gold_per_floor":[118,129,204,223,223,223,241,276,276,241,259,273,0,0,0],"floor_reached":16,"campfire_rested":1,"playtime":1162,"current_hp_per_floor":[61,61,50,43,36,36,35,13,13,30,27,21,21,21,42],"items_purged":["Defend_G"],"gold":0,"score":112,"play_id":"afd9b0b8-7dd1-4b26-bd9b-7d74362552f8","is_prod":false,"is_daily":false,"is_ascension_mode":true,"campfire_upgraded":1,"path_taken":["M","?","?","M","?","R","M","E","T","?","M","M","$","?","R","BOSS"],"build_version":"2018-02-12-PROD1","purchased_purges":1,"victory":false,"master_deck":["Defend_G","Defend_G","Defend_G","Defend_G","Strike_G","Strike_G","Strike_G","Strike_G","Survivor","Neutralize+1","Poisoned Stab","Acrobatics","Dagger Throw","Escape Plan","Sucker Punch","Poisoned Stab","Sucker Punch","Blur","Adrenaline+1"],"max_hp_per_floor":[70,70,70,70,70,70,70,70,70,70,70,70,70,70,70],"relics":["Ring of the Snake","Dodecahedron","Dead Branch"],"card_choices":[{"not_picked":["Underhanded Strike","Backflip"],"picked":"Poisoned Stab"},{"not_picked":["Slice","Deflect"],"picked":"Acrobatics"},{"not_picked":["Deflect","Blur"],"picked":"Dagger Throw"},{"not_picked":["Quick Slash","Leg Sweep"],"picked":"Escape Plan"},{"not_picked":["Doppelganger","Riddle With Holes"],"picked":"Sucker Punch"},{"not_picked":["Terror","Dodge and Roll"],"picked":"Poisoned Stab"},{"not_picked":["PiercingWail","Footwork"],"picked":"Sucker Punch"}],"player_experience":83585,"potions_floor_usage":[16,16],"damage_taken":[{"damage":9,"enemies":"Blue Slaver","floor":1,"turns":4},{"damage":0,"enemies":"Cultist","floor":2,"turns":3},{"damage":7,"enemies":"Small Slimes","floor":4,"turns":3},{"damage":1,"enemies":"3 Louse","floor":7,"turns":5},{"damage":22,"enemies":"Lagavulin","floor":8,"turns":8},{"damage":3,"enemies":"Looter","floor":11,"turns":4},{"damage":6,"enemies":"Large Slime","floor":12,"turns":6},{"damage":56,"enemies":"Slime Boss","floor":16,"turns":13}],"event_choices":[{"event_name":"World of Goop","player_choice":"Gather Gold","floor":3,"damage_taken":0},{"event_name":"Golden Wing","player_choice":"Card Removal","floor":5,"damage_taken":0},{"event_name":"The Cleric","player_choice":"Healed","floor":10,"damage_taken":0},{"event_name":"Living Wall","player_choice":"Grow","floor":14,"damage_taken":0}],"boss_relics":[],"potions_floor_spawned":[11,12],"seed_played":"-7297103771818700127","killed_by":"Slime Boss","ascension_level":2,"is_trial":false}