{"gold_per_floor":[114,39,39,39,39,70,98,98,125,179,179,191,180,192,204,216],"floor_reached":16,"playtime":375,"items_purged":["Zap"],"score":117,"play_id":"15673a58-a57a-4008-9aef-f489573167c8","local_time":"20181011191504","daily_mods":["Chimera","Flight","Careless"],"is_ascension_mode":true,"campfire_choices":[{"floor":8,"key":"REST"},{"data":"Cleave","floor":15,"key":"SMITH"}],"neow_cost":"","seed_source_timestamp":66086366180606,"circlet_count":0,"master_deck":["Bash","Survivor","Strike_R","Strike_G","Defend_R","Defend_G","Defend_B","Cleave+1"],"relics":["Burning Blood","Juzu Bracelet","Kunai","Anchor","Potion Belt","MawBank"],"potions_floor_usage":[6],"damage_taken":[{"damage":1,"enemies":"Cultist","floor":1,"turns":3},{"damage":40,"enemies":"Lagavulin","floor":6,"turns":5},{"damage":36,"enemies":"3 Sentries","floor":7,"turns":12},{"damage":67,"enemies":"Slime Boss","floor":16,"turns":9}],"seed_played":"-6951886201851588777","potions_obtained":[{"floor":1,"key":"SkillPotion"},{"floor":7,"key":"Ancient Potion"}],"is_trial":true,"path_per_floor":["M","$","?","$","?","E","E","R","T","T","?","?","?","?","R"],"character_chosen":"IRONCLAD","items_purchased":[],"campfire_rested":1,"item_purchase_floors":[],"current_hp_per_floor":[80,80,73,73,73,39,9,33,33,33,26,26,26,52,52,0],"gold":216,"neow_bonus":"","is_prod":false,"is_daily":false,"chose_seed":false,"campfire_upgraded":1,"win_rate":0,"timestamp":1539299704,"path_taken":["M","$","?","$","?","E","E","R","T","?","?","?","?","?","R","BOSS"],"build_version":"2018-10-04v2","purchased_purges":1,"victory":false,"max_hp_per_floor":[80,80,80,80,80,80,80,80,80,80,80,80,80,80,80,80],"card_choices":[{"not_picked":["Battle Trance","Hemokinesis"],"picked":"Cleave","floor":1},{"not_picked":["Feel No Pain","Entrench","Evolve"],"picked":"SKIP","floor":6},{"not_picked":["Twin Strike","Bloodletting","Heavy Blade"],"picked":"SKIP","floor":7}],"player_experience":230490,"relics_obtained":[{"floor":6,"key":"Juzu Bracelet"},{"floor":7,"key":"Kunai"},{"floor":9,"key":"Anchor"},{"floor":10,"key":"Potion Belt"}],"event_choices":[{"event_name":"Golden Wing","player_choice":"Card Removal","floor":3,"damage_taken":0},{"event_name":"Liars Game","player_choice":"disagreed","floor":5,"damage_taken":0},{"event_name":"Scrap Ooze","player_choice":"success","floor":11,"damage_taken":7},{"event_name":"Shining Light","player_choice":"Ignored","floor":12,"damage_taken":0},{"event_name":"World of Goop","player_choice":"Left","floor":13,"damage_taken":0},{"event_name":"Big Fish","player_choice":"Banana","floor":14,"damage_taken":0}],"is_beta":false,"boss_relics":[],"items_purged_floors":[2],"is_endless":false,"potions_floor_spawned":[1,7],"killed_by":"Slime Boss","ascension_level":3}