{"gold_per_floor":[118,293,293,313,323,323,337,364,364,22,22,34,34,17,17,120,120,130,130,230,200],"floor_reached":21,"playtime":475,"items_purged":["Doubt"],"score":230,"play_id":"5d5cb6eb-15a0-440c-a771-81028098c71a","local_time":"20181017014126","is_ascension_mode":true,"campfire_choices":[{"data":"Scrape","floor":6,"key":"SMITH"},{"data":"Seek","floor":15,"key":"SMITH"}],"neow_cost":"NONE","seed_source_timestamp":546313442481217,"circlet_count":0,"master_deck":["Strike_B","Strike_B","Strike_B+1","Strike_B","Defend_B","Defend_B","Defend_B","Defend_B","Zap","Dualcast+1","Scrape+1","Rebound","Go for the Eyes","Chill","Ball Lightning","Go for the Eyes","Beam Cell","Streamline","Seek+1","Chaos","Fission","White Noise+1"],"relics":["Cracked Core","Bag of Marbles","Torii","Nunchaku","Membership Card","Omamori","Eternal Feather"],"potions_floor_usage":[19],"damage_taken":[{"damage":2,"enemies":"Jaw Worm","floor":1,"turns":3},{"damage":0,"enemies":"2 Louse","floor":4,"turns":1},{"damage":0,"enemies":"Small Slimes","floor":5,"turns":1},{"damage":6,"enemies":"Exordium Thugs","floor":7,"turns":2},{"damage":8,"enemies":"3 Sentries","floor":8,"turns":8},{"damage":6,"enemies":"Lots of Slimes","floor":12,"turns":2},{"damage":39,"enemies":"The Guardian","floor":16,"turns":9},{"damage":25,"enemies":"Spheric Guardian","floor":18,"turns":4},{"damage":41,"enemies":"Colosseum Slavers","floor":19,"turns":5},{"damage":12,"enemies":"2 Thieves","floor":21,"turns":1}],"seed_played":"3481824331496683950","potions_obtained":[{"floor":1,"key":"Energy Potion"},{"floor":12,"key":"Energy Potion"},{"floor":16,"key":"Regen Potion"},{"floor":18,"key":"Poison Potion"}],"is_trial":false,"path_per_floor":["M","?","?","M","M","R","M","E","T","$","?","M","?","$","R","B",null,"M","?","?"],"character_chosen":"DEFECT","items_purchased":["Membership Card","Go for the Eyes","Beam Cell","Omamori","Chaos"],"campfire_rested":0,"item_purchase_floors":[10,10,10,10,14],"current_hp_per_floor":[66,66,51,51,51,51,45,37,37,37,55,49,49,49,49,10,59,34,7,7,0],"gold":200,"neow_bonus":"RANDOM_COMMON_RELIC","is_prod":false,"is_daily":false,"chose_seed":false,"campfire_upgraded":2,"win_rate":0,"timestamp":1539765686,"path_taken":["M","?","?","M","M","R","?","E","T","$","?","M","?","?","R","BOSS","M","?","?","M"],"build_version":"2018-10-11","purchased_purges":1,"victory":false,"max_hp_per_floor":[75,75,75,75,75,75,75,75,75,75,75,75,75,75,75,75,75,75,75,75,75],"card_choices":[{"not_picked":["Steam","Ball Lightning"],"picked":"Scrape","floor":1},{"not_picked":["Cold Snap","Hologram"],"picked":"Rebound","floor":4},{"not_picked":["Consume","Steam"],"picked":"Go for the Eyes","floor":5},{"not_picked":["Darkness","Aggregate"],"picked":"Chill","floor":7},{"not_picked":["Coolheaded","Force Field"],"picked":"Ball Lightning","floor":8},{"not_picked":["Static Discharge","Storm"],"picked":"Streamline","floor":12},{"not_picked":["Rainbow","Seek"],"picked":"Fission","floor":16},{"not_picked":["Static Discharge","Streamline"],"picked":"White Noise+1","floor":18}],"player_experience":539787,"relics_obtained":[{"floor":8,"key":"Torii"},{"floor":9,"key":"Nunchaku"}],"event_choices":[{"event_name":"Liars Game","player_choice":"agreed","floor":2,"damage_taken":0},{"event_name":"Shining Light","player_choice":"Entered Light","floor":3,"damage_taken":0},{"event_name":"Mushrooms","player_choice":"Healed and dodged fight","floor":11,"damage_taken":0},{"event_name":"Match and Keep!","player_choice":"1 cards matched","floor":13,"damage_taken":0},{"event_name":"Colosseum","player_choice":"Fight","floor":19,"damage_taken":0},{"event_name":"Colosseum","player_choice":"Fled From Nobs","floor":19,"damage_taken":0},{"event_name":"Golden Shrine","player_choice":"Pray","floor":20,"damage_taken":0}],"is_beta":false,"boss_relics":[{"not_picked":["Tiny House","Empty Cage"],"picked":"Eternal Feather"}],"items_purged_floors":[10],"is_endless":false,"potions_floor_spawned":[1,12,16,18],"killed_by":"2 Thieves","ascension_level":6}