{"gold_per_floor":[365,123,137,55,55,95,95,134,134,70,94,94,130,143,143,267,267,288,301,276,292,292,292,292],"floor_reached":24,"playtime":2344,"items_purged":["Strike_B"],"score":368,"play_id":"b3022007-a8e9-4a40-8973-dc7077b8e593","local_time":"20190324171913","is_ascension_mode":true,"campfire_choices":[{"data":"Streamline","floor":7.0,"key":"SMITH"},{"data":"Coolheaded","floor":12.0,"key":"SMITH"},{"data":"Loop","floor":15.0,"key":"SMITH"},{"data":"Genetic Algorithm","floor":23,"key":"SMITH"}],"neow_cost":"TEN_PERCENT_HP_LOSS","seed_source_timestamp":0,"circlet_count":0,"master_deck":["Defend_B","Defend_B","Defend_B","Defend_B","Zap","Dualcast","Streamline+1","Coolheaded+1","Lockon","Self Repair","Hologram","Loop+1","Ball Lightning+1","Creative AI","Doom and Gloom+1","Beam Cell+1","Beam Cell+1","Genetic Algorithm+1","Compile Driver+1","Conserve Battery","Stack","Bite+1","Bite+1","Bite+1","Bite+1","Bite+1"],"special_seed":0,"relics":["Cracked Core","DataDisk","Golden Idol","Symbiotic Virus","Molten Egg 2","Bottled Lightning","Blue Candle","Boot","Astrolabe"],"potions_floor_usage":[16,21],"damage_taken":[{"damage":4.0,"enemies":"Small Slimes","floor":1.0,"turns":3.0},{"damage":0.0,"enemies":"Cultist","floor":3.0,"turns":3.0},{"damage":21.0,"enemies":"Lagavulin","floor":6.0,"turns":8.0},{"damage":2.0,"enemies":"3 Sentries","floor":8.0,"turns":8.0},{"damage":2.0,"enemies":"2 Louse","floor":11.0,"turns":2.0},{"damage":12.0,"enemies":"Lagavulin","floor":13.0,"turns":5.0},{"damage":7.0,"enemies":"2 Fungi Beasts","floor":14.0,"turns":4.0},{"damage":0,"enemies":"Slime Boss","floor":16,"turns":5},{"damage":17,"enemies":"Shell Parasite","floor":18,"turns":3},{"damage":9,"enemies":"3 Byrds","floor":19,"turns":3},{"damage":14,"enemies":"Centurion and Healer","floor":21,"turns":8},{"damage":31,"enemies":"Slavers","floor":24,"turns":1}],"seed_played":"2433583241543764728","potions_obtained":[{"floor":6.0,"key":"Dexterity Potion"},{"floor":13.0,"key":"PowerPotion"},{"floor":16,"key":"SpeedPotion"},{"floor":19,"key":"Poison Potion"}],"is_trial":false,"path_per_floor":["M","$","M","$","?","E","R","E","T","?","M","R","E","M","R","B",null,"M","M","$","M","?","R","E"],"character_chosen":"DEFECT","items_purchased":["DataDisk","Coolheaded","Self Repair","Conserve Battery"],"campfire_rested":0,"item_purchase_floors":[2,2,4,20],"current_hp_per_floor":[64,64,64,64,47,33,33,31,31,31,29,29,24,24,24,24,57,47,38,38,31,31,31,0],"gold":292,"neow_bonus":"TWO_FIFTY_GOLD","is_prod":false,"is_daily":false,"chose_seed":false,"campfire_upgraded":4,"win_rate":0,"timestamp":1553447953,"path_taken":["M","$","M","$","?","E","R","E","T","?","M","R","E","M","R","BOSS","M","M","$","?","?","R","E"],"build_version":"2019-01-23","purchased_purges":1,"victory":false,"max_hp_per_floor":[68,68,68,68,68,68,68,68,68,68,68,68,68,68,68,68,68,68,68,68,68,47,47,47],"card_choices":[{"not_picked":["Compile Driver","Conserve Battery"],"picked":"Streamline","floor":1.0},{"not_picked":["Force Field","Tempest"],"picked":"Lockon","floor":3.0},{"not_picked":["Redo","Coolheaded","Rainbow"],"picked":"SKIP","floor":6.0},{"not_picked":["Steam Power","Streamline","Gash"],"picked":"SKIP","floor":8.0},{"not_picked":["Doom and Gloom+1","Gash+1"],"picked":"Hologram","floor":11.0},{"not_picked":["Coolheaded","Ball Lightning+1"],"picked":"Loop","floor":13.0},{"not_picked":["FTL+1","Compile Driver+1"],"picked":"Ball Lightning+1","floor":14.0},{"not_picked":["Amplify","Fission"],"picked":"Creative AI","floor":16},{"not_picked":["Auto Shields+1","Sunder+1"],"picked":"Genetic Algorithm","floor":18},{"not_picked":["FTL+1","Gash+1"],"picked":"Compile Driver+1","floor":19},{"not_picked":["Leap","Cold Snap+1"],"picked":"Stack","floor":21}],"player_experience":737540,"relics_obtained":[{"floor":6.0,"key":"Symbiotic Virus"},{"floor":8.0,"key":"Molten Egg 2"},{"floor":9.0,"key":"Bottled Lightning"},{"floor":13.0,"key":"Boot"}],"event_choices":[{"damage_healed":0.0,"max_hp_gain":0.0,"max_hp_loss":0.0,"gold_gain":0.0,"event_name":"Golden Idol","player_choice":"Take Damage","floor":5.0,"gold_loss":0.0,"damage_taken":17.0,"relics_obtained":["Golden Idol"]},{"damage_healed":0.0,"max_hp_gain":0.0,"max_hp_loss":0.0,"gold_gain":0.0,"event_name":"WeMeetAgain","player_choice":"Paid Gold","floor":10.0,"gold_loss":64.0,"damage_taken":0.0,"relics_obtained":["Blue Candle"]},{"damage_healed":0,"gold_gain":0,"player_choice":"Became a vampire","damage_taken":0,"max_hp_gain":0,"max_hp_loss":21,"event_name":"Vampires","floor":22,"gold_loss":0,"cards_obtained":["Bite","Bite","Bite","Bite","Bite"]}],"is_beta":false,"boss_relics":[{"not_picked":["Calling Bell","Eternal Feather"],"picked":"Astrolabe"}],"items_purged_floors":[2],"is_endless":false,"potions_floor_spawned":[6,13,16,19],"killed_by":"Slavers","ascension_level":6}