{"gold_per_floor":[113,113,123,123,143,143,168,194,194,194,224,242,262,2,2,2],"floor_reached":16,"playtime":341,"items_purged":["Strike_B"],"score":143,"play_id":"0e5223f8-d8f2-4967-9cc4-5830692f22ca","local_time":"20181016121555","is_ascension_mode":true,"campfire_choices":[{"data":"Doom and Gloom","floor":6,"key":"SMITH"},{"floor":10,"key":"REST"},{"floor":15,"key":"REST"}],"neow_cost":"","seed_source_timestamp":498119182808517,"circlet_count":0,"master_deck":["Strike_B","Strike_B","Strike_B","Defend_B","Defend_B","Defend_B","Defend_B","Zap","Dualcast","Chill+1","Rebound","Doom and Gloom+1","Seek","Melter","Self Repair","Steam Power","Capacitor","Sunder","Undo","Discovery"],"relics":["Cracked Core","Happy Flower","Oddly Smooth Stone","Prayer Wheel","Bottled Flame","Bag of Marbles"],"potions_floor_usage":[11,16],"damage_taken":[{"damage":1,"enemies":"2 Louse","floor":1,"turns":2},{"damage":8,"enemies":"Small Slimes","floor":3,"turns":4},{"damage":0,"enemies":"Jaw Worm","floor":5,"turns":3},{"damage":15,"enemies":"Lagavulin","floor":8,"turns":5},{"damage":26,"enemies":"Gremlin Nob","floor":11,"turns":4},{"damage":5,"enemies":"Blue Slaver","floor":12,"turns":2},{"damage":9,"enemies":"Looter","floor":13,"turns":2},{"damage":50,"enemies":"Slime Boss","floor":16,"turns":8}],"seed_played":"8373379238657000805","potions_obtained":[{"floor":1,"key":"SmokeBomb"},{"floor":3,"key":"Fire Potion"},{"floor":12,"key":"Ancient Potion"}],"is_trial":false,"path_per_floor":["M","?","M","?","M","R","T","E","T","R","E","M","M","$","R"],"character_chosen":"DEFECT","items_purchased":["Undo","Discovery","Block Potion"],"campfire_rested":2,"item_purchase_floors":[14,14,14],"current_hp_per_floor":[67,55,47,47,47,47,47,32,32,54,28,23,21,21,43,0],"gold":2,"neow_bonus":"","is_prod":false,"is_daily":false,"chose_seed":false,"campfire_upgraded":1,"win_rate":0,"timestamp":1539717355,"path_taken":["M","?","M","?","?","R","?","E","T","R","E","M","M","$","R","BOSS"],"build_version":"2018-10-11","purchased_purges":1,"victory":false,"max_hp_per_floor":[75,75,75,75,75,75,75,75,75,75,75,75,75,75,75,75],"card_choices":[{"not_picked":["Steam Power","Chaos"],"picked":"Chill","floor":1},{"not_picked":["Cold Snap","Steam Power"],"picked":"Rebound","floor":3},{"not_picked":["Rebound","Beam Cell"],"picked":"Doom and Gloom","floor":5},{"not_picked":["Leap","Sweeping Beam"],"picked":"Seek","floor":8},{"not_picked":["Rebound","Steam"],"picked":"Melter","floor":11},{"not_picked":["Leap","Cold Snap"],"picked":"Self Repair","floor":12},{"not_picked":["Go for the Eyes","Ball Lightning"],"picked":"Steam Power","floor":12},{"not_picked":["Leap","Coolheaded"],"picked":"Capacitor","floor":13},{"not_picked":["Gash","Doom and Gloom"],"picked":"Sunder","floor":13}],"player_experience":532550,"relics_obtained":[{"floor":7,"key":"Oddly Smooth Stone"},{"floor":8,"key":"Prayer Wheel"},{"floor":9,"key":"Bottled Flame"},{"floor":11,"key":"Bag of Marbles"}],"event_choices":[{"event_name":"Scrap Ooze","player_choice":"success","floor":2,"damage_taken":12},{"event_name":"Living Wall","player_choice":"Grow","floor":4,"damage_taken":0}],"is_beta":false,"boss_relics":[],"items_purged_floors":[14],"is_endless":false,"potions_floor_spawned":[1,3,12],"killed_by":"Slime Boss","ascension_level":6}