{"gold_per_floor":[118,135,135,5,24,24,53,53,76,91,91,129,142,186,186,281,281,306,69,82,98,78,78,101,101,170,70,70],"floor_reached":28,"playtime":1523,"items_purged":["Strike_R","Strike_R"],"score":456,"play_id":"f07ea280-7d28-4e0a-967e-93029eaec2d9","local_time":"20190906224148","is_ascension_mode":true,"campfire_choices":[{"data":"Bash","floor":6.0,"key":"SMITH"},{"data":"Carnage","floor":8.0,"key":"SMITH"},{"data":"Inflame","floor":15,"key":"SMITH"},{"floor":23,"key":"REST"},{"data":"Fiend Fire","floor":25,"key":"SMITH"}],"neow_cost":"NONE","seed_source_timestamp":175451061678800,"circlet_count":0,"master_deck":["AscendersBane","Strike_R","Strike_R","Strike_R","Defend_R","Defend_R","Defend_R","Defend_R","Bash+1","Inflame","Carnage+1","Headbutt","Corruption","Inflame+1","Heavy Blade","Hemokinesis","Fiend Fire+1","Sword Boomerang+1"],"special_seed":0,"relics":["Burning Blood","Bag of Preparation","Boot","Golden Idol","Odd Mushroom","Kunai","Runic Pyramid","Regal Pillow","Pantograph"],"potions_floor_usage":[16,28],"damage_taken":[{"damage":7.0,"enemies":"Jaw Worm","floor":1.0,"turns":5.0},{"damage":0.0,"enemies":"2 Louse","floor":2.0,"turns":4.0},{"damage":0.0,"enemies":"Cultist","floor":5.0,"turns":2.0},{"damage":8.0,"enemies":"Gremlin Nob","floor":7.0,"turns":3.0},{"damage":21.0,"enemies":"Lots of Slimes","floor":10.0,"turns":5.0},{"damage":6.0,"enemies":"The Mushroom Lair","floor":12.0,"turns":3.0},{"damage":6,"enemies":"Exordium Thugs","floor":13,"turns":3},{"damage":23,"enemies":"Lagavulin","floor":14,"turns":5},{"damage":15,"enemies":"Slime Boss","floor":16,"turns":7},{"damage":6,"enemies":"Spheric Guardian","floor":18,"turns":3},{"damage":43,"enemies":"Shell Parasite","floor":20,"turns":5},{"damage":20,"enemies":"Sentry and Sphere","floor":21,"turns":4},{"damage":37,"enemies":"Shelled Parasite and Fungi","floor":24,"turns":4},{"damage":28,"enemies":"Chosen and Byrds","floor":28,"turns":5}],"seed_played":"8882704035202647794","potions_obtained":[{"floor":2.0,"key":"Ancient Potion"},{"floor":7.0,"key":"Strength Potion"},{"floor":14,"key":"Fire Potion"},{"floor":16,"key":"Ancient Potion"},{"floor":22,"key":"PowerPotion"}],"is_trial":false,"path_per_floor":["M","M","?","$","M","R","E","R","T","M","?","?","M","E","R","B",null,"M","$","M","M","?","R","M","R","T","$","M"],"character_chosen":"IRONCLAD","items_purchased":["Headbutt","Corruption","Regal Pillow"],"campfire_rested":1,"item_purchase_floors":[4,4,19],"current_hp_per_floor":[74,80,85,85,87,87,85,85,85,70,70,70,70,53,53,44,70,70,70,33,19,19,57,26,26,26,26,0],"gold":70,"neow_bonus":"TEN_PERCENT_HP_BONUS","is_prod":false,"is_daily":false,"chose_seed":false,"campfire_upgraded":4,"win_rate":0,"timestamp":1567824108,"path_taken":["M","M","?","$","M","R","E","R","T","M","?","?","?","E","R","BOSS","M","$","M","M","?","R","?","R","T","$","?"],"build_version":"2019-07-17","purchased_purges":2,"victory":false,"max_hp_per_floor":[82,82,87,87,87,87,87,87,87,87,79,79,79,79,79,79,79,79,79,79,79,79,79,79,79,79,79,79],"card_choices":[{"not_picked":["Perfected Strike","Clothesline"],"picked":"Inflame","floor":1.0},{"not_picked":["Cleave","Entrench"],"picked":"Carnage","floor":2.0},{"not_picked":["Headbutt","Flex","Twin Strike"],"picked":"SKIP","floor":5.0},{"not_picked":["Barricade","Armaments"],"picked":"Inflame","floor":7.0},{"not_picked":["Dropkick","Rampage"],"picked":"Heavy Blade","floor":10.0},{"not_picked":["Cleave","Wild Strike"],"picked":"Hemokinesis","floor":13},{"not_picked":["Headbutt","Inflame","Bludgeon"],"picked":"SKIP","floor":14},{"not_picked":["Impervious","Berserk"],"picked":"Fiend Fire","floor":16},{"not_picked":["Twin Strike","Corruption"],"picked":"Sword Boomerang+1","floor":18},{"not_picked":["Spot Weakness","Rampage","Headbutt"],"picked":"SKIP","floor":20},{"not_picked":["Blood for Blood","Havoc","Headbutt"],"picked":"SKIP","floor":21},{"not_picked":["Body Slam","Thunderclap","Clash"],"picked":"SKIP","floor":24}],"player_experience":2750351,"relics_obtained":[{"floor":7.0,"key":"Bag of Preparation"},{"floor":9.0,"key":"Boot"},{"floor":12.0,"key":"Odd Mushroom"},{"floor":14,"key":"Kunai"},{"floor":26,"key":"Pantograph"}],"event_choices":[{"damage_healed":0.0,"max_hp_gain":5.0,"max_hp_loss":0.0,"gold_gain":0.0,"event_name":"Big Fish","player_choice":"Donut","floor":3.0,"gold_loss":0.0,"damage_taken":0.0},{"damage_healed":0.0,"max_hp_gain":0.0,"max_hp_loss":8.0,"gold_gain":0.0,"event_name":"Golden Idol","player_choice":"Lose Max HP","floor":11.0,"gold_loss":0.0,"damage_taken":0.0,"relics_obtained":["Golden Idol"]},{"damage_healed":0.0,"max_hp_gain":0.0,"max_hp_loss":0.0,"gold_gain":0.0,"event_name":"Mushrooms","player_choice":"Fought Mushrooms","floor":12.0,"gold_loss":0.0,"damage_taken":0.0},{"damage_healed":0,"gold_gain":0,"player_choice":"Bought 1 Potion","damage_taken":0,"max_hp_gain":0,"max_hp_loss":0,"event_name":"The Woman in Blue","floor":22,"gold_loss":0}],"is_beta":false,"boss_relics":[{"not_picked":["Ectoplasm","Lizard Tail"],"picked":"Runic Pyramid"}],"items_purged_floors":[19,27],"is_endless":false,"potions_floor_spawned":[2,7,14,16,21,24],"killed_by":"Chosen and Byrds","ascension_level":20}