{"gold_per_floor":[111,125,125,143,154,154,181,238,317,317,317,334,334,185,185,261,261,278,264,5,5,0,28,47,47,70,170,170,170,205,220,220,293,293,303,403,428,448,494,529,529,529,580,612,712,723,723,26,26,26,26,26,26,26],"floor_reached":54,"playtime":2794,"items_purged":["Parasite","Strike_R+1"],"score":1339,"play_id":"1a488e71-6bee-473e-beb9-dfa75444db7a","local_time":"20190725003018","is_ascension_mode":true,"campfire_choices":[{"data":"Shockwave","floor":6.0,"key":"SMITH"},{"floor":10,"key":"REST"},{"data":"True Grit","floor":15,"key":"SMITH"},{"floor":29,"key":"RECALL"},{"floor":32,"key":"REST"},{"data":"Offering","floor":42,"key":"SMITH"},{"data":"Inflame","floor":49,"key":"SMITH"},{"data":"Inflame","floor":52,"key":"SMITH"}],"neow_cost":"NONE","seed_source_timestamp":0,"circlet_count":0,"master_deck":["AscendersBane","Strike_R+1","Strike_R+1","Defend_R+1","Defend_R+1","Defend_R+1","Defend_R+1","Bash+1","Intimidate","Metallicize","Flex","Shockwave+1","Heavy Blade","Inflame+1","True Grit+1","Armaments","Reaper+1","Headbutt+1","Seeing Red","Offering+1","Shrug It Off","Inflame+1","Pommel Strike","Feed","Battle Trance+1","Inflame","Flash of Steel+1"],"special_seed":0,"relics":["Burning Blood","CultistMask","StoneCalendar","Vajra","Pear","Mark of Pain","Bottled Lightning","Juzu Bracelet","Whetstone","Prayer Wheel","Blue Candle","Nunchaku","Lizard Tail","Magic Flower","Bird Faced Urn","Singing Bowl","Centennial Puzzle","Molten Egg 2","Lee\u0027s Waffle","Letter Opener"],"potions_floor_usage":[7,7,16,27,27,50,50],"damage_taken":[{"damage":6.0,"enemies":"2 Louse","floor":1.0,"turns":3.0},{"damage":3.0,"enemies":"Cultist","floor":2.0,"turns":4.0},{"damage":10.0,"enemies":"Jaw Worm","floor":4.0,"turns":4.0},{"damage":9.0,"enemies":"Looter","floor":5.0,"turns":4.0},{"damage":19,"enemies":"Lagavulin","floor":7,"turns":5},{"damage":43,"enemies":"Gremlin Nob","floor":8,"turns":5},{"damage":13,"enemies":"3 Louse","floor":12,"turns":4},{"damage":31,"enemies":"Hexaghost","floor":16,"turns":9},{"damage":28,"enemies":"Shell Parasite","floor":18,"turns":7},{"damage":18,"enemies":"2 Thieves","floor":19,"turns":4},{"damage":20,"enemies":"Book of Stabbing","floor":23,"turns":6},{"damage":19,"enemies":"Centurion and Healer","floor":24,"turns":5},{"damage":8,"enemies":"Colosseum Slavers","floor":27,"turns":4},{"damage":26,"enemies":"Colosseum Nobs","floor":27,"turns":5},{"damage":45,"enemies":"Slavers","floor":30,"turns":7},{"damage":15,"enemies":"Snecko","floor":31,"turns":5},{"damage":55,"enemies":"Champ","floor":33,"turns":11},{"damage":24,"enemies":"3 Shapes","floor":35,"turns":4},{"damage":7,"enemies":"Mind Bloom Boss Battle","floor":36,"turns":7},{"damage":9,"enemies":"Orb Walker","floor":38,"turns":4},{"damage":34,"enemies":"2 Orb Walkers","floor":39,"turns":6},{"damage":61,"enemies":"Reptomancer","floor":40,"turns":7},{"damage":39,"enemies":"Nemesis","floor":44,"turns":7},{"damage":30,"enemies":"3 Darklings","floor":46,"turns":5},{"damage":154,"enemies":"Awakened One","floor":50,"turns":14},{"damage":113,"enemies":"Shield and Spear","floor":54,"turns":6}],"seed_played":"557920316683954213","potions_obtained":[{"floor":1.0,"key":"Strength Potion"},{"floor":2.0,"key":"AttackPotion"},{"floor":12,"key":"Strength Potion"},{"floor":16,"key":"Strength Potion"},{"floor":19,"key":"PowerPotion"},{"floor":24,"key":"BloodPotion"},{"floor":27,"key":"SmokeBomb"},{"floor":33,"key":"EssenceOfSteel"}],"is_trial":false,"path_per_floor":["M","M","?","M","M","R","E","?","T","R","?","M","?","$","R","B",null,"M","M","$","?","?","E","M","?","T","?","?","R","E","M","R","B",null,"M","?","T","M","?","E","?","R","T","E","?","M","?","$","R","B",null,"R","$","E"],"character_chosen":"IRONCLAD","items_purchased":["True Grit","Armaments","Bottled Lightning","Flash of Steel+1","Lee\u0027s Waffle","Letter Opener","Fire Potion"],"campfire_rested":2,"item_purchase_floors":[14,14,20,48,48,48,48],"current_hp_per_floor":[75,78,78,74,71,71,58,21,31,58,58,51,74,74,74,49,79,61,63,63,63,63,49,50,50,50,74,74,74,45,45,71,37,76,85,92,92,92,77,51,51,51,51,64,64,89,89,108,108,71,101,101,101,0],"gold":26,"neow_bonus":"TEN_PERCENT_HP_BONUS","is_prod":false,"is_daily":false,"chose_seed":false,"campfire_upgraded":5,"win_rate":0,"timestamp":1564039818,"path_taken":["M","M","?","?","M","R","E","?","T","R","?","M","?","$","R","BOSS","M","M","$","?","?","E","M","?","T","?","?","R","E","M","R","BOSS","M","?","?","M","?","E","?","R","T","E","?","M","?","?","R","BOSS","R","$","E"],"build_version":"2019-07-17","purchased_purges":2,"victory":false,"max_hp_per_floor":[82,82,82,82,82,82,82,82,92,92,92,92,92,89,89,89,89,89,89,89,89,89,89,89,89,89,89,89,89,89,89,89,89,89,92,92,92,92,92,94,94,94,94,99,99,101,101,108,108,111,111,111,111,111],"card_choices":[{"not_picked":["Anger","Wild Strike"],"picked":"Intimidate","floor":1.0},{"not_picked":["True Grit","Disarm"],"picked":"Metallicize","floor":2.0},{"not_picked":["Hemokinesis","Dropkick"],"picked":"Flex","floor":4.0},{"not_picked":["Anger","Twin Strike"],"picked":"Shockwave","floor":5.0},{"not_picked":["Fiend Fire","Perfected Strike"],"picked":"Heavy Blade","floor":7},{"not_picked":["Iron Wave","Twin Strike"],"picked":"Inflame","floor":8},{"not_picked":["Sword Boomerang","Clothesline","Heavy Blade"],"picked":"SKIP","floor":12},{"not_picked":["Bludgeon","Immolate"],"picked":"Reaper","floor":16},{"not_picked":["Body Slam","Twin Strike"],"picked":"Headbutt+1","floor":18},{"not_picked":["Thunderclap","Shrug It Off"],"picked":"Seeing Red","floor":19},{"not_picked":["Rupture","Flex"],"picked":"Offering","floor":23},{"not_picked":["Evolve","Warcry","Pummel"],"picked":"SKIP","floor":24},{"not_picked":["Anger+1","Clash","Clothesline"],"picked":"SKIP","floor":30},{"not_picked":["Second Wind","Reckless Charge"],"picked":"Inflame","floor":31},{"not_picked":["Intimidate","Clash"],"picked":"Pommel Strike","floor":31},{"not_picked":["Reaper","Double Tap"],"picked":"Feed","floor":33},{"not_picked":["Warcry+1","Bloodletting","Thunderclap+1"],"picked":"SKIP","floor":35},{"not_picked":["Cleave","Clash","Wild Strike"],"picked":"SKIP","floor":35},{"not_picked":["Cleave","Havoc","Wild Strike"],"picked":"SKIP","floor":38},{"not_picked":["Bludgeon","Clothesline+1","Thunderclap"],"picked":"SKIP","floor":38},{"not_picked":["Anger","Uppercut","Rampage"],"picked":"Singing Bowl","floor":40},{"not_picked":["Clothesline","Pummel+1","Flex"],"picked":"Singing Bowl","floor":44},{"not_picked":["Wild Strike+1","Feed+1"],"picked":"Battle Trance+1","floor":46},{"not_picked":["Cleave+1","Clothesline+1","Armaments"],"picked":"Singing Bowl","floor":46}],"player_experience":1381292,"relics_obtained":[{"floor":7,"key":"StoneCalendar"},{"floor":9,"key":"Pear"},{"floor":23,"key":"Juzu Bracelet"},{"floor":26,"key":"Whetstone"},{"floor":27,"key":"Prayer Wheel"},{"floor":27,"key":"Blue Candle"},{"floor":30,"key":"Nunchaku"},{"floor":36,"key":"Magic Flower"},{"floor":39,"key":"Bird Faced Urn"},{"floor":40,"key":"Singing Bowl"},{"floor":43,"key":"Centennial Puzzle"},{"floor":44,"key":"Molten Egg 2"}],"event_choices":[{"damage_healed":0.0,"max_hp_gain":0.0,"max_hp_loss":0.0,"gold_gain":0.0,"event_name":"FaceTrader","player_choice":"Trade","floor":3.0,"gold_loss":0.0,"damage_taken":0.0,"relics_obtained":["CultistMask"]},{"damage_healed":0,"gold_gain":0,"player_choice":"Searched \u00272\u0027 times","damage_taken":0,"relics_obtained":["Vajra"],"max_hp_gain":0,"max_hp_loss":0,"event_name":"Dead Adventurer","floor":8,"gold_loss":0},{"cards_removed":["Strike_R"],"damage_healed":0,"gold_gain":0,"player_choice":"Forget","damage_taken":0,"max_hp_gain":0,"max_hp_loss":0,"event_name":"Living Wall","floor":11,"gold_loss":0},{"damage_healed":23,"gold_gain":0,"player_choice":"Healed and dodged fight","damage_taken":0,"max_hp_gain":0,"max_hp_loss":0,"event_name":"Mushrooms","floor":13,"gold_loss":0,"cards_obtained":["Parasite"]},{"damage_healed":0,"gold_gain":0,"player_choice":"Simplicity","damage_taken":0,"max_hp_gain":0,"max_hp_loss":0,"event_name":"Back to Basics","floor":21,"gold_loss":0,"cards_upgraded":["Strike_R","Strike_R","Strike_R","Strike_R","Defend_R","Defend_R","Defend_R","Defend_R"]},{"damage_healed":0,"gold_gain":0,"player_choice":"Paid Fearfully","damage_taken":0,"max_hp_gain":0,"max_hp_loss":0,"event_name":"Masked Bandits","floor":22,"gold_loss":5},{"damage_healed":0,"gold_gain":0,"player_choice":"Ignored","damage_taken":0,"max_hp_gain":0,"max_hp_loss":0,"event_name":"Vampires","floor":25,"gold_loss":0},{"damage_healed":0,"gold_gain":0,"player_choice":"Fight","damage_taken":0,"max_hp_gain":0,"max_hp_loss":0,"event_name":"Colosseum","floor":27,"gold_loss":0},{"damage_healed":0,"gold_gain":0,"player_choice":"Fought Nobs","damage_taken":0,"max_hp_gain":0,"max_hp_loss":0,"event_name":"Colosseum","floor":27,"gold_loss":0},{"damage_healed":0,"gold_gain":0,"player_choice":"Read","damage_taken":0,"max_hp_gain":0,"max_hp_loss":0,"event_name":"The Library","floor":28,"gold_loss":0,"cards_obtained":["Shrug It Off"]},{"damage_healed":0,"gold_gain":0,"player_choice":"Fight","damage_taken":0,"max_hp_gain":0,"max_hp_loss":0,"event_name":"MindBloom","floor":36,"gold_loss":0},{"damage_healed":0,"gold_gain":0,"player_choice":"Fight","damage_taken":0,"max_hp_gain":0,"max_hp_loss":0,"event_name":"Mysterious Sphere","floor":39,"gold_loss":0},{"cards_removed":["Strike_R"],"damage_healed":0,"gold_gain":0,"player_choice":"Purged","damage_taken":0,"max_hp_gain":0,"max_hp_loss":0,"event_name":"Purifier","floor":41,"gold_loss":0},{"damage_healed":0,"gold_gain":100,"player_choice":"Pray","damage_taken":0,"max_hp_gain":0,"max_hp_loss":0,"event_name":"Golden Shrine","floor":45,"gold_loss":0},{"damage_healed":0,"gold_gain":0,"player_choice":"Copied","damage_taken":0,"max_hp_gain":0,"max_hp_loss":0,"event_name":"Duplicator","floor":47,"gold_loss":0,"cards_obtained":["Inflame"]}],"is_beta":false,"boss_relics":[{"not_picked":["Velvet Choker","Coffee Dripper"],"picked":"Mark of Pain"},{"not_picked":["Orrery","Calling Bell"],"picked":"Lizard Tail"}],"items_purged_floors":[14,48],"is_endless":false,"potions_floor_spawned":[1,2,12,16,19,24,27,33,36,38,46],"killed_by":"Shield and Spear","ascension_level":14}