{"gold_per_floor":[119,119,132,145,159,185,19,19,19,32,65,30,46,46,46,147,147,164,40,40,50,63,63,63],"floor_reached":24,"playtime":1623,"items_purged":["Strike_R"],"score":208,"play_id":"0eed6257-6ac6-4bc6-92f1-c655c11f17c1","local_time":"20190908232805","is_ascension_mode":false,"campfire_choices":[{"data":"Chrysalis","floor":8,"key":"SMITH"},{"data":"Armaments","floor":15,"key":"SMITH"}],"neow_cost":"NONE","seed_source_timestamp":2246111089957129,"circlet_count":0,"master_deck":["Strike_R","Strike_R","Strike_R","Strike_R","Defend_R","Defend_R","Defend_R","Defend_R","Bash","Armaments+1","Sword Boomerang","Cleave","Inflame","Perfected Strike+1","Chrysalis+1","Disarm","Headbutt+1","Twin Strike+1","Immolate+1","Clothesline+1","Iron Wave+1","Bash+1","Shrug It Off"],"relics":["Burning Blood","Molten Egg 2","Gambling Chip","Peace Pipe","Runic Cube"],"potions_floor_usage":[11,11,24],"damage_taken":[{"damage":0,"enemies":"Small Slimes","floor":1,"turns":3},{"damage":5,"enemies":"Cultist","floor":3,"turns":4},{"damage":6,"enemies":"2 Louse","floor":4,"turns":2},{"damage":26,"enemies":"Lots of Slimes","floor":5,"turns":5},{"damage":27,"enemies":"Gremlin Nob","floor":6,"turns":4},{"damage":16,"enemies":"Exordium Wildlife","floor":10,"turns":5},{"damage":15,"enemies":"3 Sentries","floor":11,"turns":7},{"damage":9,"enemies":"2 Fungi Beasts","floor":13,"turns":4},{"damage":37,"enemies":"Hexaghost","floor":16,"turns":8},{"damage":22,"enemies":"Shell Parasite","floor":18,"turns":7},{"damage":32,"enemies":"2 Thieves","floor":21,"turns":3},{"damage":11,"enemies":"Centurion and Healer","floor":22,"turns":8},{"damage":44,"enemies":"Book of Stabbing","floor":24,"turns":7}],"seed_played":"400423877385265564","potions_obtained":[{"floor":2,"key":"Fire Potion"},{"floor":2,"key":"Weak Potion"},{"floor":2,"key":"Swift Potion"},{"floor":6,"key":"BloodPotion"},{"floor":11,"key":"Strength Potion"},{"floor":18,"key":"LiquidBronze"}],"is_trial":false,"path_per_floor":["M","?","M","M","M","E","$","R","T","M","E","?","M","?","R","B",null,"M","$","?","M","M","$","E"],"character_chosen":"IRONCLAD","items_purchased":["Chrysalis","Iron Wave+1"],"campfire_rested":0,"item_purchase_floors":[7,19],"current_hp_per_floor":[88,88,88,88,68,47,47,47,47,37,50,72,69,69,69,38,88,72,72,72,46,41,41,0],"gold":63,"neow_bonus":"TEN_PERCENT_HP_BONUS","is_prod":false,"is_daily":false,"chose_seed":false,"campfire_upgraded":2,"win_rate":0,"timestamp":1567978085,"path_taken":["M","?","M","?","M","E","$","R","T","M","E","?","M","?","R","BOSS","M","?","?","M","?","$","E"],"build_version":"2019-07-17","purchased_purges":1,"victory":false,"max_hp_per_floor":[88,88,88,88,88,88,88,88,88,88,88,88,88,88,88,88,88,88,88,88,88,88,88,88],"card_choices":[{"not_picked":["Heavy Blade","Twin Strike"],"picked":"Armaments","floor":1},{"not_picked":["Sentinel","Body Slam"],"picked":"Sword Boomerang","floor":3},{"not_picked":["Feel No Pain","Burning Pact"],"picked":"Cleave","floor":4},{"not_picked":["Twin Strike","Barricade"],"picked":"Inflame","floor":5},{"not_picked":["Rampage","Blood for Blood"],"picked":"Perfected Strike","floor":6},{"not_picked":["Clash+1","Clothesline+1"],"picked":"Disarm","floor":10},{"not_picked":["Whirlwind+1","Wild Strike+1"],"picked":"Headbutt+1","floor":11},{"not_picked":["Rupture","Combust"],"picked":"Twin Strike+1","floor":13},{"not_picked":["Berserk","Fiend Fire+1"],"picked":"Immolate+1","floor":16},{"not_picked":["Armaments","Headbutt+1"],"picked":"Clothesline+1","floor":18},{"not_picked":["Clothesline+1","Sword Boomerang+1","Bloodletting+1"],"picked":"SKIP","floor":21},{"not_picked":["Cleave+1","Anger+1"],"picked":"Shrug It Off","floor":22}],"player_experience":191720,"relics_obtained":[{"floor":6,"key":"Molten Egg 2"},{"floor":9,"key":"Gambling Chip"},{"floor":11,"key":"Peace Pipe"}],"event_choices":[{"damage_healed":0,"gold_gain":0,"player_choice":"Got Potions","damage_taken":0,"max_hp_gain":0,"max_hp_loss":0,"event_name":"Lab","floor":2,"gold_loss":0},{"damage_healed":22,"gold_gain":0,"player_choice":"Healed","damage_taken":0,"max_hp_gain":0,"max_hp_loss":0,"event_name":"The Cleric","floor":12,"gold_loss":35},{"damage_healed":0,"gold_gain":0,"player_choice":"Ignored","damage_taken":0,"max_hp_gain":0,"max_hp_loss":0,"event_name":"NoteForYourself","floor":14,"gold_loss":0},{"damage_healed":0,"gold_gain":0,"player_choice":"Copied","damage_taken":0,"max_hp_gain":0,"max_hp_loss":0,"event_name":"Duplicator","floor":20,"gold_loss":0,"cards_obtained":["Bash"]}],"is_beta":false,"boss_relics":[{"not_picked":["Astrolabe","Runic Dome"],"picked":"Runic Cube"}],"items_purged_floors":[19],"is_endless":false,"potions_floor_spawned":[4,6,11,18],"killed_by":"Book of Stabbing","ascension_level":0}