{"path_per_floor":["M","M","M","M","$","R","?","R","T","?","M","R","M","$","R","B",null,"M","?","M","?","$","R","T","M","T","R","T","E","R","E","R","B",null,"M","?","M","?","$","R","M","?","T","?","?","R","$","?","R"],"character_chosen":"THE_SILENT","items_purchased":["Happy Flower","Dagger Spray","Tiny Chest","Oddly Smooth Stone","Unload"],"gold_per_floor":[110,129,143,155,11,11,11,11,91,61,79,79,96,46,46,142,142,152,152,164,164,39,39,39,52,102,102,129,157,157,183,183,278,278,297,297,309,309,2,2,15,15,41,41,0,0,0,0,0],"floor_reached":50,"campfire_rested":4,"playtime":4715,"current_hp_per_floor":[65,59,59,54,54,54,40,40,40,40,32,53,50,50,50,26,70,51,58,54,54,54,54,54,44,44,67,67,51,51,30,53,18,77,46,77,20,20,20,43,22,22,22,67,67,67,67,67,67],"items_purged":[],"gold":0,"score":414,"play_id":"cae58c5f-1ac4-4124-b526-4705cc4a9c8e","local_time":"20180307151448","is_prod":false,"is_daily":false,"is_ascension_mode":false,"campfire_upgraded":7,"timestamp":1520432088,"path_taken":["M","M","M","M","$","R","?","R","T","?","M","R","M","$","R","BOSS","M","?","M","?","$","R","?","?","T","R","?","E","R","E","R","BOSS","M","?","M","?","$","R","M","?","T","?","?","R","?","?","R","BOSS"],"build_version":"2018-03-01-PROD1","purchased_purges":0,"victory":false,"master_deck":["Defend_G","Defend_G","Defend_G","Defend_G","Defend_G+1","Strike_G+1","Strike_G","Strike_G+1","Strike_G+1","Strike_G","Survivor","Neutralize+1","Slice","Slice","Backflip","Acrobatics+1","Quick Slash","Dagger Spray+1","A Thousand Cuts+1","Endless Agony","Blade Dance+1","Slice","Dash","Poisoned Stab","Underhanded Strike","Dagger Throw+1","Cloak And Dagger+1","Choke","Storm of Steel+1","Dagger Spray+1","Concentrate+1","Normality","Unload","Poisoned Stab+1"],"max_hp_per_floor":[70,70,70,70,70,70,70,70,70,70,70,70,70,70,70,70,70,70,77,77,77,77,77,77,77,77,77,77,77,77,77,77,77,77,77,77,77,77,77,77,77,77,77,67,67,67,67,67,67],"relics":["Ring of the Snake","Gambling Chip","Happy Flower","Ornamental Fan","Orrery","Strawberry","Tiny Chest","Thread and Needle","Juzu Bracelet","Bag of Preparation","Bronze Scales","Whetstone","Lizard Tail","Vajra","Oddly Smooth Stone","Bag of Marbles","Red Mask"],"card_choices":[{"not_picked":["Eviscerate","Dodge and Roll"],"picked":"Slice"},{"not_picked":["Dodge and Roll","Outmaneuver"],"picked":"Slice"},{"not_picked":["Setup","Heel Hook"],"picked":"Backflip"},{"not_picked":["Dodge and Roll","Bane"],"picked":"Acrobatics"},{"not_picked":["Crippling Poison","Expertise"],"picked":"Caltrops"},{"not_picked":["All Out Attack","Footwork"],"picked":"Quick Slash"},{"not_picked":["Phantasmal Killer","Corpse Explosion"],"picked":"A Thousand Cuts"},{"not_picked":["Poisoned Stab","Flying Knee"],"picked":"Endless Agony"},{"not_picked":["Dagger Throw","Caltrops"],"picked":"Blade Dance"},{"not_picked":["PiercingWail","Cloak And Dagger"],"picked":"Slice"},{"not_picked":["Dagger Spray","Corpse Explosion"],"picked":"Dash"},{"not_picked":["Expertise","Poisoned Stab"],"picked":"Footwork"},{"not_picked":["Deadly Poison","Leg Sweep"],"picked":"Poisoned Stab"},{"not_picked":["Dodge and Roll","Eviscerate"],"picked":"Underhanded Strike"},{"not_picked":["PiercingWail","Cloak And Dagger"],"picked":"Dagger Throw"},{"not_picked":["Dagger Spray","Leg Sweep"],"picked":"Cloak And Dagger"},{"not_picked":["Deadly Poison","Footwork"],"picked":"Choke"},{"not_picked":["Bullet Time","Adrenaline"],"picked":"Storm of Steel"},{"not_picked":["Dodge and Roll","Prepared"],"picked":"Dagger Spray"},{"not_picked":["Terror","Deadly Poison"],"picked":"Concentrate"},{"not_picked":["Dodge and Roll","Bullet Time"],"picked":"Poisoned Stab"}],"player_experience":166757,"potions_floor_usage":[11,11,13,20,29,33,50],"damage_taken":[{"damage":5,"enemies":"Small Slimes","floor":1,"turns":4},{"damage":6,"enemies":"2 Louse","floor":2,"turns":2},{"damage":0,"enemies":"Jaw Worm","floor":3,"turns":3},{"damage":5,"enemies":"3 Louse","floor":4,"turns":3},{"damage":8,"enemies":"Gremlin Gang","floor":11,"turns":5},{"damage":3,"enemies":"Large Slime","floor":13,"turns":7},{"damage":24,"enemies":"Slime Boss","floor":16,"turns":9},{"damage":19,"enemies":"Shell Parasite","floor":18,"turns":5},{"damage":4,"enemies":"Chosen","floor":20,"turns":5},{"damage":10,"enemies":"Centurion and Healer","floor":25,"turns":5},{"damage":16,"enemies":"Slavers","floor":29,"turns":6},{"damage":21,"enemies":"Gremlin Leader","floor":31,"turns":7},{"damage":35,"enemies":"Collector","floor":33,"turns":8},{"damage":31,"enemies":"3 Darklings","floor":35,"turns":4},{"damage":57,"enemies":"3 Shapes","floor":37,"turns":9},{"damage":21,"enemies":"Sphere and 2 Shapes","floor":41,"turns":3},{"damage":115,"enemies":"Time Eater","floor":50,"turns":7}],"event_choices":[{"event_name":"Shining Light","player_choice":"Entered Light","floor":7,"damage_taken":0},{"event_name":"The Woman in Blue","player_choice":"Bought 2 Potions","floor":10,"damage_taken":0},{"event_name":"The Mausoleum","player_choice":"Yes","floor":19,"damage_taken":0},{"event_name":"Purifier","player_choice":"One Purge","floor":21,"damage_taken":0},{"event_name":"Bonfire Elementals","player_choice":"UNCOMMON","floor":36,"damage_taken":0},{"event_name":"Accursed Blacksmith","player_choice":"Rummage","floor":38,"damage_taken":0},{"event_name":"The Moai Head","player_choice":"Heal","floor":44,"damage_taken":0},{"event_name":"Tomb of Lord Red Mask","player_choice":"Paid","floor":45,"damage_taken":0},{"event_name":"Mysterious Sphere","player_choice":"Ignore","floor":48,"damage_taken":0}],"boss_relics":[{"not_picked":["Tiny House","Ectoplasm"],"picked":"Orrery"},{"not_picked":["White Beast Statue","Cursed Key"],"picked":"Lizard Tail"}],"potions_floor_spawned":[2,13,16,18,33,41],"seed_played":"3485869704004918732","killed_by":"Time Eater","ascension_level":0,"is_trial":false}