{"path_per_floor":["M","M","M","?","$","R","?","E","T","?","R","?","M","?","R","B",null,"M","M","$","M","M","E","M","M","T","M","?","?","M","M","R","B",null,"M","$","?","?","?","R","M","R","T"],"character_chosen":"IRONCLAD","items_purchased":["Inflame","Omamori"],"gold_per_floor":[119,135,148,148,73,73,23,55,80,80,80,80,92,92,92,195,195,213,224,49,64,80,111,131,141,194,210,210,210,226,242,242,344,344,362,91,341,341,341,341,356,356,356,356],"floor_reached":44,"campfire_rested":1,"playtime":3893,"current_hp_per_floor":[80,80,80,80,80,80,80,71,71,71,71,55,57,54,54,18,82,68,71,71,56,50,31,20,24,24,24,24,24,19,13,40,52,90,50,50,50,50,50,50,34,34,34,0],"items_purged":["Regret","Defend_R","Pain"],"gold":356,"score":430,"play_id":"0572dff8-a699-4bca-82eb-4d99d5a4d6c1","local_time":"20180331122506","is_prod":false,"is_daily":false,"is_ascension_mode":false,"campfire_upgraded":5,"timestamp":1522491906,"path_taken":["M","M","M","?","$","R","?","E","T","?","R","?","?","?","R","BOSS","M","M","$","?","M","E","M","M","T","?","?","?","?","M","R","BOSS","M","$","?","?","?","R","M","R","T","E"],"build_version":"2018-03-29v2","purchased_purges":3,"victory":false,"master_deck":["Strike_R","Strike_R","Strike_R","Strike_R+1","Bash+1","Shrug It Off+1","Inflame+1","Shrug It Off+1","Metallicize+1","Offering+1","Body Slam","Inflame","Clash","Flame Barrier","Barricade+1","Whirlwind+1","Body Slam","Writhe","Cleave+1","Metallicize+1","Pain","Parasite","Cleave+1"],"max_hp_per_floor":[80,80,80,80,80,80,80,80,80,80,80,80,82,82,82,82,82,82,84,84,84,84,84,84,86,86,86,86,86,86,86,88,90,90,92,92,92,92,92,92,92,92,92,92],"relics":["Burning Blood","Calipers","Ornamental Fan","Singing Bowl","Torii","Lizard Tail","Dream Catcher","Happy Flower","War Paint","Calling Bell","Bag of Marbles","Champion Belt","Ancient Tea Set","Omamori","Dead Branch"],"card_choices":[{"not_picked":["Sever Soul","Body Slam"],"picked":"Shrug It Off","floor":1},{"not_picked":["Uppercut","Armaments"],"picked":"Inflame","floor":2},{"not_picked":["Evolve","Perfected Strike"],"picked":"Shrug It Off","floor":3},{"not_picked":["Armaments","Power Through"],"picked":"Metallicize","floor":8},{"not_picked":["Dark Embrace","Limit Break"],"picked":"Offering","floor":16},{"not_picked":["Cleave","Wild Strike"],"picked":"Body Slam","floor":18},{"not_picked":["Sword Boomerang","Heavy Blade"],"picked":"Clash","floor":21},{"not_picked":["Perfected Strike","Clash"],"picked":"Flame Barrier","floor":22},{"not_picked":["Armaments","Shockwave"],"picked":"Barricade","floor":23},{"not_picked":["Anger","True Grit"],"picked":"Whirlwind","floor":24},{"not_picked":["Pommel Strike","Clash"],"picked":"Body Slam","floor":27},{"not_picked":["Corruption","Infernal Blade"],"picked":"Cleave","floor":30},{"not_picked":["Warcry","Sentinel"],"picked":"Metallicize","floor":31},{"not_picked":["Sword Boomerang","Fire Breathing"],"picked":"Cleave","floor":41}],"player_experience":232877,"potions_floor_usage":[1,2,8,8,13,16,21,23,25,30,30,33,44],"damage_taken":[{"damage":5,"enemies":"Small Slimes","floor":1,"turns":2},{"damage":1,"enemies":"Jaw Worm","floor":2,"turns":3},{"damage":2,"enemies":"Cultist","floor":3,"turns":4},{"damage":27,"enemies":"3 Sentries","floor":8,"turns":8},{"damage":6,"enemies":"2 Fungi Beasts","floor":13,"turns":3},{"damage":42,"enemies":"Hexaghost","floor":16,"turns":15},{"damage":20,"enemies":"Chosen","floor":18,"turns":4},{"damage":5,"enemies":"Spheric Guardian","floor":19,"turns":5},{"damage":21,"enemies":"3 Cultists","floor":21,"turns":7},{"damage":12,"enemies":"Sentry and Sphere","floor":22,"turns":5},{"damage":25,"enemies":"Slavers","floor":23,"turns":6},{"damage":17,"enemies":"Centurion and Healer","floor":24,"turns":5},{"damage":4,"enemies":"Snecko","floor":25,"turns":5},{"damage":6,"enemies":"Snake Plant","floor":27,"turns":5},{"damage":11,"enemies":"Cultist and Chosen","floor":30,"turns":5},{"damage":12,"enemies":"Centurion and Healer","floor":31,"turns":5},{"damage":43,"enemies":"Collector","floor":33,"turns":12},{"damage":48,"enemies":"3 Darklings","floor":35,"turns":6},{"damage":22,"enemies":"Orb Walker","floor":41,"turns":4},{"damage":54,"enemies":"Nemesis","floor":44,"turns":4}],"event_choices":[{"event_name":"Big Fish","player_choice":"Box","floor":4,"damage_taken":0},{"event_name":"The Cleric","player_choice":"Card Removal","floor":7,"damage_taken":0},{"event_name":"Living Wall","player_choice":"Forget","floor":10,"damage_taken":0},{"event_name":"Shining Light","player_choice":"Entered Light","floor":12,"damage_taken":0},{"event_name":"Scrap Ooze","player_choice":"success","floor":14,"damage_taken":3},{"event_name":"Back to Basics","player_choice":"Elegance","floor":28,"damage_taken":0},{"event_name":"The Mausoleum","player_choice":"Yes","floor":29,"damage_taken":0},{"event_name":"Golden Shrine","player_choice":"Desecrate","floor":37,"damage_taken":0},{"event_name":"Tomb of Lord Red Mask","player_choice":"Ignored","floor":38,"damage_taken":0}],"boss_relics":[{"not_picked":["Philosopher\u0027s Stone","Pandora\u0027s Box"],"picked":"Lizard Tail"},{"not_picked":["Eternal Feather","Snecko Eye"],"picked":"Calling Bell"}],"potions_floor_spawned":[1,3,8,16,21,22,24,25,27,31,41],"seed_played":"-7130261133996331181","killed_by":"Nemesis","ascension_level":0,"is_trial":false}