{"gold_per_floor":[217,41,54,54,54,54,89,89,89,130,151,184,184,199,199,327,327,343,268,268,281,129,129,141,16,97,97,97,114,114,126,138,250,262,287,299,311,323,350,362,392,422,434,446,558,570,615,627,639,651,663,675,108,138,138],"floor_reached":55,"playtime":3950,"items_purged":["Strike_R","Strike_R","Strike_R"],"score":699,"play_id":"7b506d14-4331-4e04-93ed-cb22bf88549d","local_time":"20190209002649","is_ascension_mode":false,"campfire_choices":[{"data":"Body Slam","floor":6,"key":"SMITH"},{"data":"Bash","floor":8,"key":"SMITH"},{"data":"Whirlwind","floor":15,"key":"SMITH"},{"data":"True Grit","floor":23,"key":"SMITH"},{"data":"Pommel Strike","floor":28,"key":"SMITH"},{"data":"Defend_R","floor":32,"key":"PURGE"},{"data":"Defend_R","floor":40,"key":"PURGE"},{"floor":44,"key":"RECALL"},{"data":"Defend_R","floor":49,"key":"PURGE"},{"data":"Defend_R","floor":52,"key":"PURGE"}],"neow_cost":"NONE","seed_source_timestamp":15811173446048,"circlet_count":0,"master_deck":["Bash+1","Pommel Strike+1","Body Slam+1","Shrug It Off","True Grit+1","Whirlwind+1","Iron Wave+1","Berserk","Thunderclap+1","Necronomicurse","Double Tap","Shockwave+1","Secret Weapon","Evolve+1"],"relics":["Burning Blood","Bloody Idol","Odd Mushroom","Peace Pipe","Singing Bowl","Art of War","Philosopher\u0027s Stone","Necronomicon","MawBank","Busted Crown","Darkstone Periapt","StoneCalendar","Blue Candle","Whetstone","Blood Vial","Pen Nib"],"potions_floor_usage":[12,12,16,16,39,41,42,45,54,55,55],"damage_taken":[{"damage":5,"enemies":"2 Louse","floor":1,"turns":2},{"damage":1,"enemies":"Jaw Worm","floor":3,"turns":3},{"damage":7,"enemies":"The Mushroom Lair","floor":7,"turns":6},{"damage":39,"enemies":"3 Sentries","floor":10,"turns":18},{"damage":0,"enemies":"Small Slimes","floor":11,"turns":3},{"damage":23,"enemies":"Lagavulin","floor":12,"turns":4},{"damage":0,"enemies":"2 Fungi Beasts","floor":14,"turns":4},{"damage":16,"enemies":"Slime Boss","floor":16,"turns":9},{"damage":7,"enemies":"Chosen","floor":18,"turns":3},{"damage":17,"enemies":"Shell Parasite","floor":21,"turns":6},{"damage":31,"enemies":"Snake Plant","floor":24,"turns":4},{"damage":6,"enemies":"Snecko","floor":29,"turns":3},{"damage":28,"enemies":"Collector","floor":33,"turns":5},{"damage":3,"enemies":"Orb Walker","floor":35,"turns":2},{"damage":33,"enemies":"3 Shapes","floor":39,"turns":2},{"damage":51,"enemies":"Sphere and 2 Shapes","floor":41,"turns":5},{"damage":37,"enemies":"Writhing Mass","floor":42,"turns":4},{"damage":16,"enemies":"Mind Bloom Boss Battle","floor":45,"turns":4},{"damage":36,"enemies":"Giant Head","floor":47,"turns":6},{"damage":64,"enemies":"Time Eater","floor":50,"turns":4},{"damage":49,"enemies":"Shield and Spear","floor":54,"turns":4},{"damage":56,"enemies":"The Heart","floor":55,"turns":2}],"seed_played":"-5074849356593091854","potions_obtained":[{"floor":7,"key":"Energy Potion"},{"floor":10,"key":"LiquidBronze"},{"floor":12,"key":"Strength Potion"},{"floor":14,"key":"Regen Potion"},{"floor":18,"key":"LiquidBronze"},{"floor":24,"key":"GamblersBrew"},{"floor":33,"key":"Regen Potion"},{"floor":41,"key":"PowerPotion"},{"floor":42,"key":"Weak Potion"}],"is_trial":false,"path_per_floor":["M","$","M","?","?","R","?","R","T","E","M","E","?","M","R","B",null,"M","?","?","M","$","R","M","$","T","?","R","M","?","$","R","B",null,"M","$","?","?","M","R","M","M","T","R","?","?","E","?","R","B",null,"R","$","E","B"],"character_chosen":"IRONCLAD","items_purchased":["Body Slam","Shrug It Off","Thunderclap","Whetstone","Strength Potion","Secret Weapon","AttackPotion","Blood Vial"],"campfire_rested":0,"item_purchase_floors":[2,2,22,53,53,53,53,53],"current_hp_per_floor":[80,80,80,80,60,60,59,59,59,26,34,17,17,25,25,30,84,85,85,85,81,81,81,61,61,66,50,50,57,57,62,67,55,90,92,92,94,89,69,74,53,32,37,42,44,49,31,85,85,27,85,85,85,47,0],"gold":138,"neow_bonus":"HUNDRED_GOLD","is_prod":false,"is_daily":false,"chose_seed":false,"campfire_upgraded":5,"win_rate":0,"timestamp":1549668409,"path_taken":["M","$","M","?","?","R","?","R","T","E","M","E","?","M","R","BOSS","M","?","?","M","?","R","M","$","T","?","R","?","?","$","R","BOSS","M","$","?","?","M","R","M","M","T","R","?","?","E","?","R","BOSS","R","$","E","BOSS"],"build_version":"2019-01-23","purchased_purges":3,"victory":false,"max_hp_per_floor":[80,80,80,80,80,80,80,80,80,80,82,82,82,84,84,84,84,86,86,86,88,88,88,88,88,88,88,88,90,90,90,90,90,90,92,92,94,89,91,91,93,93,93,93,95,95,97,85,85,85,85,85,85,85,85],"card_choices":[{"not_picked":["Havoc","Shockwave"],"picked":"Pommel Strike","floor":1},{"not_picked":["Warcry","Pummel"],"picked":"True Grit","floor":3},{"not_picked":["Wild Strike","Demon Form"],"picked":"Whirlwind","floor":10},{"not_picked":["True Grit","Wild Strike","Metallicize"],"picked":"Singing Bowl","floor":11},{"not_picked":["True Grit","Pommel Strike"],"picked":"Iron Wave","floor":12},{"not_picked":["Uppercut","Burning Pact","Havoc"],"picked":"Singing Bowl","floor":14},{"not_picked":["Brutality","Impervious"],"picked":"Berserk","floor":16},{"not_picked":["Wild Strike","Flex","Metallicize"],"picked":"Singing Bowl","floor":18},{"not_picked":["Pummel","Clash","Heavy Blade"],"picked":"Singing Bowl","floor":21},{"not_picked":["Twin Strike","Cleave"],"picked":"Body Slam+1","floor":24},{"not_picked":["Anger+1","Intimidate","Body Slam"],"picked":"Singing Bowl","floor":29},{"not_picked":["Exhume","Fiend Fire"],"picked":"Double Tap","floor":33},{"not_picked":["Metallicize"],"picked":"Singing Bowl","floor":35},{"not_picked":["Jack Of All Trades"],"picked":"Singing Bowl","floor":37},{"not_picked":["Disarm+1"],"picked":"Singing Bowl","floor":39},{"not_picked":["Searing Blow+1"],"picked":"Singing Bowl","floor":41},{"not_picked":[],"picked":"Shockwave+1","floor":42},{"not_picked":["Iron Wave+1"],"picked":"Singing Bowl","floor":45},{"not_picked":["Metallicize+1"],"picked":"Singing Bowl","floor":47},{"not_picked":[],"picked":"Evolve+1","floor":54}],"player_experience":793904,"relics_obtained":[{"floor":7,"key":"Odd Mushroom"},{"floor":9,"key":"Peace Pipe"},{"floor":10,"key":"Singing Bowl"},{"floor":12,"key":"Art of War"},{"floor":27,"key":"Necronomicon"},{"floor":30,"key":"MawBank"},{"floor":43,"key":"Darkstone Periapt"},{"floor":45,"key":"StoneCalendar"},{"floor":47,"key":"Blue Candle"},{"floor":54,"key":"Pen Nib"}],"event_choices":[{"cards_removed":["Strike_R"],"damage_healed":0,"gold_gain":0,"player_choice":"Forget","damage_taken":0,"max_hp_gain":0,"max_hp_loss":0,"event_name":"Living Wall","floor":4,"gold_loss":0},{"damage_healed":0,"gold_gain":0,"player_choice":"Take Damage","damage_taken":20,"relics_obtained":["Golden Idol"],"max_hp_gain":0,"max_hp_loss":0,"event_name":"Golden Idol","floor":5,"gold_loss":0},{"damage_healed":0,"gold_gain":0,"player_choice":"Fought Mushrooms","damage_taken":0,"max_hp_gain":0,"max_hp_loss":0,"event_name":"Mushrooms","floor":7,"gold_loss":0},{"damage_healed":0,"gold_gain":0,"player_choice":"Ignored","damage_taken":0,"max_hp_gain":0,"max_hp_loss":0,"event_name":"Liars Game","floor":13,"gold_loss":0},{"cards_removed":["Strike_R"],"damage_healed":0,"gold_gain":0,"player_choice":"Gave Gold","damage_taken":0,"max_hp_gain":0,"max_hp_loss":0,"event_name":"Beggar","floor":19,"gold_loss":75},{"damage_healed":0,"gold_gain":0,"player_choice":"Gave Idol","damage_taken":0,"relics_obtained":["Bloody Idol"],"max_hp_gain":0,"max_hp_loss":0,"event_name":"Forgotten Altar","floor":20,"relics_lost":["Golden Idol"],"gold_loss":0},{"damage_healed":0,"gold_gain":0,"player_choice":"Obtained Book","damage_taken":16,"max_hp_gain":0,"max_hp_loss":0,"event_name":"Cursed Tome","floor":27,"gold_loss":0},{"damage_healed":0,"gold_gain":0,"player_choice":"Relic","damage_taken":0,"max_hp_gain":0,"max_hp_loss":0,"event_name":"Wheel of Change","floor":30,"gold_loss":0},{"damage_healed":0,"gold_gain":0,"player_choice":"Memory 1","damage_taken":0,"max_hp_gain":0,"max_hp_loss":0,"event_name":"SensoryStone","floor":37,"gold_loss":0},{"damage_healed":0,"gold_gain":0,"player_choice":"Max HP","damage_taken":0,"max_hp_gain":0,"max_hp_loss":5,"event_name":"Winding Halls","floor":38,"gold_loss":0},{"damage_healed":0,"gold_gain":0,"player_choice":"Fight","damage_taken":0,"max_hp_gain":0,"max_hp_loss":0,"event_name":"MindBloom","floor":45,"gold_loss":0},{"cards_removed":["Body Slam"],"damage_healed":0,"gold_gain":0,"player_choice":"Removed Attack","damage_taken":0,"max_hp_gain":0,"max_hp_loss":0,"event_name":"Falling","floor":46,"gold_loss":0},{"damage_healed":85,"gold_gain":0,"player_choice":"Heal","damage_taken":0,"max_hp_gain":0,"max_hp_loss":12,"event_name":"The Moai Head","floor":48,"gold_loss":0}],"is_beta":false,"boss_relics":[{"not_picked":["Coffee Dripper","Eternal Feather"],"picked":"Philosopher\u0027s Stone"},{"not_picked":["Runic Pyramid","Black Blood"],"picked":"Busted Crown"}],"items_purged_floors":[2,22,25],"is_endless":false,"potions_floor_spawned":[7,10,12,14,18,24,33,35,41,42],"killed_by":"The Heart","ascension_level":0}