{"gold_per_floor":[112,122,197,372,383,413,413,426,426,440,440,469,469,499,499,597,597,613,613,633,645,659,659,679,67,90,90,90,90,90,40,40,136,136,155,174,186,204,304,304,321,321,345,359,370,385,396,414,414,414,414,414,58,90,90],"floor_reached":56,"playtime":5100,"items_purged":["Doubt"],"score":1193,"play_id":"19be887b-e7ef-4c08-84e3-25d4227ded66","local_time":"20190830193803","is_ascension_mode":true,"campfire_choices":[{"floor":7,"key":"REST"},{"floor":13,"key":"REST"},{"floor":15,"key":"REST"},{"floor":23,"key":"RECALL"},{"floor":28,"key":"DIG"},{"floor":32,"key":"DIG"},{"floor":40,"key":"DIG"},{"floor":49,"key":"DIG"},{"floor":52,"key":"DIG"}],"neow_cost":"NONE","seed_source_timestamp":49100998556300,"circlet_count":0,"master_deck":["Strike_R","Strike_R","Strike_R","Strike_R","Strike_R","Defend_R","Defend_R","Defend_R","Defend_R","Bash","Headbutt","Blood for Blood","Flame Barrier","Entrench","Havoc","Pommel Strike","Feel No Pain","Seeing Red","Exhume","Corruption+1","Uppercut","Evolve","Perfected Strike","Sentinel","Necronomicurse","Bludgeon","Disarm","Shrug It Off+1","Evolve+1","Headbutt+1","Battle Trance+1","Clothesline+1","Intimidate","Carnage+1","Pommel Strike","Clothesline+1","Entrench","Havoc"],"relics":["Burning Blood","The Courier","Meat on the Bone","Pantograph","StoneCalendar","Snecko Eye","Sundial","Red Skull","Shovel","Gremlin Horn","Necronomicon","Nunchaku","Fusion Hammer","Magic Flower","Gambling Chip","Ancient Tea Set","Oddly Smooth Stone","Blue Candle","Pen Nib","Centennial Puzzle","Lantern","Turnip"],"potions_floor_usage":[33,33,50,55],"damage_taken":[{"damage":0,"enemies":"Small Slimes","floor":1,"turns":3},{"damage":4,"enemies":"2 Louse","floor":2,"turns":3},{"damage":15,"enemies":"Jaw Worm","floor":5,"turns":4},{"damage":61,"enemies":"Lagavulin","floor":6,"turns":10},{"damage":14,"enemies":"Lots of Slimes","floor":8,"turns":4},{"damage":12,"enemies":"Red Slaver","floor":10,"turns":7},{"damage":19,"enemies":"Gremlin Nob","floor":12,"turns":4},{"damage":74,"enemies":"Lagavulin","floor":14,"turns":12},{"damage":65,"enemies":"Hexaghost","floor":16,"turns":13},{"damage":3,"enemies":"3 Byrds","floor":18,"turns":3},{"damage":13,"enemies":"2 Thieves","floor":20,"turns":3},{"damage":0,"enemies":"Snecko","floor":21,"turns":5},{"damage":17,"enemies":"Centurion and Healer","floor":22,"turns":7},{"damage":12,"enemies":"Shelled Parasite and Fungi","floor":24,"turns":6},{"damage":26,"enemies":"Automaton","floor":33,"turns":9},{"damage":7,"enemies":"3 Shapes","floor":35,"turns":4},{"damage":9,"enemies":"3 Darklings","floor":36,"turns":4},{"damage":0,"enemies":"Maw","floor":37,"turns":7},{"damage":11,"enemies":"4 Shapes","floor":38,"turns":3},{"damage":0,"enemies":"Mind Bloom Boss Battle","floor":39,"turns":5},{"damage":17,"enemies":"Sphere and 2 Shapes","floor":41,"turns":3},{"damage":3,"enemies":"3 Darklings","floor":44,"turns":4},{"damage":0,"enemies":"Transient","floor":45,"turns":5},{"damage":0,"enemies":"Sphere and 2 Shapes","floor":46,"turns":3},{"damage":5,"enemies":"4 Shapes","floor":47,"turns":4},{"damage":0,"enemies":"Maw","floor":48,"turns":5},{"damage":20,"enemies":"Donu and Deca","floor":50,"turns":7},{"damage":20,"enemies":"Shield and Spear","floor":54,"turns":4},{"damage":87,"enemies":"The Heart","floor":55,"turns":7}],"seed_played":"-7586040331905067081","potions_obtained":[{"floor":1,"key":"FairyPotion"},{"floor":14,"key":"Fire Potion"},{"floor":16,"key":"Strength Potion"},{"floor":35,"key":"Swift Potion"},{"floor":38,"key":"LiquidBronze"}],"is_trial":false,"path_per_floor":["M","M","?","?","M","E","R","M","T","M","?","E","R","E","R","B",null,"M","?","M","M","M","R","M","$","T","$","R","$","?","?","R","B",null,"M","M","M","M","?","R","M","?","T","M","M","M","M","M","R","B",null,"R","$","E","B",null],"character_chosen":"IRONCLAD","items_purchased":["Sundial","Red Skull","Shovel","Pen Nib","Centennial Puzzle","Lantern"],"campfire_rested":3,"item_purchase_floors":[25,25,25,53,53,53],"current_hp_per_floor":[88,88,77,77,68,13,39,31,31,37,66,53,79,23,49,27,88,88,88,81,87,76,76,70,70,70,70,70,70,54,54,54,59,88,87,84,88,83,88,88,80,80,80,86,88,88,88,88,88,77,88,88,88,77,28],"gold":90,"neow_bonus":"TEN_PERCENT_HP_BONUS","is_prod":false,"is_daily":false,"chose_seed":false,"campfire_upgraded":0,"win_rate":0,"timestamp":1567211883,"path_taken":["M","M","?","?","M","E","R","M","T","M","?","E","R","E","R","BOSS","M","?","M","M","?","R","M","?","T","$","R","$","?","?","R","BOSS","M","M","?","M","?","R","M","?","T","?","M","M","M","M","R","BOSS","R","$","E","BOSS"],"build_version":"2019-07-17","purchased_purges":1,"victory":true,"max_hp_per_floor":[88,88,88,88,88,88,88,88,88,88,88,88,88,88,88,88,88,88,88,88,88,88,88,88,88,88,88,88,88,88,88,88,88,88,88,88,88,88,88,88,88,88,88,88,88,88,88,88,88,88,88,88,88,88,88],"card_choices":[{"not_picked":["Anger","Hemokinesis"],"picked":"Headbutt","floor":1},{"not_picked":["Wild Strike","Headbutt"],"picked":"Blood for Blood","floor":2},{"not_picked":["True Grit","Brutality"],"picked":"Flame Barrier","floor":5},{"not_picked":["Thunderclap","Body Slam"],"picked":"Entrench","floor":6},{"not_picked":["Heavy Blade","Rampage"],"picked":"Havoc","floor":8},{"not_picked":["Iron Wave","Whirlwind"],"picked":"Pommel Strike","floor":10},{"not_picked":["Dropkick","Pummel"],"picked":"Feel No Pain","floor":12},{"not_picked":["Pummel","Sword Boomerang"],"picked":"Seeing Red","floor":14},{"not_picked":["Juggernaut","Immolate"],"picked":"Exhume","floor":16},{"not_picked":["Clothesline","Havoc+1"],"picked":"Corruption","floor":18},{"not_picked":["Armaments","Iron Wave"],"picked":"Uppercut","floor":20},{"not_picked":["Headbutt","Thunderclap"],"picked":"Evolve","floor":21},{"not_picked":["Thunderclap+1","Rupture"],"picked":"Perfected Strike","floor":22},{"not_picked":["Carnage+1","Shrug It Off"],"picked":"Sentinel","floor":24},{"not_picked":["Dark Embrace","Juggernaut"],"picked":"Bludgeon","floor":33},{"not_picked":["Headbutt","Body Slam"],"picked":"Disarm","floor":35},{"not_picked":["Armaments","Searing Blow+1"],"picked":"Shrug It Off+1","floor":36},{"not_picked":["Wild Strike","Power Through"],"picked":"Evolve+1","floor":37},{"not_picked":["Wild Strike+1","Anger"],"picked":"Headbutt+1","floor":38},{"not_picked":["Cleave+1","Armaments+1"],"picked":"Battle Trance+1","floor":39},{"not_picked":["Whirlwind","Perfected Strike+1"],"picked":"Clothesline+1","floor":41},{"not_picked":["Clothesline","Limit Break"],"picked":"Intimidate","floor":44},{"not_picked":["Thunderclap","Searing Blow+1"],"picked":"Carnage+1","floor":45},{"not_picked":["Thunderclap+1","Clash"],"picked":"Pommel Strike","floor":46},{"not_picked":["Barricade","Sword Boomerang+1"],"picked":"Clothesline+1","floor":47},{"not_picked":["Reckless Charge","Infernal Blade+1"],"picked":"Entrench","floor":48},{"not_picked":["Sever Soul+1","Pommel Strike"],"picked":"Havoc","floor":54}],"player_experience":234870,"relics_obtained":[{"floor":6,"key":"The Courier"},{"floor":9,"key":"Meat on the Bone"},{"floor":12,"key":"Pantograph"},{"floor":14,"key":"StoneCalendar"},{"floor":28,"key":"Gremlin Horn"},{"floor":30,"key":"Necronomicon"},{"floor":32,"key":"Nunchaku"},{"floor":39,"key":"Magic Flower"},{"floor":40,"key":"Gambling Chip"},{"floor":43,"key":"Ancient Tea Set"},{"floor":49,"key":"Oddly Smooth Stone"},{"floor":52,"key":"Blue Candle"},{"floor":54,"key":"Turnip"}],"event_choices":[{"damage_healed":0,"gold_gain":75,"player_choice":"Gather Gold","damage_taken":11,"max_hp_gain":0,"max_hp_loss":0,"event_name":"World of Goop","floor":3,"gold_loss":0},{"damage_healed":0,"gold_gain":175,"player_choice":"AGREE","damage_taken":0,"max_hp_gain":0,"max_hp_loss":0,"event_name":"Liars Game","floor":4,"gold_loss":0,"cards_obtained":["Doubt"]},{"damage_healed":29,"gold_gain":0,"player_choice":"Banana","damage_taken":0,"max_hp_gain":0,"max_hp_loss":0,"event_name":"Big Fish","floor":11,"gold_loss":0},{"damage_healed":0,"gold_gain":0,"player_choice":"Forge","damage_taken":0,"max_hp_gain":0,"max_hp_loss":0,"event_name":"Accursed Blacksmith","floor":19,"gold_loss":0,"cards_upgraded":["Corruption"]},{"damage_healed":0,"gold_gain":0,"player_choice":"Obtained Book","damage_taken":16,"max_hp_gain":0,"max_hp_loss":0,"event_name":"Cursed Tome","floor":30,"gold_loss":0},{"damage_healed":0,"gold_gain":0,"player_choice":"Bet on Murderer","damage_taken":0,"max_hp_gain":0,"max_hp_loss":0,"event_name":"The Joust","floor":31,"gold_loss":50},{"damage_healed":0,"gold_gain":0,"player_choice":"Fight","damage_taken":0,"max_hp_gain":0,"max_hp_loss":0,"event_name":"MindBloom","floor":39,"gold_loss":0},{"damage_healed":0,"gold_gain":0,"player_choice":"Got Potions","damage_taken":0,"max_hp_gain":0,"max_hp_loss":0,"event_name":"Lab","floor":42,"gold_loss":0}],"is_beta":false,"boss_relics":[{"not_picked":["Velvet Choker","Cursed Key"],"picked":"Snecko Eye"},{"not_picked":["Runic Dome","Black Star"],"picked":"Fusion Hammer"}],"items_purged_floors":[25],"is_endless":false,"potions_floor_spawned":[1,14,16,21,24,35,38,39,41,46,47,48],"ascension_level":1}