{"gold_per_floor":[113,127,52,65,85,85,98,98,180,200,200,228,228,244,244,364,364,377,60,75,91,106,145,160,160,186,86,86,111,111,129,129,253,253,266,599,599],"floor_reached":37,"playtime":6536,"items_purged":["Strike_G","Defend_G"],"score":395,"play_id":"d1a3ddde-7d6d-4509-b42e-114b2c281b1d","local_time":"20190125204259","is_ascension_mode":false,"campfire_choices":[{"data":"Neutralize","floor":6,"key":"SMITH"},{"data":"Survivor","floor":8,"key":"SMITH"},{"data":"Blur","floor":11,"key":"SMITH"},{"data":"Quick Slash","floor":15,"key":"SMITH"},{"data":"Dagger Spray","floor":25,"key":"SMITH"},{"floor":28,"key":"REST"},{"floor":30,"key":"REST"},{"floor":32,"key":"REST"}],"neow_cost":"NONE","seed_source_timestamp":5540476708908,"circlet_count":0,"master_deck":["Defend_G","Defend_G","Defend_G","Defend_G","Strike_G","Strike_G","Strike_G","Survivor+1","Neutralize+1","Well Laid Plans","Flying Knee","Quick Slash+1","Blur+1","Adrenaline","Dagger Spray+1","Sucker Punch","Dash","Apotheosis","Acrobatics+1","Backflip","Burst","Dash","Heel Hook+1","Backflip+1","Quick Slash+1","Malaise","Caltrops+1"],"relics":["Ring of the Snake","Matryoshka","Turnip","Black Star","Strawberry","Blood Vial","Dream Catcher","Omamori","Cursed Key"],"potions_floor_usage":[16,20,21,23,23,33,33,37],"damage_taken":[{"damage":1,"enemies":"Small Slimes","floor":1,"turns":5},{"damage":0,"enemies":"Jaw Worm","floor":2,"turns":5},{"damage":0,"enemies":"2 Louse","floor":4,"turns":4},{"damage":2,"enemies":"Blue Slaver","floor":5,"turns":5},{"damage":4,"enemies":"Gremlin Gang","floor":7,"turns":5},{"damage":2,"enemies":"Exordium Wildlife","floor":10,"turns":3},{"damage":2,"enemies":"Lagavulin","floor":12,"turns":7},{"damage":0,"enemies":"2 Fungi Beasts","floor":14,"turns":4},{"damage":33,"enemies":"Slime Boss","floor":16,"turns":21},{"damage":0,"enemies":"Chosen","floor":18,"turns":7},{"damage":1,"enemies":"Shell Parasite","floor":20,"turns":5},{"damage":5,"enemies":"Snake Plant","floor":21,"turns":7},{"damage":0,"enemies":"Snecko","floor":22,"turns":6},{"damage":14,"enemies":"Book of Stabbing","floor":23,"turns":10},{"damage":15,"enemies":"Cultist and Chosen","floor":24,"turns":9},{"damage":23,"enemies":"Snake Plant","floor":29,"turns":8},{"damage":4,"enemies":"Centurion and Healer","floor":31,"turns":10},{"damage":72,"enemies":"Champ","floor":33,"turns":39},{"damage":0,"enemies":"3 Shapes","floor":35,"turns":5},{"damage":86,"enemies":"2 Orb Walkers","floor":37,"turns":7}],"seed_played":"-2513484191615684592","potions_obtained":[{"floor":1,"key":"GhostInAJar"},{"floor":4,"key":"Energy Potion"},{"floor":5,"key":"Regen Potion"},{"floor":16,"key":"Energy Potion"},{"floor":20,"key":"Explosive Potion"},{"floor":23,"key":"FairyPotion"},{"floor":24,"key":"AttackPotion"},{"floor":29,"key":"GamblersBrew"},{"floor":33,"key":"Ancient Potion"}],"is_trial":false,"path_per_floor":["M","M","$","M","M","R","M","R","T","M","R","E","?","M","R","B",null,"M","$","M","M","M","E","M","R","T","$","R","M","R","M","R","B",null,"M","?","?"],"character_chosen":"THE_SILENT","items_purchased":["Sucker Punch","Dash","Apotheosis"],"campfire_rested":3,"item_purchase_floors":[19,19,19],"current_hp_per_floor":[69,69,69,69,67,67,63,63,63,61,61,59,59,59,59,41,65,65,65,64,59,59,52,39,39,39,39,60,39,60,58,72,7,72,72,72,0],"gold":599,"neow_bonus":"REMOVE_CARD","is_prod":false,"is_daily":false,"chose_seed":false,"campfire_upgraded":5,"win_rate":0,"timestamp":1548445379,"path_taken":["M","M","$","M","M","R","M","R","T","M","R","E","?","M","R","BOSS","M","$","M","M","M","E","M","R","T","$","R","M","R","M","R","BOSS","M","?","?"],"build_version":"2019-01-23","purchased_purges":2,"victory":false,"max_hp_per_floor":[70,70,70,70,70,70,70,70,70,70,70,70,65,65,65,65,65,65,65,65,65,65,72,72,72,72,72,72,72,72,72,72,72,72,72,72,72],"card_choices":[{"not_picked":["Riddle With Holes","Caltrops"],"picked":"Well Laid Plans","floor":1},{"not_picked":["Finisher","PiercingWail","Poisoned Stab"],"picked":"SKIP","floor":2},{"not_picked":["Masterful Stab","Deadly Poison"],"picked":"Flying Knee","floor":4},{"not_picked":["Underhanded Strike","PiercingWail"],"picked":"Quick Slash","floor":5},{"not_picked":["Blade Dance","Riddle With Holes","Well Laid Plans"],"picked":"SKIP","floor":7},{"not_picked":["Calculated Gamble","Distraction"],"picked":"Blur","floor":10},{"not_picked":["Finisher","Endless Agony","PiercingWail"],"picked":"SKIP","floor":12},{"not_picked":["Blade Dance","Prepared","Reflex"],"picked":"SKIP","floor":14},{"not_picked":["Envenom","Unload"],"picked":"Adrenaline","floor":16},{"not_picked":["Acrobatics+1","Bane+1"],"picked":"Dagger Spray","floor":18},{"not_picked":["Poisoned Stab","Night Terror"],"picked":"Acrobatics+1","floor":20},{"not_picked":["Catalyst","Endless Agony"],"picked":"Backflip","floor":21},{"not_picked":["Dodge and Roll+1","Outmaneuver+1","Distraction+1"],"picked":"SKIP","floor":22},{"not_picked":["Setup","Expertise+1"],"picked":"Burst","floor":23},{"not_picked":["Flechettes+1","Deflect"],"picked":"Dash","floor":24},{"not_picked":["Underhanded Strike","Blade Dance"],"picked":"Heel Hook+1","floor":28},{"not_picked":["Dodge and Roll","PiercingWail","Underhanded Strike"],"picked":"SKIP","floor":29},{"not_picked":["Outmaneuver","Flying Knee"],"picked":"Backflip+1","floor":30},{"not_picked":["PiercingWail","Underhanded Strike"],"picked":"Quick Slash+1","floor":31},{"not_picked":["Tools of the Trade","Adrenaline"],"picked":"Malaise","floor":33},{"not_picked":["Dash+1","Deadly Poison"],"picked":"Caltrops+1","floor":35}],"player_experience":627557,"relics_obtained":[{"floor":9,"key":"Matryoshka"},{"floor":12,"key":"Turnip"},{"floor":23,"key":"Strawberry"},{"floor":23,"key":"Blood Vial"},{"floor":26,"key":"Dream Catcher"},{"floor":26,"key":"Omamori"}],"event_choices":[{"damage_healed":0,"gold_gain":0,"player_choice":"Lose Max HP","damage_taken":0,"relics_obtained":["Golden Idol"],"max_hp_gain":0,"max_hp_loss":5,"event_name":"Golden Idol","floor":13,"gold_loss":0},{"damage_healed":0,"gold_gain":333,"player_choice":"Gave Idol","damage_taken":0,"max_hp_gain":0,"max_hp_loss":0,"event_name":"The Moai Head","floor":36,"relics_lost":["Golden Idol"],"gold_loss":0},{"damage_healed":0,"gold_gain":0,"player_choice":"Fight","damage_taken":0,"max_hp_gain":0,"max_hp_loss":0,"event_name":"Mysterious Sphere","floor":37,"gold_loss":0}],"is_beta":false,"boss_relics":[{"not_picked":["White Beast Statue","Tiny House"],"picked":"Black Star"},{"not_picked":["Runic Dome","Astrolabe"],"picked":"Cursed Key"}],"items_purged_floors":[3,27],"is_endless":false,"potions_floor_spawned":[1,4,5,16,20,23,24,29,33],"killed_by":"2 Orb Walkers","ascension_level":0}