{"path_per_floor":["M","M","?","$","?","E","R","$","T","M","M","E","M","E","R","B",null,"M","$","$","M","?","R","E","R","T","E","M","?","M","M","R","B",null,"M","$","$","?","M","R","M"],"character_chosen":"IRONCLAD","items_purchased":["Lantern","Happy Flower","Heavy Blade"],"gold_per_floor":[115,129,204,52,52,81,81,6,32,45,62,97,114,139,139,235,235,254,1,1,12,12,12,40,40,113,141,159,159,170,186,186,289,289,306,136,136,184,195,195,212,212],"floor_reached":42,"campfire_rested":5,"playtime":3920,"current_hp_per_floor":[80,80,69,69,62,40,64,64,64,70,65,27,33,31,55,20,80,64,64,64,59,59,59,35,59,69,32,26,26,16,18,45,29,90,85,85,85,33,37,64,39,0],"items_purged":["Strike_R","Strike_R","Defend_R"],"gold":212,"score":456,"play_id":"9f71ea97-9079-4dd3-8aa2-6e2c4175f84b","local_time":"20180329215906","is_prod":false,"is_daily":false,"is_ascension_mode":false,"campfire_upgraded":1,"timestamp":1522353546,"path_taken":["M","M","?","$","?","E","R","?","T","M","M","E","M","E","R","BOSS","M","?","$","M","?","R","E","R","T","E","?","?","M","M","R","BOSS","M","?","$","?","M","R","M","M"],"build_version":"2018-03-22v2","purchased_purges":3,"victory":false,"master_deck":["Strike_R","Strike_R","Defend_R","Defend_R","Bash","Sever Soul","Blood for Blood","Battle Trance","Twin Strike","Seeing Red","Offering+1","Flex","Twin Strike+1","Sentinel","Metallicize","Flex","Offering","Flex","Heavy Blade","Heavy Blade+1","Heavy Blade+1"],"max_hp_per_floor":[80,80,80,80,80,80,80,80,80,80,80,80,80,80,80,80,80,80,80,80,80,80,80,80,80,90,90,90,90,90,90,90,90,90,90,90,90,90,90,90,90,90],"relics":["Burning Blood","Lantern","Blue Candle","Bronze Scales","Red Skull","Paper Frog","Lizard Tail","Happy Flower","Darkstone Periapt","Pear","Vajra","Mark of Pain","Calipers"],"card_choices":[{"not_picked":["Carnage","Armaments"],"picked":"Sever Soul","floor":6},{"not_picked":["Rupture","Pummel"],"picked":"Blood for Blood","floor":10},{"not_picked":["Intimidate","Heavy Blade"],"picked":"Battle Trance","floor":11},{"not_picked":["Iron Wave","Headbutt"],"picked":"Twin Strike","floor":12},{"not_picked":["Dual Wield","Armaments"],"picked":"Seeing Red","floor":13},{"not_picked":["Barricade","Double Tap"],"picked":"Offering","floor":16},{"not_picked":["Entrench","Perfected Strike"],"picked":"Flex","floor":18},{"not_picked":["Iron Wave","Armaments"],"picked":"Twin Strike","floor":21},{"not_picked":["Second Wind","Armaments"],"picked":"Sentinel","floor":27},{"not_picked":["Warcry","Fiend Fire"],"picked":"Flex","floor":31},{"not_picked":["Berserk","Dark Embrace"],"picked":"Offering","floor":33},{"not_picked":["Perfected Strike","True Grit"],"picked":"Flex","floor":35},{"not_picked":["Evolve","Shrug It Off"],"picked":"Heavy Blade","floor":39},{"not_picked":["Reckless Charge","Warcry"],"picked":"Heavy Blade","floor":41}],"player_experience":219499,"potions_floor_usage":[2,11,11,14,18,21,27,30,31,35,41],"damage_taken":[{"damage":6,"enemies":"Jaw Worm","floor":1,"turns":6},{"damage":0,"enemies":"Small Slimes","floor":2,"turns":3},{"damage":28,"enemies":"Gremlin Nob","floor":6,"turns":4},{"damage":0,"enemies":"2 Louse","floor":10,"turns":2},{"damage":11,"enemies":"Exordium Thugs","floor":11,"turns":3},{"damage":44,"enemies":"Lagavulin","floor":12,"turns":6},{"damage":0,"enemies":"Large Slime","floor":13,"turns":3},{"damage":8,"enemies":"3 Sentries","floor":14,"turns":3},{"damage":41,"enemies":"Hexaghost","floor":16,"turns":5},{"damage":22,"enemies":"Chosen","floor":18,"turns":3},{"damage":11,"enemies":"Shell Parasite","floor":21,"turns":2},{"damage":30,"enemies":"Gremlin Leader","floor":24,"turns":2},{"damage":43,"enemies":"Book of Stabbing","floor":27,"turns":3},{"damage":12,"enemies":"Chosen and Byrds","floor":28,"turns":3},{"damage":16,"enemies":"Centurion and Healer","floor":30,"turns":2},{"damage":4,"enemies":"Sentry and Sphere","floor":31,"turns":3},{"damage":78,"enemies":"Champ","floor":33,"turns":6},{"damage":11,"enemies":"3 Darklings","floor":35,"turns":3},{"damage":58,"enemies":"Mysterious Sphere","floor":38,"turns":5},{"damage":2,"enemies":"3 Shapes","floor":39,"turns":3},{"damage":31,"enemies":"Maw","floor":41,"turns":5},{"damage":46,"enemies":"Sphere and 2 Shapes","floor":42,"turns":3}],"event_choices":[{"event_name":"World of Goop","player_choice":"Gather Gold","floor":3,"damage_taken":0},{"event_name":"Golden Wing","player_choice":"Card Removal","floor":5,"damage_taken":0},{"event_name":"Addict","player_choice":"Ignored","floor":22,"damage_taken":0},{"event_name":"Transmorgrifier","player_choice":"Transform","floor":29,"damage_taken":0},{"event_name":"Mysterious Sphere","player_choice":"Fight","floor":38,"damage_taken":0}],"boss_relics":[{"not_picked":["Snecko Eye","Question Card"],"picked":"Lizard Tail"},{"not_picked":["Runic Pyramid","Eternal Feather"],"picked":"Mark of Pain"}],"potions_floor_spawned":[1,10,12,16,24,27,28,33,39],"seed_played":"5601569509091448363","killed_by":"Sphere and 2 Shapes","ascension_level":0,"is_trial":false}