{"gold_per_floor":[111,129,129,60,70,70,103,122,167,196,196,213,213,226,226,330,330,349,349,349,360,210,210,230,230,230,242,262,262],"floor_reached":29,"playtime":1723,"items_purged":["Go for the Eyes"],"score":356,"play_id":"d204b744-40ab-4178-82f2-d87857da7b3a","local_time":"20190906174447","is_ascension_mode":true,"campfire_choices":[{"data":"Zap","floor":6,"key":"SMITH"},{"data":"Dualcast","floor":11,"key":"SMITH"},{"data":"Machine Learning","floor":13,"key":"SMITH"},{"floor":15,"key":"REST"},{"data":"Machine Learning","floor":23,"key":"SMITH"}],"neow_cost":"NONE","seed_source_timestamp":1766430942136700,"circlet_count":0,"master_deck":["AscendersBane","Strike_B","Strike_B","Strike_B+1","Defend_B","Defend_B","Defend_B","Zap+1","Dualcast+1","Go for the Eyes+1","Gash","Glacier","Glacier","Undo","Machine Learning+1","Sweeping Beam","FTL","Machine Learning+1","Go for the Eyes+1","All For One","Defragment","Capacitor","Redo+1","Redo+1","Cold Snap+1"],"relics":["Cracked Core","Letter Opener","Happy Flower","Whetstone","Philosopher\u0027s Stone","Question Card"],"potions_floor_usage":[28,29],"damage_taken":[{"damage":2,"enemies":"Jaw Worm","floor":1,"turns":4},{"damage":1,"enemies":"Cultist","floor":2,"turns":4},{"damage":2,"enemies":"Small Slimes","floor":5,"turns":4},{"damage":19,"enemies":"3 Sentries","floor":7,"turns":15},{"damage":3,"enemies":"Exordium Wildlife","floor":8,"turns":5},{"damage":7,"enemies":"Lagavulin","floor":10,"turns":12},{"damage":6,"enemies":"Looter","floor":12,"turns":3},{"damage":11,"enemies":"Gremlin Gang","floor":14,"turns":6},{"damage":43,"enemies":"Slime Boss","floor":16,"turns":17},{"damage":0,"enemies":"Spheric Guardian","floor":18,"turns":5},{"damage":13,"enemies":"3 Byrds","floor":21,"turns":3},{"damage":13,"enemies":"Centurion and Healer","floor":24,"turns":5},{"damage":1,"enemies":"3 Cultists","floor":27,"turns":5},{"damage":9,"enemies":"Sentry and Sphere","floor":28,"turns":4},{"damage":32,"enemies":"Slavers","floor":29,"turns":1}],"seed_played":"-7251569059534947947","potions_obtained":[{"floor":1,"key":"SneckoOil"},{"floor":10,"key":"EssenceOfSteel"},{"floor":12,"key":"Energy Potion"},{"floor":18,"key":"Regen Potion"}],"is_trial":false,"path_per_floor":["M","M","?","$","M","R","E","M","T","E","R","M","R","M","R","B",null,"M","?","?","M","$","R","M","?","T","M","M","E"],"character_chosen":"DEFECT","items_purchased":["Glacier","Capacitor"],"campfire_rested":1,"item_purchase_floors":[4,22],"current_hp_per_floor":[73,72,72,72,70,70,51,48,48,41,41,35,35,24,48,5,63,63,63,63,50,50,50,37,37,37,36,27,0],"gold":262,"neow_bonus":"TEN_PERCENT_HP_BONUS","is_prod":false,"is_daily":false,"chose_seed":false,"campfire_upgraded":4,"win_rate":0,"timestamp":1567817087,"path_taken":["M","M","?","?","M","R","E","M","T","E","R","M","R","M","R","BOSS","M","?","?","M","$","R","M","?","T","?","M","E"],"build_version":"2019-07-17","purchased_purges":1,"victory":false,"max_hp_per_floor":[82,82,82,82,82,82,82,82,82,82,82,82,82,82,82,82,82,82,82,82,82,82,82,82,82,82,82,82,82],"card_choices":[{"not_picked":["Loop","Beam Cell"],"picked":"Go for the Eyes","floor":1},{"not_picked":["Double Energy","Compile Driver"],"picked":"Gash","floor":2},{"not_picked":["Steam","Barrage"],"picked":"Glacier","floor":5},{"not_picked":["Coolheaded","Reboot","Doom and Gloom"],"picked":"SKIP","floor":7},{"not_picked":["Coolheaded","Sweeping Beam"],"picked":"Undo","floor":8},{"not_picked":["Blizzard","Double Energy"],"picked":"Machine Learning","floor":10},{"not_picked":["Stack","Hologram"],"picked":"Sweeping Beam","floor":12},{"not_picked":["Cold Snap","Sunder"],"picked":"FTL","floor":14},{"not_picked":["Fission","Amplify"],"picked":"Machine Learning","floor":16},{"not_picked":["Force Field","Sweeping Beam"],"picked":"Go for the Eyes+1","floor":18},{"not_picked":["Steam Power","Hello World+1","Self Repair"],"picked":"SKIP","floor":21},{"not_picked":["Sweeping Beam","Leap"],"picked":"Redo+1","floor":24},{"not_picked":["Stack","Capacitor","Turbo"],"picked":"Redo+1","floor":27},{"not_picked":["Coolheaded","Go for the Eyes+1","Aggregate"],"picked":"Cold Snap+1","floor":28}],"player_experience":276010,"relics_obtained":[{"floor":7,"key":"Letter Opener"},{"floor":9,"key":"Happy Flower"},{"floor":10,"key":"Whetstone"},{"floor":26,"key":"Question Card"}],"event_choices":[{"damage_healed":0,"gold_gain":0,"player_choice":"Ignored","damage_taken":0,"max_hp_gain":0,"max_hp_loss":0,"event_name":"Liars Game","floor":3,"gold_loss":0},{"damage_healed":0,"gold_gain":0,"cards_transformed":["Strike_B","Defend_B"],"player_choice":"Became Test Subject","damage_taken":0,"max_hp_gain":0,"max_hp_loss":0,"event_name":"Drug Dealer","floor":19,"gold_loss":0,"cards_obtained":["Go for the Eyes","All For One"]},{"damage_healed":0,"gold_gain":0,"player_choice":"Read","damage_taken":0,"max_hp_gain":0,"max_hp_loss":0,"event_name":"The Library","floor":20,"gold_loss":0,"cards_obtained":["Defragment"]},{"damage_healed":0,"gold_gain":0,"player_choice":"Ignored","damage_taken":0,"max_hp_gain":0,"max_hp_loss":0,"event_name":"Vampires","floor":25,"gold_loss":0}],"is_beta":false,"boss_relics":[{"not_picked":["Inserter","Empty Cage"],"picked":"Philosopher\u0027s Stone"}],"items_purged_floors":[22],"is_endless":false,"potions_floor_spawned":[1,10,12,14,16,18,27],"killed_by":"Slavers","ascension_level":10}