{"gold_per_floor":[111,127,127,77,2,2,29,29,98,123,139,139,165,183,183,183],"floor_reached":16,"playtime":1070,"items_purged":["Strike_R"],"score":118,"play_id":"9be31aff-6bd0-4773-96c3-cb075d6dd405","local_time":"20190126025205","is_ascension_mode":false,"campfire_choices":[{"floor":6,"key":"RECALL"},{"data":"Dropkick","floor":8,"key":"SMITH"},{"data":"Dual Wield","floor":12,"key":"SMITH"},{"floor":15,"key":"REST"}],"neow_cost":"TEN_PERCENT_HP_LOSS","seed_source_timestamp":33163086437185,"circlet_count":0,"master_deck":["Strike_R","Strike_R","Defend_R","Defend_R","Defend_R","Bash","Flame Barrier","Dropkick+1","Thunderclap","Dual Wield+1"],"relics":["Burning Blood","Potion Belt","Unceasing Top","Mercury Hourglass"],"potions_floor_usage":[10,13,14],"damage_taken":[{"damage":0,"enemies":"Jaw Worm","floor":1,"turns":4},{"damage":0,"enemies":"Small Slimes","floor":2,"turns":2},{"damage":18,"enemies":"Gremlin Nob","floor":7,"turns":5},{"damage":24,"enemies":"Lagavulin","floor":10,"turns":5},{"damage":0,"enemies":"Cultist","floor":11,"turns":4},{"damage":30,"enemies":"Gremlin Nob","floor":13,"turns":5},{"damage":0,"enemies":"Red Slaver","floor":14,"turns":5},{"damage":55,"enemies":"Slime Boss","floor":16,"turns":7}],"seed_played":"-1377418310816369660","potions_obtained":[{"floor":1,"key":"SteroidPotion"},{"floor":10,"key":"Block Potion"},{"floor":11,"key":"GamblersBrew"}],"is_trial":false,"path_per_floor":["M","M","?","?","$","R","E","R","T","E","M","R","E","M","R","B"],"character_chosen":"IRONCLAD","items_purchased":[],"campfire_rested":1,"item_purchase_floors":[],"current_hp_per_floor":[72,72,72,72,72,72,60,60,60,42,48,48,24,30,51,0],"gold":183,"neow_bonus":"TRANSFORM_TWO_CARDS","is_prod":false,"is_daily":false,"chose_seed":false,"campfire_upgraded":2,"win_rate":0,"timestamp":1548467525,"path_taken":["M","M","?","?","$","R","E","R","T","E","M","R","E","M","R","BOSS"],"build_version":"2019-01-23","purchased_purges":1,"victory":false,"max_hp_per_floor":[72,72,72,72,72,72,72,72,72,72,72,72,72,72,72,72],"card_choices":[{"not_picked":["Seeing Red","Pommel Strike"],"picked":"Thunderclap","floor":1},{"not_picked":["Sword Boomerang","Perfected Strike","Anger"],"picked":"SKIP","floor":2},{"not_picked":["Pommel Strike","Iron Wave","Intimidate"],"picked":"SKIP","floor":7},{"not_picked":["Perfected Strike","Demon Form","Wild Strike"],"picked":"SKIP","floor":10},{"not_picked":["Headbutt","Ghostly Armor"],"picked":"Dual Wield","floor":11},{"not_picked":["Warcry","Havoc","Offering"],"picked":"SKIP","floor":13},{"not_picked":["Cleave","Twin Strike","Clash"],"picked":"SKIP","floor":14}],"player_experience":649707,"relics_obtained":[{"floor":7,"key":"Potion Belt"},{"floor":10,"key":"Unceasing Top"},{"floor":13,"key":"Mercury Hourglass"}],"event_choices":[{"damage_healed":0,"gold_gain":0,"player_choice":"Ignored","damage_taken":0,"max_hp_gain":0,"max_hp_loss":0,"event_name":"Liars Game","floor":3,"gold_loss":0},{"cards_removed":["Strike_R"],"damage_healed":0,"gold_gain":0,"player_choice":"Card Removal","damage_taken":0,"max_hp_gain":0,"max_hp_loss":0,"event_name":"The Cleric","floor":4,"gold_loss":50}],"is_beta":false,"boss_relics":[],"items_purged_floors":[5],"is_endless":false,"potions_floor_spawned":[1,10,11],"killed_by":"Slime Boss","ascension_level":0}