{"gold_per_floor":[113,38,48,48,61,95,95,124,197,207,219,219,219,40,40,40],"floor_reached":16,"playtime":1127,"items_purged":["Strike_R","Strike_R"],"score":110,"play_id":"ef8a0022-8907-4d8d-b8c7-fd2d7c9f3570","local_time":"20190122211746","is_ascension_mode":false,"campfire_choices":[{"floor":7,"key":"DIG"},{"floor":12,"key":"REST"},{"floor":15,"key":"DIG"}],"neow_cost":"NONE","seed_source_timestamp":26341714389045,"circlet_count":0,"master_deck":["Strike_R","Strike_R","Defend_R","Defend_R","Defend_R","Defend_R","Bash","Pommel Strike+1","Pommel Strike","Limit Break","Metallicize"],"relics":["Burning Blood","Potion Belt","Shovel","Lantern","Dream Catcher","Mummified Hand","Blue Candle"],"potions_floor_usage":[5,10,11],"damage_taken":[{"damage":6,"enemies":"Jaw Worm","floor":1,"turns":3},{"damage":10,"enemies":"Cultist","floor":3,"turns":4},{"damage":4,"enemies":"Small Slimes","floor":5,"turns":3},{"damage":54,"enemies":"Lagavulin","floor":6,"turns":6},{"damage":25,"enemies":"3 Sentries","floor":8,"turns":11},{"damage":0,"enemies":"Exordium Wildlife","floor":10,"turns":2},{"damage":2,"enemies":"Looter","floor":11,"turns":4},{"damage":40,"enemies":"Slime Boss","floor":16,"turns":6}],"seed_played":"-2583256534112030866","potions_obtained":[{"floor":3,"key":"PowerPotion"},{"floor":8,"key":"Fire Potion"},{"floor":10,"key":"Strength Potion"}],"is_trial":false,"path_per_floor":["M","$","M","?","M","E","R","E","T","M","M","R","?","$","R","B"],"character_chosen":"IRONCLAD","items_purchased":["Metallicize"],"campfire_rested":1,"item_purchase_floors":[14],"current_hp_per_floor":[80,80,76,76,78,30,30,11,11,17,21,45,38,38,38,0],"gold":40,"neow_bonus":"RANDOM_COMMON_RELIC","is_prod":false,"is_daily":false,"chose_seed":false,"campfire_upgraded":0,"win_rate":0,"timestamp":1548188266,"path_taken":["M","$","M","?","?","E","R","E","T","M","M","R","?","?","R","BOSS"],"build_version":"2019-01-17v2","purchased_purges":2,"victory":false,"max_hp_per_floor":[80,80,80,80,80,80,80,80,80,80,80,80,80,80,80,80],"card_choices":[{"not_picked":["Twin Strike","Bloodletting"],"picked":"Pommel Strike","floor":1},{"not_picked":["Reckless Charge","Wild Strike","Disarm"],"picked":"SKIP","floor":3},{"not_picked":["Havoc","Iron Wave","Ghostly Armor"],"picked":"SKIP","floor":5},{"not_picked":["Combust","Clothesline","Body Slam"],"picked":"SKIP","floor":6},{"not_picked":["Anger","Wild Strike","Clash"],"picked":"SKIP","floor":8},{"not_picked":["Body Slam","Clothesline","Perfected Strike"],"picked":"SKIP","floor":10},{"not_picked":["Havoc","Fire Breathing"],"picked":"Pommel Strike","floor":11},{"not_picked":["Havoc","Clash"],"picked":"Limit Break","floor":12}],"player_experience":576120,"relics_obtained":[{"floor":6,"key":"Shovel"},{"floor":7,"key":"Lantern"},{"floor":8,"key":"Dream Catcher"},{"floor":9,"key":"Mummified Hand"},{"floor":15,"key":"Blue Candle"}],"event_choices":[{"damage_healed":0,"gold_gain":0,"player_choice":"Upgraded","damage_taken":0,"max_hp_gain":0,"max_hp_loss":0,"event_name":"Upgrade Shrine","floor":4,"gold_loss":0,"cards_upgraded":["Pommel Strike"]},{"cards_removed":["Strike_R"],"damage_healed":0,"gold_gain":0,"player_choice":"Card Removal","damage_taken":7,"max_hp_gain":0,"max_hp_loss":0,"event_name":"Golden Wing","floor":13,"gold_loss":0}],"is_beta":false,"boss_relics":[],"items_purged_floors":[2,14],"is_endless":false,"potions_floor_spawned":[3,8,10],"killed_by":"Slime Boss","ascension_level":0}