{"path_per_floor":["M","?","M","M","$","R","M","$","T","R","M","M","E","M","R","B",null,"M","?","M","M","M"],"character_chosen":"IRONCLAD","items_purchased":["Inflame"],"gold_per_floor":[117,192,205,223,110,110,125,25,94,94,114,130,161,174,174,277,277,291,291,305,319,335,335],"floor_reached":23,"campfire_rested":1,"playtime":1473,"current_hp_per_floor":[79,68,68,61,61,61,60,60,60,60,59,57,41,28,52,31,80,72,57,47,32,15,0],"items_purged":["Defend_R","Strike_R"],"gold":335,"score":233,"play_id":"963121bb-27d1-48b4-b3b9-b9b87c13c4d3","local_time":"20180404142759","is_prod":false,"is_daily":false,"is_ascension_mode":true,"campfire_upgraded":2,"timestamp":1522844879,"path_taken":["M","?","M","?","$","R","M","$","T","R","M","M","E","M","R","BOSS","M","?","?","?","M","E"],"build_version":"2018-03-29v2","purchased_purges":2,"victory":false,"master_deck":["Strike_R","Strike_R","Strike_R","Strike_R","Defend_R","Defend_R","Defend_R","Bash","Brutality+1","Blood for Blood","Shockwave+1","Inflame","Heavy Blade+1","Spot Weakness+1","Offering","Warcry+1","Inflame+1"],"max_hp_per_floor":[80,80,80,80,80,80,80,80,80,80,80,80,80,80,80,80,80,80,85,85,85,85,85],"relics":["Burning Blood","Vajra","Dodecahedron","War Paint","Black Star"],"card_choices":[{"not_picked":["Cleave","Iron Wave"],"picked":"Brutality","floor":1},{"not_picked":["True Grit","Power Through"],"picked":"Blood for Blood","floor":3},{"not_picked":["Blood for Blood","Headbutt"],"picked":"Shockwave","floor":4},{"not_picked":["Pommel Strike","Carnage"],"picked":"Heavy Blade","floor":7},{"not_picked":["Perfected Strike","Searing Blow"],"picked":"Spot Weakness","floor":11},{"not_picked":["Immolate","Bludgeon"],"picked":"Offering","floor":16},{"not_picked":["Sever Soul","Iron Wave"],"picked":"Warcry","floor":18},{"not_picked":["Rampage","Spot Weakness"],"picked":"Inflame","floor":20}],"player_experience":294342,"potions_floor_usage":[13,18,21,22,22],"damage_taken":[{"damage":7,"enemies":"Small Slimes","floor":1,"turns":5},{"damage":6,"enemies":"2 Louse","floor":3,"turns":3},{"damage":13,"enemies":"Jaw Worm","floor":4,"turns":4},{"damage":7,"enemies":"Red Slaver","floor":7,"turns":4},{"damage":7,"enemies":"Looter","floor":11,"turns":3},{"damage":8,"enemies":"Blue Slaver","floor":12,"turns":2},{"damage":22,"enemies":"3 Sentries","floor":13,"turns":4},{"damage":19,"enemies":"Lots of Slimes","floor":14,"turns":4},{"damage":27,"enemies":"Hexaghost","floor":16,"turns":5},{"damage":22,"enemies":"Chosen","floor":18,"turns":4},{"damage":16,"enemies":"3 Byrds","floor":20,"turns":3},{"damage":21,"enemies":"Centurion and Healer","floor":21,"turns":3},{"damage":23,"enemies":"Snecko","floor":22,"turns":4},{"damage":16,"enemies":"Book of Stabbing","floor":23,"turns":2}],"event_choices":[{"event_name":"World of Goop","player_choice":"Gather Gold","floor":2,"damage_taken":0},{"event_name":"Forgotten Altar","player_choice":"Shed Blood","floor":19,"damage_taken":0}],"boss_relics":[{"not_picked":["Runic Pyramid","Runic Dome"],"picked":"Black Star"}],"potions_floor_spawned":[3,7,11,16,21],"seed_played":"1623084174888992112","killed_by":"Book of Stabbing","ascension_level":1,"is_trial":false}