{"gold_per_floor":[113,113,113,123,135,135,168,14,14,14,27,27,42,60,60,60],"floor_reached":16,"playtime":977,"items_purged":[],"score":112,"play_id":"4cd8702a-a80d-4d83-a252-3849dbf680d7","local_time":"20190825141312","is_ascension_mode":true,"campfire_choices":[{"floor":6,"key":"REST"},{"floor":10,"key":"REST"},{"floor":12,"key":"REST"},{"floor":15,"key":"REST"}],"neow_cost":"TEN_PERCENT_HP_LOSS","seed_source_timestamp":155731205128200,"circlet_count":0,"master_deck":["Strike_B","Strike_B","Strike_B","Defend_B","Defend_B","Defend_B","Zap","Dualcast","Go for the Eyes","Pain","Hologram","Genetic Algorithm","FTL","Barrage","Go for the Eyes","Barrage"],"relics":["Cracked Core","Bird Faced Urn","WarpedTongs","Omamori","Potion Belt"],"potions_floor_usage":[16,16],"damage_taken":[{"damage":6,"enemies":"2 Louse","floor":1,"turns":3},{"damage":8,"enemies":"Jaw Worm","floor":4,"turns":3},{"damage":4,"enemies":"Cultist","floor":5,"turns":4},{"damage":59,"enemies":"3 Sentries","floor":7,"turns":9},{"damage":18,"enemies":"Lots of Slimes","floor":11,"turns":4},{"damage":9,"enemies":"Looter","floor":13,"turns":3},{"damage":18,"enemies":"Exordium Thugs","floor":14,"turns":5},{"damage":31,"enemies":"Slime Boss","floor":16,"turns":6}],"seed_played":"-2819793368101339891","potions_obtained":[{"floor":11,"key":"FearPotion"},{"floor":13,"key":"Fire Potion"},{"floor":14,"key":"Fire Potion"}],"is_trial":false,"path_per_floor":["M","?","?","M","M","R","E","$","T","R","M","R","M","M","R","B"],"character_chosen":"DEFECT","items_purchased":["Potion Belt"],"campfire_rested":4,"item_purchase_floors":[8],"current_hp_per_floor":[62,59,59,51,47,67,8,8,8,28,10,30,21,3,23,0],"gold":60,"neow_bonus":"REMOVE_TWO","is_prod":false,"is_daily":false,"chose_seed":false,"campfire_upgraded":0,"win_rate":0,"timestamp":1566760392,"path_taken":["M","?","?","M","M","R","E","$","T","R","M","R","?","M","R","BOSS"],"build_version":"2019-07-17","purchased_purges":0,"victory":false,"max_hp_per_floor":[68,68,68,68,68,68,68,68,68,68,68,68,68,68,68,68],"card_choices":[{"not_picked":["Rebound","BootSequence"],"picked":"Go for the Eyes","floor":1},{"not_picked":["Beam Cell","Stack"],"picked":"Hologram","floor":4},{"not_picked":["Steam","Streamline"],"picked":"Genetic Algorithm","floor":5},{"not_picked":["Beam Cell","Reprogram"],"picked":"FTL","floor":7},{"not_picked":["Rip and Tear","Redo"],"picked":"Barrage","floor":11},{"not_picked":["BootSequence","Stack"],"picked":"Go for the Eyes","floor":13},{"not_picked":["Compile Driver","Creative AI"],"picked":"Barrage","floor":14}],"player_experience":200596,"relics_obtained":[{"floor":7,"key":"Omamori"}],"event_choices":[{"damage_healed":0,"gold_gain":0,"player_choice":"Success","damage_taken":3,"relics_obtained":["Bird Faced Urn"],"max_hp_gain":0,"max_hp_loss":0,"event_name":"Scrap Ooze","floor":2,"gold_loss":0},{"damage_healed":0,"gold_gain":0,"player_choice":"Rummage","damage_taken":0,"relics_obtained":["WarpedTongs"],"max_hp_gain":0,"max_hp_loss":0,"event_name":"Accursed Blacksmith","floor":3,"gold_loss":0,"cards_obtained":["Pain"]}],"is_beta":false,"boss_relics":[],"items_purged_floors":[],"is_endless":false,"potions_floor_spawned":[11,13,14],"killed_by":"Slime Boss","ascension_level":2}