{"gold_per_floor":[111,111,129,21,96,115,142,142],"floor_reached":8,"playtime":491,"items_purged":[],"score":104,"play_id":"578c0696-1f32-49b8-b6ce-4d322a21f74a","local_time":"20190907212333","is_ascension_mode":true,"campfire_choices":[],"neow_cost":"NONE","seed_source_timestamp":310431148211800,"circlet_count":0,"master_deck":["AscendersBane","Strike_R","Strike_R","Strike_R","Defend_R","Defend_R","Defend_R","Defend_R","Bash","Pommel Strike","Spot Weakness","Discovery","True Grit"],"relics":["Burning Blood","Singing Bowl"],"potions_floor_usage":[7,8],"damage_taken":[{"damage":6,"enemies":"Cultist","floor":1,"turns":3},{"damage":12,"enemies":"Small Slimes","floor":3,"turns":4},{"damage":4,"enemies":"Jaw Worm","floor":6,"turns":5},{"damage":33,"enemies":"Gremlin Nob","floor":7,"turns":4},{"damage":21,"enemies":"3 Sentries","floor":8,"turns":6}],"seed_played":"7586014962497968680","potions_obtained":[{"floor":6,"key":"Strength Potion"},{"floor":7,"key":"Poison Potion"}],"is_trial":false,"path_per_floor":["M","?","M","$","?","M","E","?"],"character_chosen":"IRONCLAD","items_purchased":["Discovery"],"campfire_rested":0,"item_purchase_floors":[4],"current_hp_per_floor":[68,61,55,55,44,46,21,0],"gold":142,"neow_bonus":"REMOVE_CARD","is_prod":false,"is_daily":false,"chose_seed":false,"campfire_upgraded":0,"win_rate":0,"timestamp":1567916613,"path_taken":["M","?","M","$","?","M","E","?"],"build_version":"2019-07-17","purchased_purges":0,"victory":false,"max_hp_per_floor":[75,75,75,75,75,75,77,77],"card_choices":[{"not_picked":["True Grit","Warcry"],"picked":"Pommel Strike","floor":1},{"not_picked":["Headbutt","Wild Strike"],"picked":"Spot Weakness","floor":3},{"not_picked":["Battle Trance","Twin Strike"],"picked":"True Grit","floor":6},{"not_picked":["Brutality","Clothesline","Body Slam"],"picked":"Singing Bowl","floor":7}],"player_experience":1407358,"relics_obtained":[{"floor":7,"key":"Singing Bowl"}],"event_choices":[{"cards_removed":["Strike_R"],"damage_healed":0,"gold_gain":0,"player_choice":"Card Removal","damage_taken":7,"max_hp_gain":0,"max_hp_loss":0,"event_name":"Golden Wing","floor":2,"gold_loss":0},{"damage_healed":0,"gold_gain":75,"player_choice":"Gather Gold","damage_taken":11,"max_hp_gain":0,"max_hp_loss":0,"event_name":"World of Goop","floor":5,"gold_loss":0},{"damage_healed":0,"gold_gain":0,"player_choice":"Searched \u00271\u0027 times","damage_taken":0,"max_hp_gain":0,"max_hp_loss":0,"event_name":"Dead Adventurer","floor":8,"gold_loss":0}],"is_beta":false,"boss_relics":[],"items_purged_floors":[],"is_endless":false,"potions_floor_spawned":[6,7],"killed_by":"3 Sentries","ascension_level":17}