{"gold_per_floor":[109,123,48,66,66,66,99,99,99,274,288,37,37,54,54,159,159,178,53,70,103,121,146,146,156,156,231,251,264,283,283,283,380,380,392,392,392,392,392,392,418,447,512,539,561,573,585,609,621,633],"floor_reached":50,"playtime":4163,"items_purged":["Strike_G","Regret","Doubt"],"score":519,"play_id":"696274c2-f8e4-441b-953b-0612790f4282","local_time":"20190123010756","is_ascension_mode":false,"campfire_choices":[{"data":"Cloak And Dagger","floor":6,"key":"SMITH"},{"data":"Survivor","floor":8,"key":"SMITH"},{"floor":15,"key":"REST"},{"floor":24,"key":"REST"},{"floor":32,"key":"REST"},{"data":"Catalyst","floor":40,"key":"SMITH"},{"floor":46,"key":"REST"},{"floor":49,"key":"REST"}],"neow_cost":"NONE","seed_source_timestamp":37116726780409,"circlet_count":0,"master_deck":["Defend_G","Defend_G","Defend_G","Defend_G","Strike_G","Strike_G","Strike_G","Strike_G+1","Survivor+1","Neutralize+1","Poisoned Stab","Cloak And Dagger+1","Dagger Spray","Envenom","Blade Dance+1","Choke+1","Catalyst+1","Swift Strike+1","Pain"],"relics":["Ring of the Serpent","Snake Skull","Ninja Scroll","Blood Vial","Bag of Marbles","Regal Pillow","Busted Crown","Red Mask","Mummified Hand","Molten Egg 2","Paper Crane","MawBank","Art of War","WarpedTongs"],"potions_floor_usage":[7,16,18,20,20,28,33,33,33,42,44,50,50],"damage_taken":[{"damage":0,"enemies":"2 Louse","floor":1,"turns":3},{"damage":2,"enemies":"Small Slimes","floor":2,"turns":4},{"damage":0,"enemies":"Cultist","floor":4,"turns":4},{"damage":24,"enemies":"3 Sentries","floor":7,"turns":10},{"damage":0,"enemies":"Blue Slaver","floor":11,"turns":2},{"damage":0,"enemies":"2 Fungi Beasts","floor":14,"turns":2},{"damage":29,"enemies":"The Guardian","floor":16,"turns":15},{"damage":0,"enemies":"3 Byrds","floor":18,"turns":4},{"damage":5,"enemies":"Spheric Guardian","floor":20,"turns":4},{"damage":0,"enemies":"Masked Bandits","floor":21,"turns":2},{"damage":6,"enemies":"Centurion and Healer","floor":22,"turns":4},{"damage":34,"enemies":"Book of Stabbing","floor":23,"turns":5},{"damage":0,"enemies":"Snake Plant","floor":25,"turns":1},{"damage":11,"enemies":"Shelled Parasite and Fungi","floor":28,"turns":3},{"damage":0,"enemies":"Snecko","floor":29,"turns":3},{"damage":0,"enemies":"Centurion and Healer","floor":30,"turns":2},{"damage":54,"enemies":"Collector","floor":33,"turns":6},{"damage":43,"enemies":"3 Darklings","floor":35,"turns":4},{"damage":39,"enemies":"Giant Head","floor":41,"turns":7},{"damage":0,"enemies":"Orb Walker","floor":42,"turns":2},{"damage":12,"enemies":"3 Darklings","floor":44,"turns":3},{"damage":20,"enemies":"Spire Growth","floor":45,"turns":4},{"damage":22,"enemies":"Jaw Worm Horde","floor":48,"turns":4},{"damage":51,"enemies":"Time Eater","floor":50,"turns":8}],"seed_played":"-3318277627479328546","potions_obtained":[{"floor":4,"key":"Swift Potion"},{"floor":7,"key":"GhostInAJar"},{"floor":14,"key":"Block Potion"},{"floor":16,"key":"Block Potion"},{"floor":18,"key":"Explosive Potion"},{"floor":23,"key":"Ancient Potion"},{"floor":25,"key":"FearPotion"},{"floor":29,"key":"Weak Potion"},{"floor":30,"key":"PowerPotion"},{"floor":41,"key":"Energy Potion"},{"floor":42,"key":"AttackPotion"},{"floor":45,"key":"EssenceOfSteel"},{"floor":48,"key":"AttackPotion"}],"is_trial":false,"path_per_floor":["M","M","$","M","?","R","E","R","T","?","M","$","?","M","R","B",null,"M","$","M","?","M","E","R","M","T","?","M","M","M","?","R","B",null,"M","?","?","T","?","R","E","M","T","M","M","R","?","M","R","B"],"character_chosen":"THE_SILENT","items_purchased":["Regal Pillow"],"campfire_rested":5,"item_purchase_floors":[12],"current_hp_per_floor":[70,68,68,68,68,68,44,44,44,44,46,46,32,34,70,41,70,70,70,65,67,63,31,67,69,69,62,53,55,57,44,75,21,75,32,32,66,66,66,66,27,29,29,19,1,35,35,15,49,0],"gold":633,"neow_bonus":"RANDOM_COMMON_RELIC","is_prod":false,"is_daily":false,"chose_seed":false,"campfire_upgraded":3,"win_rate":0,"timestamp":1548202076,"path_taken":["M","M","$","M","?","R","E","R","T","?","M","$","?","M","R","BOSS","M","$","M","?","M","E","R","M","T","?","M","?","M","?","R","BOSS","M","?","?","?","?","R","E","?","T","M","M","R","?","?","R","BOSS"],"build_version":"2019-01-17v2","purchased_purges":3,"victory":false,"max_hp_per_floor":[70,70,70,70,70,70,70,70,70,70,70,70,70,70,70,70,70,70,70,70,70,70,70,70,70,70,70,70,70,70,75,75,75,75,75,75,66,66,66,66,66,66,66,66,66,66,66,66,66,66],"card_choices":[{"not_picked":["Sucker Punch","PiercingWail","Blade Dance"],"picked":"SKIP","floor":1},{"not_picked":["Dagger Throw","Backflip"],"picked":"Poisoned Stab","floor":2},{"not_picked":["Flying Knee","Outmaneuver"],"picked":"Cloak And Dagger","floor":4},{"not_picked":["Masterful Stab","Tactician","Heel Hook"],"picked":"SKIP","floor":7},{"not_picked":["Quick Slash","Dodge and Roll"],"picked":"Dagger Spray","floor":11},{"not_picked":["Burst","Distraction","Slice"],"picked":"SKIP","floor":14},{"not_picked":["A Thousand Cuts","Burst"],"picked":"Envenom","floor":16},{"not_picked":[],"picked":"Blade Dance+1","floor":18},{"not_picked":["Deadly Poison"],"picked":"SKIP","floor":20},{"not_picked":["Tactician"],"picked":"SKIP","floor":22},{"not_picked":[],"picked":"Choke+1","floor":23},{"not_picked":["PiercingWail"],"picked":"SKIP","floor":25},{"not_picked":["Backflip"],"picked":"SKIP","floor":28},{"not_picked":["Night Terror"],"picked":"SKIP","floor":29},{"not_picked":[],"picked":"Catalyst","floor":30},{"not_picked":["Poisoned Stab+1"],"picked":"SKIP","floor":35},{"not_picked":[],"picked":"Swift Strike+1","floor":39},{"not_picked":["Poisoned Stab+1"],"picked":"SKIP","floor":41},{"not_picked":["PiercingWail"],"picked":"SKIP","floor":42},{"not_picked":["Backflip"],"picked":"SKIP","floor":44},{"not_picked":["Backflip+1"],"picked":"SKIP","floor":45},{"not_picked":["Outmaneuver+1"],"picked":"SKIP","floor":48}],"player_experience":584167,"relics_obtained":[{"floor":7,"key":"Blood Vial"},{"floor":9,"key":"Bag of Marbles"},{"floor":21,"key":"Red Mask"},{"floor":23,"key":"Mummified Hand"},{"floor":26,"key":"Molten Egg 2"},{"floor":38,"key":"Paper Crane"},{"floor":41,"key":"MawBank"},{"floor":43,"key":"Art of War"}],"event_choices":[{"damage_healed":0,"gold_gain":0,"player_choice":"Box","damage_taken":0,"relics_obtained":["Ninja Scroll"],"max_hp_gain":0,"max_hp_loss":0,"event_name":"Big Fish","floor":5,"gold_loss":0,"cards_obtained":["Regret"]},{"damage_healed":0,"gold_gain":175,"player_choice":"AGREE","damage_taken":0,"max_hp_gain":0,"max_hp_loss":0,"event_name":"Liars Game","floor":10,"gold_loss":0,"cards_obtained":["Doubt"]},{"damage_healed":0,"gold_gain":0,"player_choice":"Entered Light","damage_taken":14,"max_hp_gain":0,"max_hp_loss":0,"event_name":"Shining Light","floor":13,"gold_loss":0,"cards_upgraded":["Strike_G","Neutralize"]},{"damage_healed":0,"gold_gain":0,"player_choice":"Fought Bandits","damage_taken":0,"max_hp_gain":0,"max_hp_loss":0,"event_name":"Masked Bandits","floor":21,"gold_loss":0},{"damage_healed":0,"gold_gain":75,"player_choice":"Touch","damage_taken":7,"max_hp_gain":0,"max_hp_loss":0,"event_name":"FaceTrader","floor":27,"gold_loss":0},{"damage_healed":0,"gold_gain":0,"player_choice":"Shed Blood","damage_taken":18,"max_hp_gain":5,"max_hp_loss":0,"event_name":"Forgotten Altar","floor":31,"gold_loss":0},{"cards_removed":["Defend_G"],"damage_healed":0,"gold_gain":0,"player_choice":"Removed Skill","damage_taken":0,"max_hp_gain":0,"max_hp_loss":0,"event_name":"Falling","floor":36,"gold_loss":0},{"damage_healed":66,"gold_gain":0,"player_choice":"Heal","damage_taken":0,"max_hp_gain":0,"max_hp_loss":9,"event_name":"The Moai Head","floor":37,"gold_loss":0},{"damage_healed":0,"gold_gain":0,"player_choice":"Memory 1","damage_taken":0,"max_hp_gain":0,"max_hp_loss":0,"event_name":"SensoryStone","floor":39,"gold_loss":0},{"damage_healed":0,"gold_gain":0,"player_choice":"Rummage","damage_taken":0,"relics_obtained":["WarpedTongs"],"max_hp_gain":0,"max_hp_loss":0,"event_name":"Accursed Blacksmith","floor":47,"gold_loss":0,"cards_obtained":["Pain"]}],"is_beta":false,"boss_relics":[{"not_picked":["HoveringKite","Philosopher\u0027s Stone"],"picked":"Busted Crown"},{"not_picked":["Pandora\u0027s Box","Astrolabe"],"picked":"Ring of the Serpent"}],"items_purged_floors":[3,12,19],"is_endless":false,"potions_floor_spawned":[4,7,14,16,18,23,25,29,30,41,42,45,48],"killed_by":"Time Eater","ascension_level":0}