{"path_per_floor":["M","M","?","$","M","R","M","$","T","E","R","M","M","M","R","B",null,"M","M","?","?","$","E","R","?","T","M","$","M","R","E","R"],"character_chosen":"IRONCLAD","items_purchased":["Juzu Bracelet","Flex"],"gold_per_floor":[115,129,129,54,74,74,99,99,99,137,137,161,177,196,196,316,316,330,349,349,264,18,47,47,47,47,58,34,48,48,80,80,80],"floor_reached":33,"campfire_rested":3,"playtime":2386,"current_hp_per_floor":[80,80,60,60,55,55,48,48,48,27,51,45,47,43,43,9,80,70,50,50,50,50,25,49,49,49,34,34,41,41,19,43,0],"items_purged":["Strike_R","Defend_R"],"gold":80,"score":287,"play_id":"3ce3e13f-084e-49a0-a053-f4b47be3376a","local_time":"20180331011857","is_prod":false,"is_daily":false,"is_ascension_mode":false,"campfire_upgraded":3,"timestamp":1522451937,"path_taken":["M","M","?","?","?","R","M","$","T","E","R","M","M","M","R","BOSS","M","M","?","?","?","E","R","?","T","M","$","M","R","E","R","BOSS"],"build_version":"2018-03-29v2","purchased_purges":2,"victory":false,"master_deck":["Strike_R","Strike_R","Strike_R","Strike_R","Defend_R","Defend_R","Defend_R","Bash","Seeing Red","Cleave+1","Inflame","Thunderclap","Bloodletting","Flame Barrier+1","Brutality","Pommel Strike","Body Slam+1","Wild Strike+1","Flex+1","Flex"],"max_hp_per_floor":[80,80,80,80,80,80,80,80,80,80,80,80,80,80,80,80,80,80,80,80,80,80,80,80,80,80,80,80,80,80,80,80,80],"relics":["Black Blood","Bloody Idol","Red Skull","Ancient Tea Set","Mercury Hourglass","Juzu Bracelet","Kunai","Orichalcum","Happy Flower"],"card_choices":[{"not_picked":["Carnage","Pummel"],"picked":"Seeing Red","floor":1},{"not_picked":["Wild Strike","Juggernaut"],"picked":"Cleave","floor":2},{"not_picked":["Feel No Pain","Flame Barrier"],"picked":"Inflame","floor":10},{"not_picked":["Warcry","Wild Strike"],"picked":"Thunderclap","floor":12},{"not_picked":["Heavy Blade","Pommel Strike"],"picked":"Bloodletting","floor":13},{"not_picked":["True Grit","Shrug It Off"],"picked":"Flame Barrier","floor":14},{"not_picked":["Reaper","Immolate"],"picked":"Brutality","floor":16},{"not_picked":["True Grit","Dropkick"],"picked":"Pommel Strike","floor":18},{"not_picked":["Spot Weakness","Wild Strike"],"picked":"Body Slam","floor":23},{"not_picked":["Immolate","Rage"],"picked":"Wild Strike","floor":27},{"not_picked":["Wild Strike","Havoc"],"picked":"Flex","floor":29}],"player_experience":227701,"potions_floor_usage":[14,16,16,23,31,33],"damage_taken":[{"damage":0,"enemies":"2 Louse","floor":1,"turns":3},{"damage":1,"enemies":"Cultist","floor":2,"turns":3},{"damage":11,"enemies":"Jaw Worm","floor":5,"turns":2},{"damage":13,"enemies":"2 Fungi Beasts","floor":7,"turns":3},{"damage":27,"enemies":"3 Sentries","floor":10,"turns":5},{"damage":12,"enemies":"Blue Slaver","floor":12,"turns":3},{"damage":4,"enemies":"Gremlin Gang","floor":13,"turns":3},{"damage":10,"enemies":"Exordium Wildlife","floor":14,"turns":2},{"damage":40,"enemies":"The Guardian","floor":16,"turns":12},{"damage":20,"enemies":"Chosen","floor":18,"turns":5},{"damage":30,"enemies":"Spheric Guardian","floor":19,"turns":5},{"damage":40,"enemies":"Gremlin Leader","floor":23,"turns":6},{"damage":30,"enemies":"Snake Plant","floor":27,"turns":3},{"damage":8,"enemies":"Centurion and Healer","floor":29,"turns":4},{"damage":37,"enemies":"Slavers","floor":31,"turns":5},{"damage":54,"enemies":"Collector","floor":33,"turns":5}],"event_choices":[{"event_name":"Golden Idol","player_choice":"Take Damage","floor":3,"damage_taken":0},{"event_name":"Forgotten Altar","player_choice":"Gave Idol","floor":20,"damage_taken":0},{"event_name":"Addict","player_choice":"Obtained Relic","floor":21,"damage_taken":0},{"event_name":"Beggar","player_choice":"Ignored","floor":25,"damage_taken":0}],"boss_relics":[{"not_picked":["Astrolabe","Calling Bell"],"picked":"Black Blood"}],"potions_floor_spawned":[1,10,12,13,19,29,31],"seed_played":"2166738865651748347","killed_by":"Collector","ascension_level":0,"is_trial":false}