{"path_per_floor":["M","M","$","M","M","E","M","M","T","$","?","R","M","M","R","B",null,"M","M","$","M","?","R","M"],"character_chosen":"THE_SILENT","items_purchased":["Outmaneuver","Blur","Cloak And Dagger","Slice","Bag of Marbles","All Out Attack"],"gold_per_floor":[119,132,30,46,60,94,110,126,126,30,105,105,119,135,135,230,230,246,266,30,43,43,43,54],"floor_reached":25,"campfire_rested":3,"playtime":2465,"current_hp_per_floor":[56,54,54,54,46,21,21,12,12,12,1,22,3,3,24,25,70,64,56,56,22,22,43,37],"items_purged":["Normality"],"gold":54,"score":209,"play_id":"574fbaf1-52d7-49ce-ac1c-b012fa4db182","is_prod":false,"is_daily":false,"is_ascension_mode":false,"campfire_upgraded":0,"path_taken":["M","M","$","?","M","E","M","M","T","$","?","R","M","M","R","BOSS","M","M","$","M","?","R","M","E"],"build_version":"2018-02-12-PROD1","purchased_purges":1,"victory":false,"master_deck":["Defend_G","Defend_G","Defend_G","Defend_G","Defend_G","Strike_G","Strike_G","Strike_G","Strike_G","Strike_G","Survivor","Neutralize","Flying Knee","All Out Attack","Outmaneuver","Blur","Unload","Backflip","Escape Plan","Predator","Backstab","Cloak And Dagger","Slice","Quick Slash","Dagger Spray","Storm of Steel","Writhe","Doubt","Prepared","Prepared+1","All Out Attack","Dagger Throw","Cloak And Dagger","Dagger Throw"],"max_hp_per_floor":[70,70,70,70,70,70,70,70,70,70,70,70,70,70,70,70,70,70,70,70,70,70,70,70],"relics":["Lizard Tail","Paper Crane","Tingsha","Calling Bell","Smiling Mask","Bronze Scales","Dream Catcher","Bag of Marbles"],"card_choices":[{"not_picked":["Prepared","PiercingWail"],"picked":"Flying Knee"},{"not_picked":["Sucker Punch","Outmaneuver"],"picked":"All Out Attack"},{"not_picked":["Expertise","Dagger Spray"],"picked":"Unload"},{"not_picked":["Dagger Spray","Deadly Poison"],"picked":"Backflip"},{"not_picked":["Unload","Cloak And Dagger"],"picked":"Escape Plan"},{"not_picked":["Blur","Prepared"],"picked":"Predator"},{"not_picked":["Acrobatics","Prepared"],"picked":"Backstab"},{"not_picked":["Bouncing Flask","Deflect"],"picked":"Quick Slash"},{"not_picked":["Riddle With Holes","Deadly Poison"],"picked":"Dagger Spray"},{"not_picked":["Tools of the Trade","Die Die Die"],"picked":"Storm of Steel"},{"not_picked":["PiercingWail","Eviscerate"],"picked":"Prepared"},{"not_picked":["Eviscerate","Dodge and Roll"],"picked":"Prepared"},{"not_picked":["Underhanded Strike","Flying Knee"],"picked":"Dagger Throw"},{"not_picked":["Corpse Explosion","Underhanded Strike"],"picked":"Cloak And Dagger"},{"not_picked":["All Out Attack","Deflect"],"picked":"Dagger Throw"}],"player_experience":76490,"potions_floor_usage":[8,13,16,24,24],"damage_taken":[{"damage":14,"enemies":"Blue Slaver","floor":1,"turns":6},{"damage":2,"enemies":"Jaw Worm","floor":2,"turns":5},{"damage":0,"enemies":"2 Louse","floor":4,"turns":1},{"damage":8,"enemies":"Exordium Wildlife","floor":5,"turns":5},{"damage":25,"enemies":"3 Sentries","floor":6,"turns":8},{"damage":0,"enemies":"3 Louse","floor":7,"turns":3},{"damage":9,"enemies":"Red Slaver","floor":8,"turns":5},{"damage":19,"enemies":"Exordium Wildlife","floor":13,"turns":3},{"damage":0,"enemies":"Large Slime","floor":14,"turns":3},{"damage":38,"enemies":"Hexaghost","floor":16,"turns":13},{"damage":6,"enemies":"3 Byrds","floor":18,"turns":4},{"damage":8,"enemies":"Chosen","floor":19,"turns":5},{"damage":34,"enemies":"Slaver and Parasite","floor":21,"turns":8},{"damage":6,"enemies":"Centurion and Healer","floor":24,"turns":4},{"damage":42,"enemies":"Book of Stabbing","floor":25,"turns":5}],"event_choices":[{"event_name":"World of Goop","player_choice":"Gather Gold","floor":11,"damage_taken":0},{"event_name":"Beggar","player_choice":"Ignored","floor":22,"damage_taken":0}],"boss_relics":[{"not_picked":["Astrolabe","Velvet Choker"],"picked":"Calling Bell"}],"potions_floor_spawned":[6,7,13,14,19,21],"seed_played":"4599998858228286546","killed_by":"Book of Stabbing","ascension_level":0,"is_trial":false}