{"gold_per_floor":[114,39,49,63,79,79,110,128,128,128,163,163,263,295,295,393,393,393,393,178,178,178,178,178,178,178,178,178,178,178,178,178,178,178,178,178,178,178,31,31,31,31,31,31,31,31,31,31,31,31,31,31,31,31,31],"floor_reached":55,"playtime":6058,"items_purged":["Strike_R","Strike_R"],"score":844,"play_id":"88f477d3-cd10-4c8e-8666-89bc8ec373ea","local_time":"20190206023702","is_ascension_mode":false,"campfire_choices":[{"data":"Body Slam","floor":6,"key":"SMITH"},{"data":"Disarm","floor":12,"key":"SMITH"},{"floor":15,"key":"REST"},{"data":"Pommel Strike","floor":24,"key":"SMITH"},{"data":"Pommel Strike","floor":27,"key":"SMITH"},{"data":"Spot Weakness","floor":30,"key":"SMITH"},{"floor":32,"key":"RECALL"},{"data":"Demon Form","floor":41,"key":"SMITH"},{"data":"Offering","floor":45,"key":"SMITH"},{"floor":49,"key":"REST"},{"data":"Defend_R","floor":52,"key":"SMITH"}],"neow_cost":"NONE","seed_source_timestamp":214637868735,"circlet_count":0,"master_deck":["Strike_R","Strike_R+1","Defend_R","Defend_R+1","Defend_R","Defend_R","Bash+1","Body Slam+1","Pommel Strike+1","Pommel Strike+1","Cleave+1","Offering","Disarm+1","Feed+1","Twin Strike+1","Whirlwind+1","Spot Weakness+1","Thunderclap+1","Reaper+1","Demon Form+1","Offering+1","Heavy Blade+1","Burning Pact+1"],"relics":["Burning Blood","Pocketwatch","Champion Belt","Molten Egg 2","WingedGreaves","Ectoplasm","Ancient Tea Set","Whetstone","Philosopher\u0027s Stone","PreservedInsect","Ornamental Fan","Gremlin Horn","Toxic Egg 2","Lantern","Letter Opener"],"potions_floor_usage":[7,7,11,14,16,21,23,33,33,36,42,46,47,54],"damage_taken":[{"damage":1,"enemies":"Cultist","floor":1,"turns":3},{"damage":7,"enemies":"Small Slimes","floor":3,"turns":4},{"damage":11,"enemies":"Jaw Worm","floor":4,"turns":3},{"damage":0,"enemies":"Large Slime","floor":5,"turns":4},{"damage":17,"enemies":"3 Sentries","floor":7,"turns":9},{"damage":17,"enemies":"Lots of Slimes","floor":8,"turns":2},{"damage":27,"enemies":"Lagavulin","floor":11,"turns":4},{"damage":10,"enemies":"3 Sentries","floor":14,"turns":5},{"damage":17,"enemies":"Hexaghost","floor":16,"turns":8},{"damage":6,"enemies":"Chosen","floor":18,"turns":3},{"damage":6,"enemies":"Shell Parasite","floor":19,"turns":4},{"damage":6,"enemies":"Chosen and Byrds","floor":21,"turns":3},{"damage":24,"enemies":"Gremlin Leader","floor":23,"turns":3},{"damage":15,"enemies":"Snake Plant","floor":25,"turns":3},{"damage":7,"enemies":"Slavers","floor":28,"turns":2},{"damage":18,"enemies":"Shelled Parasite and Fungi","floor":29,"turns":3},{"damage":0,"enemies":"3 Cultists","floor":31,"turns":2},{"damage":74,"enemies":"Champ","floor":33,"turns":8},{"damage":0,"enemies":"3 Darklings","floor":35,"turns":1},{"damage":33,"enemies":"3 Shapes","floor":36,"turns":2},{"damage":6,"enemies":"3 Darklings","floor":38,"turns":1},{"damage":12,"enemies":"Transient","floor":40,"turns":5},{"damage":28,"enemies":"Maw","floor":42,"turns":6},{"damage":13,"enemies":"Giant Head","floor":44,"turns":4},{"damage":20,"enemies":"Nemesis","floor":46,"turns":5},{"damage":15,"enemies":"Giant Head","floor":47,"turns":5},{"damage":13,"enemies":"Spire Growth","floor":48,"turns":3},{"damage":71,"enemies":"Awakened One","floor":50,"turns":7},{"damage":56,"enemies":"Shield and Spear","floor":54,"turns":4},{"damage":89,"enemies":"The Heart","floor":55,"turns":3}],"seed_played":"8022604514864533489","potions_obtained":[{"floor":3,"key":"Fire Potion"},{"floor":4,"key":"Block Potion"},{"floor":5,"key":"LiquidBronze"},{"floor":7,"key":"FearPotion"},{"floor":14,"key":"PowerPotion"},{"floor":19,"key":"Block Potion"},{"floor":21,"key":"Ancient Potion"},{"floor":22,"key":"Swift Potion"},{"floor":22,"key":"Swift Potion"},{"floor":22,"key":"LiquidBronze"},{"floor":31,"key":"GamblersBrew"},{"floor":35,"key":"Swift Potion"},{"floor":44,"key":"Regen Potion"},{"floor":46,"key":"AttackPotion"},{"floor":47,"key":"Weak Potion"}],"is_trial":false,"path_per_floor":["M","$","M","M","M","R","E","M","T","?","E","R","?","E","R","B",null,"M","M","$","M","?","E","R","M","T","R","E","M","R","M","R","B",null,"M","M","?","M","$","M","R","M","T","E","R","E","E","M","R","B",null,"R","$","E","B"],"character_chosen":"IRONCLAD","items_purchased":["Whirlwind+1","Spot Weakness","PreservedInsect"],"campfire_rested":2,"item_purchase_floors":[20,20,39],"current_hp_per_floor":[80,80,79,74,80,80,69,58,58,51,30,30,30,26,50,39,80,84,88,88,92,92,74,74,69,69,69,68,60,60,70,70,19,104,104,77,77,77,77,90,90,83,83,80,80,91,82,79,113,82,116,116,116,87,0],"gold":31,"neow_bonus":"UPGRADE_CARD","is_prod":false,"is_daily":false,"chose_seed":false,"campfire_upgraded":8,"win_rate":0,"timestamp":1549417022,"path_taken":["M","$","M","M","M","R","E","M","T","?","E","R","?","E","R","BOSS","M","M","$","M","?","E","R","M","T","R","E","?","R","M","R","BOSS","M","?","?","?","$","M","R","M","T","E","R","E","E","M","R","BOSS","R","$","E","BOSS"],"build_version":"2019-01-23","purchased_purges":2,"victory":false,"max_hp_per_floor":[80,80,80,80,80,80,80,80,80,80,80,80,80,80,80,80,80,84,88,88,92,92,92,92,96,96,96,96,100,100,104,104,104,104,104,104,104,104,104,104,104,104,104,108,108,112,112,116,116,116,116,116,116,116,116],"card_choices":[{"not_picked":["Heavy Blade","Rage"],"picked":"Body Slam","floor":1},{"not_picked":["Limit Break","Iron Wave"],"picked":"Pommel Strike","floor":3},{"not_picked":["Headbutt","Clothesline"],"picked":"Pommel Strike","floor":4},{"not_picked":["Shrug It Off","Iron Wave"],"picked":"Cleave","floor":5},{"not_picked":["Bludgeon","Clash"],"picked":"Offering","floor":7},{"not_picked":["Seeing Red","Pummel","Sentinel"],"picked":"SKIP","floor":8},{"not_picked":["Cleave","Headbutt"],"picked":"Disarm","floor":11},{"not_picked":["Armaments","Wild Strike+1","Anger+1"],"picked":"SKIP","floor":14},{"not_picked":["Berserk","Bludgeon+1"],"picked":"Feed+1","floor":16},{"not_picked":["Pommel Strike+1","Body Slam+1"],"picked":"Twin Strike+1","floor":18},{"not_picked":["Clothesline+1","Combust","Uppercut+1"],"picked":"SKIP","floor":19},{"not_picked":["Rupture","Headbutt+1"],"picked":"Thunderclap+1","floor":21},{"not_picked":["Warcry","Armaments","Wild Strike+1"],"picked":"SKIP","floor":23},{"not_picked":["Flex+1","Reckless Charge+1","Clothesline+1"],"picked":"SKIP","floor":25},{"not_picked":["Burning Pact","Clothesline+1","Armaments+1"],"picked":"SKIP","floor":28},{"not_picked":["Sword Boomerang+1","Cleave+1"],"picked":"Reaper+1","floor":29},{"not_picked":["Disarm","Metallicize+1","Cleave+1"],"picked":"SKIP","floor":31},{"not_picked":["Offering","Feed+1"],"picked":"Demon Form","floor":33},{"not_picked":["Armaments+1","Cleave+1","Pommel Strike+1"],"picked":"SKIP","floor":35},{"not_picked":["Metallicize","Pummel+1","Thunderclap+1"],"picked":"SKIP","floor":36},{"not_picked":["Anger+1","Pommel Strike+1","Flex"],"picked":"SKIP","floor":38},{"not_picked":["Perfected Strike+1","Flex"],"picked":"Heavy Blade+1","floor":40},{"not_picked":["Dual Wield","Thunderclap+1","Searing Blow+1"],"picked":"SKIP","floor":42},{"not_picked":["Bludgeon+1","Sword Boomerang+1","Perfected Strike+1"],"picked":"SKIP","floor":44},{"not_picked":["Bludgeon+1","Sword Boomerang+1","Perfected Strike+1"],"picked":"SKIP","floor":44},{"not_picked":["Perfected Strike+1","Bludgeon+1","Seeing Red"],"picked":"SKIP","floor":46},{"not_picked":["Thunderclap+1","Pommel Strike+1"],"picked":"Burning Pact+1","floor":47},{"not_picked":["Whirlwind+1","Blood for Blood+1","Rampage+1"],"picked":"SKIP","floor":48},{"not_picked":["Infernal Blade+1","Flex+1","Power Through+1"],"picked":"SKIP","floor":54}],"player_experience":767923,"relics_obtained":[{"floor":7,"key":"Pocketwatch"},{"floor":9,"key":"Champion Belt"},{"floor":11,"key":"Molten Egg 2"},{"floor":14,"key":"WingedGreaves"},{"floor":23,"key":"Ancient Tea Set"},{"floor":28,"key":"Whetstone"},{"floor":43,"key":"Ornamental Fan"},{"floor":44,"key":"Gremlin Horn"},{"floor":46,"key":"Toxic Egg 2"},{"floor":47,"key":"Lantern"},{"floor":54,"key":"Letter Opener"}],"event_choices":[{"cards_removed":["Strike_R"],"damage_healed":0,"gold_gain":0,"player_choice":"Card Removal","damage_taken":7,"max_hp_gain":0,"max_hp_loss":0,"event_name":"Golden Wing","floor":10,"gold_loss":0},{"damage_healed":0,"gold_gain":100,"player_choice":"Pray","damage_taken":0,"max_hp_gain":0,"max_hp_loss":0,"event_name":"Golden Shrine","floor":13,"gold_loss":0},{"damage_healed":0,"gold_gain":0,"player_choice":"Got Potions","damage_taken":0,"max_hp_gain":0,"max_hp_loss":0,"event_name":"Lab","floor":22,"gold_loss":0},{"damage_healed":0,"gold_gain":0,"player_choice":"Copied","damage_taken":0,"max_hp_gain":0,"max_hp_loss":0,"event_name":"Duplicator","floor":37,"gold_loss":0,"cards_obtained":["Offering"]}],"is_beta":false,"boss_relics":[{"not_picked":["Orrery","Empty Cage"],"picked":"Ectoplasm"},{"not_picked":["Pandora\u0027s Box","Lizard Tail"],"picked":"Philosopher\u0027s Stone"}],"items_purged_floors":[2,20],"is_endless":false,"potions_floor_spawned":[3,4,5,7,14,19,21,31,35,44,46,47],"killed_by":"The Heart","ascension_level":0}