{"gold_per_floor":[119,219,237,253,272,302,312,330,330,405,417,467,495,411,423,537,549,572,604,616,647,659,671,713,317,317,329,178,178],"floor_reached":29,"playtime":1855,"items_purged":["Bite"],"score":369,"play_id":"783ebee3-34f5-4c40-a0d8-1a83af0b07ac","local_time":"20190721165318","is_ascension_mode":true,"campfire_choices":[{"floor":15,"key":"REST"},{"floor":23,"key":"REST"}],"neow_cost":"NONE","seed_source_timestamp":945910012562668,"circlet_count":0,"master_deck":["Defend_B","Defend_B","Defend_B","Defend_B","Zap","Dualcast","Auto Shields","Sweeping Beam","Cold Snap","Rainbow","Darkness","Coolheaded","Loop","Creative AI","Fusion","Bite","Bite","Bite","Bite","Conserve Battery+1","Heatsinks","FTL+1"],"special_seed":0,"relics":["Cracked Core","Ancient Tea Set","Mummified Hand","MawBank","Pen Nib","Busted Crown","Bronze Scales","Ice Cream","Bottled Lightning","Oddly Smooth Stone"],"potions_floor_usage":[16],"damage_taken":[{"damage":0.0,"enemies":"2 Louse","floor":1.0,"turns":1.0},{"damage":0,"enemies":"Cultist","floor":3,"turns":3},{"damage":1,"enemies":"Jaw Worm","floor":4,"turns":3},{"damage":6,"enemies":"Exordium Wildlife","floor":5,"turns":4},{"damage":9,"enemies":"3 Sentries","floor":6,"turns":8},{"damage":14,"enemies":"Large Slime","floor":7,"turns":6},{"damage":8,"enemies":"Gremlin Gang","floor":8,"turns":4},{"damage":5,"enemies":"2 Fungi Beasts","floor":11,"turns":5},{"damage":25,"enemies":"Exordium Wildlife","floor":13,"turns":6},{"damage":0,"enemies":"Slime Boss","floor":16,"turns":5},{"damage":8,"enemies":"Spheric Guardian","floor":18,"turns":4},{"damage":13,"enemies":"3 Byrds","floor":19,"turns":6},{"damage":38,"enemies":"3 Cultists","floor":21,"turns":7},{"damage":32,"enemies":"Slavers","floor":24,"turns":8},{"damage":21,"enemies":"Centurion and Healer","floor":27,"turns":8},{"damage":29,"enemies":"Book of Stabbing","floor":29,"turns":4}],"seed_played":"2310298726269058123","potions_obtained":[{"floor":4,"key":"SpeedPotion"},{"floor":6,"key":"FocusPotion"},{"floor":11,"key":"Weak Potion"},{"floor":13,"key":"Explosive Potion"},{"floor":16,"key":"Poison Potion"},{"floor":21,"key":"GamblersBrew"}],"is_trial":false,"path_per_floor":["M","?","M","M","M","E","M","M","T","?","M","T","M","?","R","B",null,"M","M","?","M","T","R","E","$","T","M","$","E"],"character_chosen":"DEFECT","items_purchased":["Heatsinks","Ice Cream","Oddly Smooth Stone"],"campfire_rested":2,"item_purchase_floors":[25,25,28],"current_hp_per_floor":[82,82,82,81,75,66,52,44,44,33,28,28,3,3,27,27,82,74,61,57,27,27,44,26,26,26,17,17,0],"gold":178,"neow_bonus":"TEN_PERCENT_HP_BONUS","is_prod":false,"is_daily":false,"chose_seed":false,"campfire_upgraded":0,"win_rate":0,"timestamp":1563753198,"path_taken":["M","?","M","M","?","E","M","M","T","?","M","?","M","?","R","BOSS","M","?","?","M","?","R","E","$","T","M","?","E"],"build_version":"2019-07-17","purchased_purges":1,"victory":false,"max_hp_per_floor":[82,82,82,82,82,82,82,82,82,82,82,82,82,82,82,82,82,82,82,57,57,57,57,57,57,57,57,57,57],"card_choices":[{"not_picked":["Barrage","Lockon","Turbo"],"picked":"SKIP","floor":1.0},{"not_picked":["Hello World","Heatsinks"],"picked":"Auto Shields","floor":3},{"not_picked":["Compile Driver","Sunder"],"picked":"Sweeping Beam","floor":4},{"not_picked":["Auto Shields","Go for the Eyes"],"picked":"Cold Snap","floor":5},{"not_picked":["Self Repair","Darkness"],"picked":"Rainbow","floor":6},{"not_picked":["Capacitor","Beam Cell"],"picked":"Darkness","floor":7},{"not_picked":["Chaos","Go for the Eyes"],"picked":"Coolheaded","floor":8},{"not_picked":["Turbo","Go for the Eyes","Hologram"],"picked":"SKIP","floor":11},{"not_picked":["Conserve Battery","Coolheaded"],"picked":"Loop","floor":13},{"not_picked":["Hyperbeam","Reboot"],"picked":"Creative AI","floor":16},{"not_picked":[],"picked":"Fusion","floor":18},{"not_picked":["Stack"],"picked":"SKIP","floor":19},{"not_picked":["Lockon"],"picked":"SKIP","floor":21},{"not_picked":[],"picked":"Conserve Battery+1","floor":24},{"not_picked":[],"picked":"FTL+1","floor":27}],"player_experience":176191,"relics_obtained":[{"floor":6,"key":"Ancient Tea Set"},{"floor":9,"key":"Mummified Hand"},{"floor":12,"key":"MawBank"},{"floor":24,"key":"Bronze Scales"},{"floor":26,"key":"Bottled Lightning"}],"event_choices":[{"damage_healed":0.0,"max_hp_gain":0.0,"max_hp_loss":0.0,"gold_gain":100.0,"event_name":"Golden Shrine","player_choice":"Pray","floor":2.0,"gold_loss":0.0,"damage_taken":0.0},{"damage_healed":0,"gold_gain":75,"player_choice":"Gather Gold","damage_taken":11,"max_hp_gain":0,"max_hp_loss":0,"event_name":"World of Goop","floor":10,"gold_loss":0},{"damage_healed":0,"gold_gain":0,"player_choice":"Paid Gold","damage_taken":0,"relics_obtained":["Pen Nib"],"max_hp_gain":0,"max_hp_loss":0,"event_name":"WeMeetAgain","floor":14,"gold_loss":96},{"damage_healed":0,"gold_gain":0,"player_choice":"Became a vampire","damage_taken":0,"max_hp_gain":0,"max_hp_loss":25,"event_name":"Vampires","floor":20,"gold_loss":0,"cards_obtained":["Bite","Bite","Bite","Bite","Bite"]}],"is_beta":false,"boss_relics":[{"not_picked":["Orrery","Fusion Hammer"],"picked":"Busted Crown"}],"items_purged_floors":[25],"is_endless":false,"potions_floor_spawned":[4,6,11,13,16,19,21,27],"killed_by":"Book of Stabbing","ascension_level":3}