{"gold_per_floor":[114,39,54,66,66,66,66,95,95,45,45,59,78,97,97,97],"floor_reached":16,"playtime":765,"items_purged":["Defend_R","Regret"],"score":102,"play_id":"2a12ddcd-8bf0-4772-8350-d36dbe34bf57","local_time":"20190123031718","is_ascension_mode":false,"campfire_choices":[{"data":"Whirlwind","floor":6,"key":"SMITH"},{"data":"Flex","floor":11,"key":"SMITH"},{"data":"Bash","floor":15,"key":"SMITH"}],"neow_cost":"NONE","seed_source_timestamp":48277926582011,"circlet_count":0,"master_deck":["Strike_R","Strike_R","Strike_R","Strike_R","Strike_R","Defend_R+1","Defend_R","Defend_R+1","Bash+1","Whirlwind+1","Flex+1"],"relics":["Burning Blood","War Paint","Kunai","Smiling Mask","Anchor","Darkstone Periapt"],"potions_floor_usage":[8,16],"damage_taken":[{"damage":1,"enemies":"Cultist","floor":1,"turns":4},{"damage":0,"enemies":"2 Louse","floor":3,"turns":1},{"damage":0,"enemies":"Small Slimes","floor":4,"turns":2},{"damage":16,"enemies":"3 Sentries","floor":8,"turns":3},{"damage":0,"enemies":"Exordium Wildlife","floor":12,"turns":3},{"damage":3,"enemies":"Red Slaver","floor":13,"turns":2},{"damage":0,"enemies":"Lots of Slimes","floor":14,"turns":2},{"damage":77,"enemies":"The Guardian","floor":16,"turns":9}],"seed_played":"1416003709679357772","potions_obtained":[{"floor":1,"key":"Swift Potion"},{"floor":13,"key":"EssenceOfSteel"}],"is_trial":false,"path_per_floor":["M","$","M","M","?","R","?","E","T","$","R","M","M","M","R","B"],"character_chosen":"IRONCLAD","items_purchased":[],"campfire_rested":0,"item_purchase_floors":[],"current_hp_per_floor":[80,80,80,80,68,68,68,58,58,58,58,64,67,73,73,0],"gold":97,"neow_bonus":"RANDOM_COMMON_RELIC","is_prod":false,"is_daily":false,"chose_seed":false,"campfire_upgraded":3,"win_rate":0,"timestamp":1548209838,"path_taken":["M","$","M","?","?","R","?","E","T","?","R","M","M","?","R","BOSS"],"build_version":"2019-01-17v2","purchased_purges":2,"victory":false,"max_hp_per_floor":[80,80,80,80,80,80,80,80,80,80,80,80,80,80,80,80],"card_choices":[{"not_picked":["Rage","Thunderclap"],"picked":"Whirlwind","floor":1},{"not_picked":["Burning Pact","Cleave"],"picked":"Flex","floor":3},{"not_picked":["Warcry","Inflame","Fire Breathing"],"picked":"SKIP","floor":4},{"not_picked":["Shockwave","Iron Wave","Battle Trance"],"picked":"SKIP","floor":8},{"not_picked":["Clothesline","Sword Boomerang","Pummel"],"picked":"SKIP","floor":12},{"not_picked":["Immolate","Flex","Battle Trance"],"picked":"SKIP","floor":13},{"not_picked":["Infernal Blade","Sever Soul","Body Slam"],"picked":"SKIP","floor":14}],"player_experience":588330,"relics_obtained":[{"floor":8,"key":"Anchor"},{"floor":9,"key":"Darkstone Periapt"}],"event_choices":[{"damage_healed":0,"gold_gain":0,"player_choice":"Success","damage_taken":12,"relics_obtained":["Kunai"],"max_hp_gain":0,"max_hp_loss":0,"event_name":"Scrap Ooze","floor":5,"gold_loss":0},{"damage_healed":0,"gold_gain":0,"player_choice":"Box","damage_taken":0,"relics_obtained":["Smiling Mask"],"max_hp_gain":0,"max_hp_loss":0,"event_name":"Big Fish","floor":7,"gold_loss":0,"cards_obtained":["Regret"]}],"is_beta":false,"boss_relics":[],"items_purged_floors":[2,10],"is_endless":false,"potions_floor_spawned":[1,13],"killed_by":"The Guardian","ascension_level":0}