{"gold_per_floor":[15,15,90,90,15,15,30,108,108,122,122,122,122,142,142,261,261,274,274,274,17,17,57,71,71,94,94,118,143,159,179,179,179],"floor_reached":33,"playtime":2502,"items_purged":["Injury","Writhe"],"score":280,"play_id":"18818ec3-b5c8-48ed-b4e5-3cdc4b97bda7","local_time":"20190812161449","is_ascension_mode":false,"campfire_choices":[{"data":"Bouncing Flask","floor":6,"key":"SMITH"},{"floor":11,"key":"REST"},{"data":"Catalyst","floor":13,"key":"SMITH"},{"floor":15,"key":"REST"},{"floor":32,"key":"REST"}],"neow_cost":"NO_GOLD","seed_source_timestamp":1114157286898424,"circlet_count":0,"master_deck":["Strike_G+1","Strike_G+1","Strike_G+1","Strike_G+1","Defend_G+1","Defend_G+1","Defend_G+1","Defend_G+1","Survivor","Neutralize","Dagger Spray","Bouncing Flask+1","Deadly Poison+1","Calculated Gamble","Catalyst+1","Necronomicurse"],"relics":["Ring of the Snake","Golden Idol","Dodecahedron","Singing Bowl","Orichalcum","Snecko Eye","Snake Skull","Bag of Marbles","Necronomicon","Question Card","Smiling Mask"],"potions_floor_usage":[16,16,23],"damage_taken":[{"damage":0,"enemies":"Jaw Worm","floor":1,"turns":5},{"damage":2,"enemies":"Small Slimes","floor":7,"turns":3},{"damage":12,"enemies":"Lagavulin Event","floor":8,"turns":5},{"damage":0,"enemies":"2 Louse","floor":10,"turns":2},{"damage":6,"enemies":"Exordium Wildlife","floor":14,"turns":3},{"damage":64,"enemies":"Slime Boss","floor":16,"turns":14},{"damage":7,"enemies":"2 Thieves","floor":18,"turns":4},{"damage":7,"enemies":"Book of Stabbing","floor":23,"turns":4},{"damage":0,"enemies":"Spheric Guardian","floor":24,"turns":1},{"damage":4,"enemies":"3 Cultists","floor":28,"turns":5},{"damage":8,"enemies":"Centurion and Healer","floor":29,"turns":4},{"damage":0,"enemies":"Snake Plant","floor":30,"turns":1},{"damage":16,"enemies":"3 Cultists","floor":31,"turns":4},{"damage":65,"enemies":"Automaton","floor":33,"turns":6}],"seed_played":"4276205384151725225","potions_obtained":[{"floor":7,"key":"Weak Potion"},{"floor":8,"key":"Energy Potion"},{"floor":14,"key":"EssenceOfSteel"},{"floor":16,"key":"SpeedPotion"},{"floor":23,"key":"PowerPotion"},{"floor":30,"key":"GamblersBrew"}],"is_trial":false,"path_per_floor":["M","?","?","?","$","R","M","?","T","M","R","?","R","M","R","B",null,"M","?","?","$","?","E","M","$","T","?","M","M","M","M","R","B"],"character_chosen":"THE_SILENT","items_purchased":["Bag of Marbles"],"campfire_rested":3,"item_purchase_floors":[21],"current_hp_per_floor":[70,70,59,59,59,59,57,45,45,47,68,56,56,52,74,12,76,71,71,71,71,55,50,52,52,52,52,50,44,46,32,59,0],"gold":179,"neow_bonus":"TRANSFORM_TWO_CARDS","is_prod":false,"is_daily":false,"chose_seed":false,"campfire_upgraded":2,"win_rate":0.0,"timestamp":1565644489,"path_taken":["M","?","?","?","$","R","M","?","T","M","R","?","R","M","R","BOSS","M","?","?","$","?","E","?","?","T","?","M","M","M","?","R","BOSS"],"build_version":"2019-07-17","purchased_purges":2,"victory":false,"max_hp_per_floor":[70,70,70,70,70,70,70,70,70,72,72,72,72,74,74,76,76,78,78,78,78,78,80,82,82,82,82,84,86,88,90,90,90],"card_choices":[{"not_picked":["Cloak And Dagger","All Out Attack"],"picked":"Deadly Poison","floor":1},{"not_picked":["PiercingWail","Dagger Throw"],"picked":"Calculated Gamble","floor":7},{"not_picked":["Slice","Heel Hook"],"picked":"Catalyst","floor":8},{"not_picked":["Cloak And Dagger","Reflex","Dodge and Roll"],"picked":"Singing Bowl","floor":10},{"not_picked":["Backstab","Bane","Backflip"],"picked":"Singing Bowl","floor":14},{"not_picked":["Burst","Corpse Explosion","Glass Knife"],"picked":"Singing Bowl","floor":16},{"not_picked":["Outmaneuver","Deflect","Slice"],"picked":"Singing Bowl","floor":18},{"not_picked":["Blur+1","Backflip","Tactician+1"],"picked":"Singing Bowl","floor":23},{"not_picked":["Noxious Fumes","Envenom","Deflect","Poisoned Stab"],"picked":"Singing Bowl","floor":24},{"not_picked":["Well Laid Plans","Noxious Fumes","Backstab+1","Catalyst+1"],"picked":"Singing Bowl","floor":28},{"not_picked":["Predator","Dagger Spray","Skewer","Deflect"],"picked":"Singing Bowl","floor":29},{"not_picked":["Footwork+1","Predator","Outmaneuver","Eviscerate"],"picked":"Singing Bowl","floor":30},{"not_picked":["Reflex","Deadly Poison+1","Dagger Throw","Tactician"],"picked":"Singing Bowl","floor":31}],"player_experience":155750,"relics_obtained":[{"floor":9,"key":"Singing Bowl"},{"floor":22,"key":"Necronomicon"},{"floor":23,"key":"Question Card"},{"floor":26,"key":"Smiling Mask"}],"event_choices":[{"damage_healed":0,"gold_gain":0,"player_choice":"Take Wound","damage_taken":0,"relics_obtained":["Golden Idol"],"max_hp_gain":0,"max_hp_loss":0,"event_name":"Golden Idol","floor":2,"gold_loss":0,"cards_obtained":["Injury"]},{"damage_healed":0,"gold_gain":75,"player_choice":"Gather Gold","damage_taken":11,"max_hp_gain":0,"max_hp_loss":0,"event_name":"World of Goop","floor":3,"gold_loss":0},{"damage_healed":0,"gold_gain":0,"player_choice":"Grow","damage_taken":0,"max_hp_gain":0,"max_hp_loss":0,"event_name":"Living Wall","floor":4,"gold_loss":0,"cards_upgraded":["Deadly Poison"]},{"damage_healed":0,"gold_gain":0,"player_choice":"Searched \u00272\u0027 times","damage_taken":0,"relics_obtained":["Dodecahedron"],"max_hp_gain":0,"max_hp_loss":0,"event_name":"Dead Adventurer","floor":8,"gold_loss":0},{"damage_healed":0,"gold_gain":0,"player_choice":"Success","damage_taken":12,"relics_obtained":["Orichalcum"],"max_hp_gain":0,"max_hp_loss":0,"event_name":"Scrap Ooze","floor":12,"gold_loss":0},{"damage_healed":0,"gold_gain":0,"player_choice":"Opened","damage_taken":0,"relics_obtained":["Snake Skull"],"max_hp_gain":0,"max_hp_loss":0,"event_name":"The Mausoleum","floor":19,"gold_loss":0,"cards_obtained":["Writhe"]},{"damage_healed":0,"gold_gain":0,"player_choice":"Simplicity","damage_taken":0,"max_hp_gain":0,"max_hp_loss":0,"event_name":"Back to Basics","floor":20,"gold_loss":0,"cards_upgraded":["Strike_G","Strike_G","Strike_G","Strike_G","Defend_G","Defend_G","Defend_G","Defend_G"]},{"damage_healed":0,"gold_gain":0,"player_choice":"Obtained Book","damage_taken":16,"max_hp_gain":0,"max_hp_loss":0,"event_name":"Cursed Tome","floor":22,"gold_loss":0},{"damage_healed":0,"gold_gain":0,"player_choice":"Ignored","damage_taken":0,"max_hp_gain":0,"max_hp_loss":0,"event_name":"N\u0027loth","floor":27,"gold_loss":0}],"is_beta":false,"boss_relics":[{"not_picked":["WristBlade","Tiny House"],"picked":"Snecko Eye"}],"items_purged_floors":[5,21],"is_endless":false,"potions_floor_spawned":[7,8,14,16,23,30,31],"killed_by":"Automaton","ascension_level":0}