{"gold_per_floor":[110,110,123,123,54,54,64,64,64,64,64,76,76,96,96,192,192,211,234,234,234,246,277,277,323,335,358,381,403,430,462,474,486],"floor_reached":33,"playtime":2391,"items_purged":[],"score":259,"play_id":"2d5b2bca-9108-4af6-a8a8-a1647e6abc4f","local_time":"20190801204250","is_ascension_mode":false,"campfire_choices":[{"data":"Armaments","floor":6,"key":"SMITH"},{"data":"Hemokinesis","floor":11,"key":"SMITH"},{"data":"Cleave","floor":13,"key":"SMITH"},{"floor":15,"key":"REST"},{"floor":24,"key":"REST"},{"floor":32,"key":"REST"}],"neow_cost":"","seed_source_timestamp":179949892883393,"circlet_count":0,"master_deck":["Strike_R","Strike_R","Strike_R","Strike_R","Defend_R","Defend_R","Defend_R","Defend_R","Bash+1","Pummel","Pommel Strike","Armaments+1","Headbutt","Cleave+1","Hemokinesis+1","Sword Boomerang","Anger","Reaper","Thunderclap","Pummel+1","Feel No Pain","Anger+1","Headbutt","Feed","Clothesline+1","Sever Soul+1"],"relics":["Burning Blood","Bottled Flame","Ornamental Fan","Black Star","Potion Belt","Mummified Hand","Bag of Marbles","Meat on the Bone","MawBank","Orichalcum"],"potions_floor_usage":[33,33],"damage_taken":[{"damage":16,"enemies":"Cultist","floor":1,"turns":7},{"damage":8,"enemies":"Small Slimes","floor":3,"turns":4},{"damage":6,"enemies":"2 Louse","floor":7,"turns":2},{"damage":15,"enemies":"Red Slaver","floor":12,"turns":2},{"damage":7,"enemies":"2 Fungi Beasts","floor":14,"turns":2},{"damage":76,"enemies":"The Guardian","floor":16,"turns":8},{"damage":12,"enemies":"3 Byrds","floor":18,"turns":4},{"damage":19,"enemies":"Chosen","floor":22,"turns":5},{"damage":67,"enemies":"Gremlin Leader","floor":23,"turns":7},{"damage":20,"enemies":"3 Cultists","floor":27,"turns":4},{"damage":16,"enemies":"Cultist and Chosen","floor":28,"turns":5},{"damage":32,"enemies":"Snake Plant","floor":29,"turns":4},{"damage":25,"enemies":"Shelled Parasite and Fungi","floor":30,"turns":4},{"damage":12,"enemies":"Snecko","floor":31,"turns":4},{"damage":98,"enemies":"Champ","floor":33,"turns":12}],"seed_played":"-1530101979775983062","potions_obtained":[{"floor":7,"key":"Strength Potion"},{"floor":14,"key":"EssenceOfSteel"},{"floor":16,"key":"BloodPotion"},{"floor":28,"key":"LiquidBronze"},{"floor":29,"key":"Poison Potion"}],"is_trial":false,"path_per_floor":["M","?","M","?","$","R","M","T","T","?","R","M","R","M","R","B",null,"M","T","?","?","M","E","R","T","T","M","M","M","M","M","R","B"],"character_chosen":"IRONCLAD","items_purchased":["Armaments","Headbutt"],"campfire_rested":3,"item_purchase_floors":[5,5],"current_hp_per_floor":[70,70,68,68,68,68,68,68,68,68,68,59,59,58,80,10,80,80,80,65,65,56,13,38,38,38,54,60,46,39,49,74,0],"gold":486,"neow_bonus":"","is_prod":false,"is_daily":false,"chose_seed":false,"campfire_upgraded":3,"win_rate":0.0,"timestamp":1564710170,"path_taken":["M","?","M","?","$","R","?","?","T","?","R","M","R","M","R","BOSS","M","?","?","?","M","E","R","?","T","M","M","?","M","M","R","BOSS"],"build_version":"2019-07-17","purchased_purges":0,"victory":false,"max_hp_per_floor":[80,80,80,80,80,80,80,80,80,80,80,80,80,80,80,80,80,80,80,85,85,85,85,85,85,85,85,85,85,85,85,85,85],"card_choices":[{"not_picked":["Warcry","Shrug It Off"],"picked":"Pummel","floor":1},{"not_picked":["Power Through","Dark Embrace"],"picked":"Pommel Strike","floor":3},{"not_picked":["Clash","Sever Soul"],"picked":"Cleave","floor":7},{"not_picked":["Flex","Thunderclap"],"picked":"Sword Boomerang","floor":12},{"not_picked":["Body Slam","Sword Boomerang"],"picked":"Anger","floor":14},{"not_picked":["Double Tap","Brutality"],"picked":"Reaper","floor":16},{"not_picked":["True Grit","Sever Soul"],"picked":"Thunderclap","floor":18},{"not_picked":["Headbutt","Clash"],"picked":"Pummel+1","floor":22},{"not_picked":["True Grit+1","Sword Boomerang"],"picked":"Feel No Pain","floor":23},{"not_picked":["Power Through","Entrench"],"picked":"Anger+1","floor":27},{"not_picked":["True Grit","Pummel"],"picked":"Headbutt","floor":28},{"not_picked":["Armaments","Iron Wave"],"picked":"Feed","floor":29},{"not_picked":["Clash+1","Twin Strike"],"picked":"Clothesline+1","floor":30},{"not_picked":["Flex","True Grit"],"picked":"Sever Soul+1","floor":31}],"player_experience":0,"relics_obtained":[{"floor":8,"key":"Bottled Flame"},{"floor":9,"key":"Ornamental Fan"},{"floor":19,"key":"Potion Belt"},{"floor":23,"key":"Bag of Marbles"},{"floor":23,"key":"Meat on the Bone"},{"floor":25,"key":"MawBank"},{"floor":26,"key":"Orichalcum"}],"event_choices":[{"damage_healed":0,"gold_gain":0,"player_choice":"Ignored","damage_taken":0,"max_hp_gain":0,"max_hp_loss":0,"event_name":"Golden Idol","floor":2,"gold_loss":0},{"damage_healed":0,"gold_gain":0,"player_choice":"Upgraded","damage_taken":0,"max_hp_gain":0,"max_hp_loss":0,"event_name":"Upgrade Shrine","floor":4,"gold_loss":0,"cards_upgraded":["Bash"]},{"damage_healed":0,"gold_gain":0,"cards_transformed":["Strike_R"],"player_choice":"Transformed","damage_taken":0,"max_hp_gain":0,"max_hp_loss":0,"event_name":"Transmorgrifier","floor":10,"gold_loss":0,"cards_obtained":["Hemokinesis"]},{"damage_healed":0,"gold_gain":0,"player_choice":"Shed Blood","damage_taken":20,"max_hp_gain":5,"max_hp_loss":0,"event_name":"Forgotten Altar","floor":20,"gold_loss":0},{"damage_healed":0,"gold_gain":0,"player_choice":"Opened","damage_taken":0,"relics_obtained":["Mummified Hand"],"max_hp_gain":0,"max_hp_loss":0,"event_name":"The Mausoleum","floor":21,"gold_loss":0}],"is_beta":false,"boss_relics":[{"not_picked":["Ectoplasm","Orrery"],"picked":"Black Star"}],"items_purged_floors":[],"is_endless":false,"potions_floor_spawned":[7,14,16,28,29,31],"killed_by":"Champ","ascension_level":0}