{"gold_per_floor":[111,91,110,121,133,133,162,162,162,162,191,191,201,301,301,301],"floor_reached":16,"playtime":1350,"items_purged":[],"score":110,"play_id":"107a0747-9e97-4542-a332-9df2538465b1","local_time":"20190826223204","is_ascension_mode":false,"campfire_choices":[{"data":"Backflip","floor":6,"key":"SMITH"},{"floor":12,"key":"REST"},{"floor":15,"key":"REST"}],"neow_cost":"NONE","seed_source_timestamp":1119803777133846,"circlet_count":0,"master_deck":["Strike_G","Strike_G+1","Strike_G+1","Strike_G","Defend_G","Defend_G","Defend_G","Defend_G","Defend_G","Survivor","Neutralize+1","Backflip+1","Flechettes","Escape Plan","Distraction","Envenom","Parasite","Dodge and Roll"],"relics":["Ring of the Snake","Pen Nib","Whetstone","Meat on the Bone"],"potions_floor_usage":[],"damage_taken":[{"damage":0,"enemies":"Jaw Worm","floor":1,"turns":5},{"damage":0,"enemies":"Cultist","floor":3,"turns":3},{"damage":2,"enemies":"Small Slimes","floor":4,"turns":3},{"damage":5,"enemies":"3 Louse","floor":5,"turns":5},{"damage":47,"enemies":"Gremlin Nob","floor":7,"turns":7},{"damage":19,"enemies":"3 Sentries","floor":11,"turns":12},{"damage":9,"enemies":"Large Slime","floor":13,"turns":11},{"damage":59,"enemies":"Hexaghost","floor":16,"turns":16}],"seed_played":"8084046226938281092","potions_obtained":[{"floor":2,"key":"Energy Potion"},{"floor":4,"key":"Strength Potion"},{"floor":7,"key":"Fire Potion"}],"is_trial":false,"path_per_floor":["M","?","M","M","M","R","E","?","T","?","E","R","M","?","R","B"],"character_chosen":"THE_SILENT","items_purchased":[],"campfire_rested":2,"item_purchase_floors":[],"current_hp_per_floor":[70,70,70,68,63,63,16,33,33,33,14,35,38,38,59,0],"gold":301,"neow_bonus":"UPGRADE_CARD","is_prod":false,"is_daily":false,"chose_seed":false,"campfire_upgraded":1,"win_rate":0.0,"timestamp":1566851524,"path_taken":["M","?","M","?","?","R","E","?","T","?","E","R","M","?","R","BOSS"],"build_version":"2019-07-17","purchased_purges":0,"victory":false,"max_hp_per_floor":[70,70,70,70,70,70,70,70,70,70,70,70,70,70,70,70],"card_choices":[{"not_picked":["Dagger Throw","Eviscerate"],"picked":"Backflip","floor":1},{"not_picked":["Prepared","Blade Dance"],"picked":"Flechettes","floor":3},{"not_picked":["Prepared","Deflect"],"picked":"Escape Plan","floor":4},{"not_picked":["Choke","Backflip"],"picked":"Distraction","floor":5},{"not_picked":["Underhanded Strike","Blade Dance"],"picked":"Envenom","floor":7},{"not_picked":["Flechettes","Catalyst","Caltrops"],"picked":"SKIP","floor":11},{"not_picked":["Prepared","Underhanded Strike"],"picked":"Dodge and Roll","floor":13}],"player_experience":28057,"relics_obtained":[{"floor":7,"key":"Pen Nib"},{"floor":9,"key":"Whetstone"},{"floor":11,"key":"Meat on the Bone"}],"event_choices":[{"damage_healed":0,"gold_gain":0,"player_choice":"Bought 1 Potion","damage_taken":0,"max_hp_gain":0,"max_hp_loss":0,"event_name":"The Woman in Blue","floor":2,"gold_loss":0},{"damage_healed":17,"gold_gain":0,"player_choice":"Healed and dodged fight","damage_taken":0,"max_hp_gain":0,"max_hp_loss":0,"event_name":"Mushrooms","floor":8,"gold_loss":0,"cards_obtained":["Parasite"]},{"cards_removed":["Strike_G"],"damage_healed":0,"gold_gain":0,"player_choice":"Forget","damage_taken":0,"max_hp_gain":0,"max_hp_loss":0,"event_name":"Living Wall","floor":10,"gold_loss":0},{"damage_healed":0,"gold_gain":100,"player_choice":"Pray","damage_taken":0,"max_hp_gain":0,"max_hp_loss":0,"event_name":"Golden Shrine","floor":14,"gold_loss":0}],"is_beta":false,"boss_relics":[],"items_purged_floors":[],"is_endless":false,"potions_floor_spawned":[4,7,11,13],"killed_by":"Hexaghost","ascension_level":0}