{"gold_per_floor":[117,128,128,128,9,9,84,94,146,1,26,44,44,44,44,143,143,161,261,261,261,261],"floor_reached":22,"playtime":1559,"items_purged":["Defend_B","Defend_B"],"score":170,"play_id":"4daad00c-5fb5-4139-a521-03b0a8920c12","local_time":"20190120165840","is_ascension_mode":false,"campfire_choices":[{"floor":6,"key":"REST"},{"floor":13,"key":"REST"},{"data":"Creative AI","floor":15,"key":"SMITH"}],"neow_cost":"TEN_PERCENT_HP_LOSS","seed_source_timestamp":11467294502587,"circlet_count":0,"master_deck":["Strike_B","Defend_B","Defend_B","Zap+1","Dualcast+1","Capacitor","Sweeping Beam","Glacier","Creative AI+1","Storm","Capacitor","Reboot","Force Field","RitualDagger"],"relics":["Cracked Core","The Courier","Potion Belt","Dream Catcher","Cursed Key","Shuriken","Prayer Wheel"],"potions_floor_usage":[19,19],"damage_taken":[{"damage":4,"enemies":"Jaw Worm","floor":1,"turns":4},{"damage":1,"enemies":"2 Louse","floor":2,"turns":3},{"damage":0,"enemies":"Small Slimes","floor":8,"turns":3},{"damage":3,"enemies":"Blue Slaver","floor":12,"turns":4},{"damage":26,"enemies":"The Guardian","floor":16,"turns":8},{"damage":10,"enemies":"Chosen","floor":18,"turns":5},{"damage":22,"enemies":"Colosseum Slavers","floor":19,"turns":4},{"damage":17,"enemies":"Colosseum Nobs","floor":19,"turns":5},{"damage":14,"enemies":"3 Byrds","floor":22,"turns":2}],"seed_played":"3355928528455153269","potions_obtained":[{"floor":2,"key":"Ancient Potion"},{"floor":12,"key":"SteroidPotion"},{"floor":16,"key":"SteroidPotion"}],"is_trial":false,"path_per_floor":["M","M","?","?","$","R","?","M","T","$","T","M","R","?","R","B",null,"M","?","?","?","M"],"character_chosen":"DEFECT","items_purchased":["Glacier","Storm"],"campfire_rested":2,"item_purchase_floors":[5,10],"current_hp_per_floor":[64,63,49,16,16,36,25,25,25,25,25,22,42,35,35,9,68,58,19,19,13,0],"gold":261,"neow_bonus":"TRANSFORM_TWO_CARDS","is_prod":false,"is_daily":false,"chose_seed":false,"campfire_upgraded":1,"win_rate":0,"timestamp":1547999920,"path_taken":["M","M","?","?","$","R","?","M","T","$","?","?","R","?","R","BOSS","M","?","?","?","M"],"build_version":"2019-01-17v2","purchased_purges":2,"victory":false,"max_hp_per_floor":[68,68,68,68,68,68,68,68,68,68,68,68,68,68,68,68,68,68,68,68,68,68],"card_choices":[{"not_picked":["Gash","Steam","Fusion"],"picked":"SKIP","floor":1},{"not_picked":["Sweeping Beam","Doom and Gloom","Leap"],"picked":"SKIP","floor":2},{"not_picked":["Go for the Eyes","Turbo"],"picked":"Creative AI","floor":8},{"not_picked":["Cold Snap","Stack","Ball Lightning"],"picked":"SKIP","floor":12},{"not_picked":["Gash","Hello World"],"picked":"Capacitor","floor":13},{"not_picked":["Multi-Cast","Echo Form"],"picked":"Reboot","floor":16},{"not_picked":["BootSequence","Consume"],"picked":"Force Field","floor":18}],"player_experience":564941,"relics_obtained":[{"floor":9,"key":"Potion Belt"},{"floor":11,"key":"Dream Catcher"},{"floor":19,"key":"Shuriken"},{"floor":19,"key":"Prayer Wheel"}],"event_choices":[{"damage_healed":0,"gold_gain":0,"player_choice":"Entered Light","damage_taken":14,"max_hp_gain":0,"max_hp_loss":0,"event_name":"Shining Light","floor":3,"gold_loss":0,"cards_upgraded":["Zap","Dualcast"]},{"damage_healed":0,"gold_gain":0,"player_choice":"Success","damage_taken":33,"relics_obtained":["The Courier"],"max_hp_gain":0,"max_hp_loss":0,"event_name":"Scrap Ooze","floor":4,"gold_loss":0},{"damage_healed":0,"gold_gain":75,"player_choice":"Gather Gold","damage_taken":11,"max_hp_gain":0,"max_hp_loss":0,"event_name":"World of Goop","floor":7,"gold_loss":0},{"cards_removed":["Strike_B"],"damage_healed":0,"gold_gain":0,"player_choice":"Card Removal","damage_taken":7,"max_hp_gain":0,"max_hp_loss":0,"event_name":"Golden Wing","floor":14,"gold_loss":0},{"damage_healed":0,"gold_gain":0,"player_choice":"Fight","damage_taken":0,"max_hp_gain":0,"max_hp_loss":0,"event_name":"Colosseum","floor":19,"gold_loss":0},{"damage_healed":0,"gold_gain":0,"player_choice":"Fought Nobs","damage_taken":0,"max_hp_gain":0,"max_hp_loss":0,"event_name":"Colosseum","floor":19,"gold_loss":0},{"damage_healed":0,"gold_gain":0,"player_choice":"Ignored","damage_taken":0,"max_hp_gain":0,"max_hp_loss":0,"event_name":"Vampires","floor":20,"gold_loss":0},{"damage_healed":0,"gold_gain":0,"player_choice":"Joined the Cult","damage_taken":6,"max_hp_gain":0,"max_hp_loss":0,"event_name":"Nest","floor":21,"gold_loss":0,"cards_obtained":["RitualDagger"]}],"is_beta":false,"boss_relics":[{"not_picked":["Velvet Choker","Astrolabe"],"picked":"Cursed Key"}],"items_purged_floors":[5,10],"is_endless":false,"potions_floor_spawned":[2,12,16],"killed_by":"3 Byrds","ascension_level":0}