{"gold_per_floor":[368,381,115,126,139,139,153,153,153,172,29,59,9,28,28,132,132,144,160,180,199,31,31,42,57,80,80,111,111,131,144,144,239,239,252,93,93,113,124,124],"floor_reached":40,"playtime":3835,"items_purged":["Strike_B","Defend_B","Strike_B"],"score":441,"play_id":"f0c7d4b3-4257-4cfa-b86d-e84fa608de5f","local_time":"20180823160437","is_ascension_mode":false,"campfire_choices":[{"floor":6,"key":"REST"},{"data":"Self Repair","floor":8,"key":"SMITH"},{"floor":15,"key":"REST"},{"data":"Heatsinks","floor":23,"key":"SMITH"},{"data":"Static Discharge","floor":27,"key":"SMITH"},{"floor":32,"key":"REST"}],"neow_cost":"PERCENT_DAMAGE","seed_source_timestamp":10679399897725,"circlet_count":0,"master_deck":["Strike_B","Defend_B","Zap","Dualcast","Capacitor","Static Discharge+1","Reprogram","Self Repair+1","Electrodynamics","Storm","Electrodynamics","Barrage+1","Recycle","Heatsinks+1","Machine Learning","Self Repair","Leap+1","Consume","White Noise+1","Reboot"],"relics":["Cracked Core","TheAbacus","Torii","Dead Branch","Cursed Key","Bronze Scales","Prayer Wheel","Empty Cage"],"potions_floor_usage":[10,14,14,18,28,30,33,33,33,39,40],"damage_taken":[{"damage":6,"enemies":"Jaw Worm","floor":1,"turns":3},{"damage":0,"enemies":"Cultist","floor":2,"turns":4},{"damage":0,"enemies":"Small Slimes","floor":4,"turns":4},{"damage":20,"enemies":"Gremlin Gang","floor":5,"turns":3},{"damage":15,"enemies":"Red Slaver","floor":7,"turns":6},{"damage":5,"enemies":"Lots of Slimes","floor":10,"turns":5},{"damage":24,"enemies":"Gremlin Nob","floor":12,"turns":4},{"damage":1,"enemies":"Large Slime","floor":14,"turns":6},{"damage":25,"enemies":"Hexaghost","floor":16,"turns":11},{"damage":0,"enemies":"Spheric Guardian","floor":18,"turns":2},{"damage":20,"enemies":"Shell Parasite","floor":19,"turns":3},{"damage":15,"enemies":"Snake Plant","floor":20,"turns":4},{"damage":11,"enemies":"Sentry and Sphere","floor":21,"turns":3},{"damage":9,"enemies":"Snecko","floor":24,"turns":5},{"damage":16,"enemies":"Snake Plant","floor":25,"turns":4},{"damage":0,"enemies":"Gremlin Leader","floor":28,"turns":5},{"damage":35,"enemies":"Centurion and Healer","floor":30,"turns":3},{"damage":12,"enemies":"3 Cultists","floor":31,"turns":3},{"damage":27,"enemies":"Champ","floor":33,"turns":8},{"damage":16,"enemies":"Orb Walker","floor":35,"turns":3},{"damage":30,"enemies":"Flame Bruiser 1 Orb","floor":38,"turns":4},{"damage":38,"enemies":"Spire Growth","floor":39,"turns":6},{"damage":27,"enemies":"Giant Head","floor":40,"turns":6}],"seed_played":"-6441611921926848653","potions_obtained":[{"floor":4,"key":"SpeedPotion"},{"floor":7,"key":"Poison Potion"},{"floor":12,"key":"Poison Potion"},{"floor":16,"key":"SkillPotion"},{"floor":24,"key":"Strength Potion"},{"floor":25,"key":"PowerPotion"},{"floor":28,"key":"LiquidBronze"},{"floor":30,"key":"FearPotion"},{"floor":31,"key":"Swift Potion"},{"floor":38,"key":"PowerPotion"},{"floor":39,"key":"FocusPotion"}],"is_trial":false,"path_per_floor":["M","M","$","M","M","R","M","R","T","M","$","E","?","M","R","B",null,"M","M","M","M","$","R","M","M","T","R","E","$","M","M","R","B",null,"M","$","?","M","M"],"character_chosen":"DEFECT","items_purchased":["TheAbacus","Electrodynamics","Heatsinks","Self Repair"],"campfire_rested":3,"item_purchase_floors":[3,11,22,36],"current_hp_per_floor":[48,48,48,48,28,50,35,35,35,40,40,26,26,35,57,42,75,75,65,60,59,59,59,60,54,54,54,64,64,39,27,49,32,75,59,59,59,46,25,0],"gold":124,"neow_bonus":"TWO_FIFTY_GOLD","is_prod":false,"is_daily":false,"chose_seed":false,"campfire_upgraded":3,"win_rate":0,"timestamp":1535033077,"path_taken":["M","M","$","M","M","R","M","R","T","M","$","E","?","M","R","BOSS","M","M","M","M","$","R","M","M","T","R","E","$","M","?","R","BOSS","M","$","?","M","?","E"],"build_version":"2018-08-16","purchased_purges":3,"victory":false,"max_hp_per_floor":[75,75,75,75,75,75,75,75,75,75,75,75,75,75,75,75,75,75,75,75,75,75,75,75,75,75,75,75,75,75,75,75,75,75,75,75,75,75,75,75],"card_choices":[{"not_picked":["Compile Driver","Redo","Conserve Battery"],"picked":"SKIP","floor":1},{"not_picked":["Redo","Echo Form"],"picked":"Capacitor","floor":2},{"not_picked":["Auto Shields","Barrage"],"picked":"Static Discharge","floor":4},{"not_picked":["Leap","Coolheaded"],"picked":"Reprogram","floor":5},{"not_picked":["Conserve Battery","Fusion"],"picked":"Self Repair","floor":7},{"not_picked":["Stack","Recycle","Rip and Tear"],"picked":"SKIP","floor":10},{"not_picked":["Go for the Eyes","Redo","Barrage"],"picked":"SKIP","floor":12},{"not_picked":["Steam","Cold Snap"],"picked":"Storm","floor":14},{"not_picked":["Multi-Cast","Echo Form"],"picked":"Electrodynamics","floor":16},{"not_picked":["Compile Driver","Beam Cell+1"],"picked":"Barrage+1","floor":18},{"not_picked":["Go for the Eyes","Streamline","Hologram"],"picked":"SKIP","floor":19},{"not_picked":["Barrage","Steam"],"picked":"Recycle","floor":20},{"not_picked":["Capacitor","Lockon","Redo"],"picked":"SKIP","floor":21},{"not_picked":["Turbo","Ball Lightning","Lockon"],"picked":"SKIP","floor":24},{"not_picked":["Capacitor","Auto Shields","Lockon"],"picked":"SKIP","floor":25},{"not_picked":["Ball Lightning+1","Darkness","Leap"],"picked":"SKIP","floor":28},{"not_picked":["Leap","Compile Driver","Cold Snap+1"],"picked":"SKIP","floor":30},{"not_picked":["Stack","Hello World","Go for the Eyes"],"picked":"SKIP","floor":30},{"not_picked":["Tempest","Melter","Barrage"],"picked":"SKIP","floor":31},{"not_picked":["Hologram","Sweeping Beam","Reboot"],"picked":"SKIP","floor":31},{"not_picked":["Electrodynamics","Echo Form"],"picked":"Machine Learning","floor":33},{"not_picked":["Redo+1","Steam+1","Turbo+1"],"picked":"SKIP","floor":35},{"not_picked":["Compile Driver+1","Streamline","Seek"],"picked":"SKIP","floor":35},{"not_picked":["Stack","Beam Cell+1"],"picked":"Leap+1","floor":38},{"not_picked":["Ball Lightning+1","Sweeping Beam+1"],"picked":"Consume","floor":38},{"not_picked":["Streamline","Sweeping Beam"],"picked":"White Noise+1","floor":39},{"not_picked":["Auto Shields","Beam Cell"],"picked":"Reboot","floor":39}],"player_experience":516862,"relics_obtained":[{"floor":9,"key":"Torii"},{"floor":12,"key":"Dead Branch"},{"floor":26,"key":"Bronze Scales"},{"floor":28,"key":"Prayer Wheel"}],"event_choices":[{"event_name":"The Cleric","player_choice":"Card Removal","floor":13,"damage_taken":0},{"event_name":"Purifier","player_choice":"One Purge","floor":37,"damage_taken":0}],"is_beta":false,"boss_relics":[{"not_picked":["Astrolabe","Coffee Dripper"],"picked":"Cursed Key"},{"not_picked":["FrozenCore","Sozu"],"picked":"Empty Cage"}],"items_purged_floors":[3,22,36],"is_endless":false,"potions_floor_spawned":[4,7,12,16,24,25,28,30,31,38,39],"killed_by":"Giant Head","ascension_level":0}