{"gold_per_floor":[119,38,56,56,3,3,15,15,15,15,28,69,69,94,94,215,215,234,234,257,103,28,62,62,14,40,75,75,41,41,65,65,188,188,201,131,151,17,40,40,59,59,59,80,80,96,109,51,51,51,51,51,51,92,92],"floor_reached":55,"playtime":6452,"items_purged":["Strike_G"],"score":680,"play_id":"2661ce03-71ab-430d-bcc5-86715fd972b7","local_time":"20190204224512","is_ascension_mode":false,"campfire_choices":[{"data":"Dagger Spray","floor":6,"key":"SMITH"},{"data":"Skewer","floor":10,"key":"SMITH"},{"floor":13,"key":"REST"},{"data":"Neutralize","floor":15,"key":"SMITH"},{"floor":24,"key":"REST"},{"data":"Survivor","floor":28,"key":"SMITH"},{"floor":30,"key":"RECALL"},{"data":"Burst","floor":32,"key":"SMITH"},{"data":"Caltrops","floor":40,"key":"SMITH"},{"data":"Well Laid Plans","floor":42,"key":"SMITH"},{"data":"Apotheosis","floor":45,"key":"SMITH"},{"floor":49,"key":"REST"},{"data":"Noxious Fumes","floor":52,"key":"SMITH"}],"neow_cost":"NONE","seed_source_timestamp":4781310004645,"circlet_count":0,"master_deck":["Defend_G","Defend_G","Defend_G","Defend_G","Defend_G","Strike_G","Strike_G","Survivor+1","Neutralize+1","Well Laid Plans+1","Skewer+1","Dagger Spray+1","Dagger Throw","Blur","Backflip","Burst+1","Backflip","Flying Knee","Caltrops+1","Adrenaline","Sucker Punch","Terror","Acrobatics+1","Apotheosis+1","Parasite","Outmaneuver+1","Noxious Fumes+1","Blur","Leg Sweep"],"relics":["Ring of the Snake","NeowsBlessing","Golden Idol","Question Card","Torii","Busted Crown","Enchiridion","Oddly Smooth Stone","Regal Pillow","Lizard Tail","The Courier","Dream Catcher","Sundial"],"potions_floor_usage":[12,20,23,46,50,54,55],"damage_taken":[{"damage":0,"enemies":"Cultist","floor":1,"turns":1},{"damage":0,"enemies":"2 Louse","floor":3,"turns":1},{"damage":0,"enemies":"Jaw Worm","floor":7,"turns":1},{"damage":1,"enemies":"Exordium Wildlife","floor":11,"turns":3},{"damage":29,"enemies":"Lagavulin","floor":12,"turns":10},{"damage":0,"enemies":"2 Fungi Beasts","floor":14,"turns":3},{"damage":27,"enemies":"The Guardian","floor":16,"turns":18},{"damage":22,"enemies":"Spheric Guardian","floor":18,"turns":6},{"damage":0,"enemies":"Shell Parasite","floor":20,"turns":6},{"damage":1,"enemies":"Gremlin Leader","floor":23,"turns":8},{"damage":0,"enemies":"Book of Stabbing","floor":27,"turns":8},{"damage":0,"enemies":"Snecko","floor":31,"turns":4},{"damage":32,"enemies":"Automaton","floor":33,"turns":11},{"damage":0,"enemies":"Orb Walker","floor":35,"turns":4},{"damage":3,"enemies":"3 Darklings","floor":37,"turns":6},{"damage":1,"enemies":"Writhing Mass","floor":39,"turns":9},{"damage":12,"enemies":"Transient","floor":41,"turns":5},{"damage":0,"enemies":"Maw","floor":44,"turns":7},{"damage":0,"enemies":"Spire Growth","floor":46,"turns":4},{"damage":13,"enemies":"Writhing Mass","floor":47,"turns":4},{"damage":29,"enemies":"Donu and Deca","floor":50,"turns":14},{"damage":11,"enemies":"Shield and Spear","floor":54,"turns":9},{"damage":117,"enemies":"The Heart","floor":55,"turns":12}],"seed_played":"2231513188803355634","potions_obtained":[{"floor":7,"key":"FairyPotion"},{"floor":11,"key":"PowerPotion"},{"floor":18,"key":"SpeedPotion"},{"floor":20,"key":"Swift Potion"},{"floor":33,"key":"Ancient Potion"},{"floor":37,"key":"GamblersBrew"},{"floor":46,"key":"Explosive Potion"},{"floor":54,"key":"GamblersBrew"}],"is_trial":false,"path_per_floor":["M","$","M","?","$","R","M","?","T","R","M","E","R","M","R","B",null,"M","?","M","$","?","E","R","$","T","E","R","$","R","M","R","B",null,"M","?","M","$","M","R","M","R","T","M","R","M","M","$","R","B",null,"R","$","E","B"],"character_chosen":"THE_SILENT","items_purchased":["Well Laid Plans","Dagger Spray","Caltrops","Sucker Punch","Terror","Apotheosis","Noxious Fumes"],"campfire_rested":3,"item_purchase_floors":[2,5,21,25,29,38,48],"current_hp_per_floor":[70,70,70,63,63,63,63,46,46,46,45,16,37,37,37,10,70,48,32,32,32,32,31,52,52,52,52,52,52,52,52,52,20,70,70,70,67,67,66,66,54,54,54,54,54,54,41,41,70,41,70,70,70,59,0],"gold":92,"neow_bonus":"THREE_ENEMY_KILL","is_prod":false,"is_daily":false,"chose_seed":false,"campfire_upgraded":9,"win_rate":0,"timestamp":1549316712,"path_taken":["M","?","M","?","$","R","?","?","T","R","M","E","R","M","R","BOSS","M","?","M","$","?","E","R","?","T","E","R","$","R","M","R","BOSS","M","?","?","$","M","R","M","R","T","M","R","M","M","$","R","BOSS","R","$","E","BOSS"],"build_version":"2019-01-23","purchased_purges":1,"victory":false,"max_hp_per_floor":[70,70,70,70,70,70,70,70,70,70,70,70,70,70,70,70,70,70,70,70,70,70,70,70,70,70,70,70,70,70,70,70,70,70,70,70,70,70,70,70,70,70,70,70,70,70,70,70,70,70,70,70,70,70,70],"card_choices":[{"not_picked":["Acrobatics","Dodge and Roll","Slice"],"picked":"SKIP","floor":1},{"not_picked":["Quick Slash","Blade Dance"],"picked":"Skewer","floor":3},{"not_picked":["Predator","PiercingWail"],"picked":"Dagger Throw","floor":7},{"not_picked":["Heel Hook","Deadly Poison","Outmaneuver","Acrobatics"],"picked":"SKIP","floor":11},{"not_picked":["Predator","Escape Plan","Burst"],"picked":"Blur","floor":12},{"not_picked":["Prepared","Crippling Poison","Bane"],"picked":"Backflip","floor":14},{"not_picked":["Wraith Form v2","After Image","Doppelganger"],"picked":"Burst","floor":16},{"not_picked":["Prepared"],"picked":"Backflip","floor":18},{"not_picked":["Quick Slash"],"picked":"Flying Knee","floor":20},{"not_picked":["Dagger Throw+1"],"picked":"Adrenaline","floor":23},{"not_picked":["Flying Knee","Accuracy+1"],"picked":"SKIP","floor":27},{"not_picked":["Eviscerate"],"picked":"Acrobatics+1","floor":31},{"not_picked":["Dagger Throw","Deflect+1"],"picked":"SKIP","floor":35},{"not_picked":["Deadly Poison","Poisoned Stab+1"],"picked":"SKIP","floor":37},{"not_picked":["Poisoned Stab+1"],"picked":"Outmaneuver+1","floor":39},{"not_picked":["Flying Knee","Dagger Throw"],"picked":"SKIP","floor":41},{"not_picked":["Dagger Spray+1","Flying Knee+1"],"picked":"SKIP","floor":44},{"not_picked":["Quick Slash+1","Bane+1"],"picked":"SKIP","floor":46},{"not_picked":["Distraction","Flying Knee"],"picked":"SKIP","floor":47},{"not_picked":["Flying Knee"],"picked":"Blur","floor":49},{"not_picked":["Sucker Punch"],"picked":"Leg Sweep","floor":54}],"player_experience":749168,"relics_obtained":[{"floor":9,"key":"Question Card"},{"floor":12,"key":"Torii"},{"floor":19,"key":"Enchiridion"},{"floor":23,"key":"Oddly Smooth Stone"},{"floor":27,"key":"Regal Pillow"},{"floor":43,"key":"Dream Catcher"},{"floor":54,"key":"Sundial"}],"event_choices":[{"cards_removed":["Strike_G"],"damage_healed":0,"gold_gain":0,"player_choice":"Card Removal","damage_taken":7,"max_hp_gain":0,"max_hp_loss":0,"event_name":"Golden Wing","floor":4,"gold_loss":0},{"damage_healed":0,"gold_gain":0,"player_choice":"Take Damage","damage_taken":17,"relics_obtained":["Golden Idol"],"max_hp_gain":0,"max_hp_loss":0,"event_name":"Golden Idol","floor":8,"gold_loss":0},{"damage_healed":0,"gold_gain":0,"player_choice":"Obtained Book","damage_taken":16,"max_hp_gain":0,"max_hp_loss":0,"event_name":"Cursed Tome","floor":19,"gold_loss":0},{"cards_removed":["Strike_G"],"damage_healed":0,"gold_gain":0,"player_choice":"Gave Gold","damage_taken":0,"max_hp_gain":0,"max_hp_loss":0,"event_name":"Beggar","floor":22,"gold_loss":75},{"damage_healed":0,"gold_gain":0,"player_choice":"Paid Gold","damage_taken":0,"relics_obtained":["The Courier"],"max_hp_gain":0,"max_hp_loss":0,"event_name":"WeMeetAgain","floor":36,"gold_loss":70}],"is_beta":false,"boss_relics":[{"not_picked":["Cursed Key","Tiny House"],"picked":"Busted Crown"},{"not_picked":["Coffee Dripper","White Beast Statue"],"picked":"Lizard Tail"}],"items_purged_floors":[21],"is_endless":false,"potions_floor_spawned":[7,11,18,20,33,37,46,54],"killed_by":"The Heart","ascension_level":0}