{"path_per_floor":["M","?","?","M","$","R","E","R","T","M","R","M","$","E","R","B",null,"M","M","?","?","?","E","$","?","T","R","$","M","M","M","R"],"character_chosen":"IRONCLAD","items_purchased":["Shrug It Off","Metallicize","Whirlwind","Body Slam"],"gold_per_floor":[116,291,241,254,132,132,163,163,216,230,230,249,35,61,61,157,157,173,145,145,60,60,95,0,0,24,24,24,43,58,72,72,72],"floor_reached":33,"campfire_rested":0,"playtime":2182,"current_hp_per_floor":[80,80,80,80,80,80,87,87,87,86,86,76,76,79,79,43,87,76,62,62,62,62,42,42,42,42,42,42,32,16,22,22,0],"items_purged":["Strike_R","Strike_R","Strike_R"],"gold":72,"score":298,"play_id":"36bb68fc-5b25-4f7c-8593-03990f9ad86f","local_time":"20180403232851","is_prod":false,"is_daily":false,"is_ascension_mode":false,"campfire_upgraded":6,"timestamp":1522790931,"path_taken":["M","?","?","M","$","R","E","R","T","M","R","M","$","E","R","BOSS","M","M","?","?","?","E","?","?","T","R","$","M","M","M","R","BOSS"],"build_version":"2018-03-29v2","purchased_purges":3,"victory":false,"master_deck":["Strike_R","Strike_R","Defend_R","Defend_R","Defend_R","Defend_R","Bash+1","Juggernaut+1","Feel No Pain","Shrug It Off+1","Sentinel","Second Wind","Metallicize","Whirlwind+1","Metallicize","Berserk","Body Slam+1","Inflame+1","Body Slam","Impervious"],"max_hp_per_floor":[80,80,80,80,80,80,87,87,87,87,87,87,87,87,87,87,87,87,87,87,87,87,87,87,87,87,87,87,89,91,91,91,91],"relics":["Burning Blood","NeowsBlessing","Strawberry","Art of War","Letter Opener","Runic Cube","Dream Catcher","Smiling Mask","Singing Bowl"],"card_choices":[{"not_picked":["Armaments","Feel No Pain"],"picked":"Juggernaut","floor":1},{"not_picked":["Armaments","Pommel Strike"],"picked":"Feel No Pain","floor":4},{"not_picked":["Dropkick","Dual Wield"],"picked":"Sentinel","floor":7},{"not_picked":["Whirlwind","Rupture"],"picked":"Second Wind","floor":12},{"not_picked":["Double Tap","Rampage"],"picked":"Metallicize","floor":14},{"not_picked":["Impervious","Double Tap"],"picked":"Berserk","floor":16},{"not_picked":["Heavy Blade","Shrug It Off"],"picked":"Body Slam","floor":18},{"not_picked":["Uppercut","Power Through"],"picked":"Inflame","floor":19},{"not_picked":["Sword Boomerang","Body Slam"],"picked":"Impervious","floor":31}],"player_experience":277600,"potions_floor_usage":[16,16,19,30,31],"damage_taken":[{"damage":0,"enemies":"Cultist","floor":1,"turns":1},{"damage":0,"enemies":"Jaw Worm","floor":4,"turns":1},{"damage":0,"enemies":"Lagavulin","floor":7,"turns":1},{"damage":7,"enemies":"Small Slimes","floor":10,"turns":4},{"damage":16,"enemies":"2 Fungi Beasts","floor":12,"turns":4},{"damage":3,"enemies":"3 Sentries","floor":14,"turns":5},{"damage":42,"enemies":"The Guardian","floor":16,"turns":10},{"damage":17,"enemies":"Spheric Guardian","floor":18,"turns":6},{"damage":20,"enemies":"2 Thieves","floor":19,"turns":5},{"damage":26,"enemies":"Gremlin Leader","floor":23,"turns":6},{"damage":18,"enemies":"Snake Plant","floor":29,"turns":4},{"damage":24,"enemies":"Slaver and Parasite","floor":30,"turns":5},{"damage":0,"enemies":"Snecko","floor":31,"turns":4},{"damage":42,"enemies":"Collector","floor":33,"turns":5}],"event_choices":[{"event_name":"Liars Game","player_choice":"agreed","floor":2,"damage_taken":0},{"event_name":"The Cleric","player_choice":"Card Removal","floor":3,"damage_taken":0},{"event_name":"Ghosts","player_choice":"Ignored","floor":20,"damage_taken":0},{"event_name":"Addict","player_choice":"Obtained Relic","floor":21,"damage_taken":0},{"event_name":"Drug Dealer","player_choice":"Ignored","floor":22,"damage_taken":0},{"event_name":"Vampires","player_choice":"Ignored","floor":25,"damage_taken":0}],"boss_relics":[{"not_picked":["Eternal Feather","Tiny House"],"picked":"Runic Cube"}],"potions_floor_spawned":[4,10,12,16,19,29,30],"seed_played":"-2168809599972727928","killed_by":"Collector","ascension_level":0,"is_trial":false}