{"gold_per_floor":[119,134,150,165,178,210,210,228,258,433,433,433,433,451,451,556,556,575,586,165,184,196,196,210,210,210,210,238,265,347,374,386,398],"floor_reached":33,"playtime":3286,"items_purged":["Strike_G"],"score":273,"play_id":"c41fbd23-17ff-4581-abaf-f4f40877f391","local_time":"20190204042436","is_ascension_mode":false,"campfire_choices":[{"floor":7,"key":"REST"},{"floor":13,"key":"REST"},{"data":"Malaise","floor":15,"key":"SMITH"},{"data":"Skewer","floor":23,"key":"SMITH"},{"floor":27,"key":"REST"},{"floor":32,"key":"REST"}],"neow_cost":"TEN_PERCENT_HP_LOSS","seed_source_timestamp":31978851841337,"circlet_count":0,"master_deck":["Defend_G","Defend_G","Defend_G","Defend_G","Defend_G","Strike_G","Survivor","Neutralize","Dagger Throw","Escape Plan","Terror","Dagger Spray","Malaise+1","Skewer+1","Tools of the Trade","Backflip","Flying Knee+1","Backflip","Sucker Punch","Dodge and Roll+1","A Thousand Cuts","Underhanded Strike+1","Acrobatics"],"relics":["Ring of the Snake","Blood Vial","Tiny Chest","Pocketwatch","Velvet Choker","Lantern","Bag of Preparation","MawBank","Darkstone Periapt"],"potions_floor_usage":[6,18,18,33,33,33],"damage_taken":[{"damage":0,"enemies":"Small Slimes","floor":1,"turns":4},{"damage":0,"enemies":"2 Louse","floor":2,"turns":2},{"damage":0,"enemies":"Cultist","floor":3,"turns":4},{"damage":19,"enemies":"Exordium Thugs","floor":4,"turns":10},{"damage":1,"enemies":"3 Louse","floor":5,"turns":4},{"damage":26,"enemies":"Gremlin Nob","floor":6,"turns":4},{"damage":2,"enemies":"Looter","floor":8,"turns":3},{"damage":1,"enemies":"Exordium Wildlife","floor":14,"turns":3},{"damage":7,"enemies":"Hexaghost","floor":16,"turns":11},{"damage":18,"enemies":"2 Thieves","floor":18,"turns":4},{"damage":0,"enemies":"Chosen","floor":19,"turns":5},{"damage":2,"enemies":"Snecko","floor":21,"turns":5},{"damage":19,"enemies":"Cultist and Chosen","floor":22,"turns":5},{"damage":6,"enemies":"Shelled Parasite and Fungi","floor":24,"turns":5},{"damage":16,"enemies":"Slavers","floor":28,"turns":7},{"damage":12,"enemies":"3 Cultists","floor":29,"turns":5},{"damage":3,"enemies":"Snake Plant","floor":31,"turns":4},{"damage":53,"enemies":"Collector","floor":33,"turns":7}],"seed_played":"6900212524858085158","potions_obtained":[{"floor":5,"key":"PowerPotion"},{"floor":6,"key":"Weak Potion"},{"floor":16,"key":"PowerPotion"},{"floor":22,"key":"Ancient Potion"},{"floor":29,"key":"Energy Potion"},{"floor":31,"key":"Strength Potion"}],"is_trial":false,"path_per_floor":["M","M","M","M","M","E","R","M","T","?","?","?","R","M","R","B",null,"M","M","$","M","M","R","M","?","T","R","E","M","T","M","R","B"],"character_chosen":"THE_SILENT","items_purchased":["Backflip","Lantern","Bag of Preparation"],"campfire_rested":4,"item_purchase_floors":[20,20,20],"current_hp_per_floor":[63,63,63,44,43,17,35,35,35,35,35,28,46,47,47,42,63,45,47,47,47,30,30,26,26,26,44,30,20,20,19,37,0],"gold":398,"neow_bonus":"REMOVE_TWO","is_prod":false,"is_daily":false,"chose_seed":false,"campfire_upgraded":2,"win_rate":0,"timestamp":1549250676,"path_taken":["M","M","M","M","M","E","R","M","T","?","?","?","R","M","R","BOSS","M","M","$","M","M","R","M","?","T","R","E","?","?","M","R","BOSS"],"build_version":"2019-01-23","purchased_purges":1,"victory":false,"max_hp_per_floor":[63,63,63,63,63,63,63,63,63,63,63,63,63,63,63,63,63,63,63,63,63,63,63,63,63,63,63,63,63,63,63,63,63],"card_choices":[{"not_picked":["Deflect","Distraction"],"picked":"Dagger Throw","floor":1},{"not_picked":["Acrobatics","Underhanded Strike"],"picked":"Escape Plan","floor":2},{"not_picked":["Slice","Blade Dance","Deflect"],"picked":"SKIP","floor":3},{"not_picked":["Bane","Catalyst"],"picked":"Terror","floor":4},{"not_picked":["Prepared","Underhanded Strike"],"picked":"Dagger Spray","floor":5},{"not_picked":["Poisoned Stab","Dagger Spray"],"picked":"Malaise","floor":6},{"not_picked":["Flying Knee","Accuracy"],"picked":"Skewer","floor":8},{"not_picked":["Bouncing Flask","Dagger Spray","Underhanded Strike"],"picked":"SKIP","floor":14},{"not_picked":["Bouncing Flask","Dagger Spray","Underhanded Strike"],"picked":"SKIP","floor":14},{"not_picked":["Glass Knife","Adrenaline"],"picked":"Tools of the Trade","floor":16},{"not_picked":["Flying Knee","Cloak And Dagger"],"picked":"Backflip","floor":18},{"not_picked":["Deflect","Slice"],"picked":"Flying Knee+1","floor":19},{"not_picked":["Slice","Acrobatics","Catalyst"],"picked":"SKIP","floor":21},{"not_picked":["Heel Hook","Deadly Poison+1"],"picked":"Sucker Punch","floor":22},{"not_picked":["Dagger Spray","Calculated Gamble"],"picked":"Dodge and Roll+1","floor":24},{"not_picked":["Masterful Stab","Concentrate+1"],"picked":"A Thousand Cuts","floor":28},{"not_picked":["Heel Hook","Poisoned Stab"],"picked":"Underhanded Strike+1","floor":29},{"not_picked":["Bouncing Flask+1","Cloak And Dagger"],"picked":"Acrobatics","floor":31}],"player_experience":725069,"relics_obtained":[{"floor":6,"key":"Blood Vial"},{"floor":9,"key":"Tiny Chest"},{"floor":28,"key":"MawBank"},{"floor":30,"key":"Darkstone Periapt"}],"event_choices":[{"damage_healed":0,"gold_gain":175,"player_choice":"AGREE","damage_taken":0,"max_hp_gain":0,"max_hp_loss":0,"event_name":"Liars Game","floor":10,"gold_loss":0,"cards_obtained":["Doubt"]},{"damage_healed":0,"gold_gain":0,"player_choice":"Searched \u00271\u0027 times","damage_taken":0,"relics_obtained":["Pocketwatch"],"max_hp_gain":0,"max_hp_loss":0,"event_name":"Dead Adventurer","floor":11,"gold_loss":0},{"cards_removed":["Doubt"],"damage_healed":0,"gold_gain":0,"player_choice":"Card Removal","damage_taken":7,"max_hp_gain":0,"max_hp_loss":0,"event_name":"Golden Wing","floor":12,"gold_loss":0},{"cards_removed":["Strike_G"],"damage_healed":0,"gold_gain":0,"player_choice":"Purged","damage_taken":0,"max_hp_gain":0,"max_hp_loss":0,"event_name":"Purifier","floor":25,"gold_loss":0}],"is_beta":false,"boss_relics":[{"not_picked":["Black Star","Tiny House"],"picked":"Velvet Choker"}],"items_purged_floors":[20],"is_endless":false,"potions_floor_spawned":[5,6,16,22,29,31],"killed_by":"Collector","ascension_level":0}