{"gold_per_floor":[219,230,245,245,195,195,195,195,218,249,262,42,77,77,77,179,179,198,123,23,43,57,57,86,11,11,11,11],"floor_reached":28,"playtime":2056,"items_purged":["Strike_B","Defend_B"],"score":244,"play_id":"0e116ede-7474-42e4-a786-24778386048a","local_time":"20190120161233","is_ascension_mode":false,"campfire_choices":[{"data":"Capacitor","floor":6,"key":"SMITH"},{"data":"Consume","floor":8,"key":"SMITH"},{"floor":15,"key":"REST"},{"data":"Fission","floor":23,"key":"SMITH"}],"neow_cost":"NONE","seed_source_timestamp":8200701864651,"circlet_count":0,"master_deck":["Strike_B+1","Defend_B","Zap","Dualcast","Capacitor+1","BootSequence","Consume+1","Meteor Strike","Fission+1","Double Energy","Echo Form","Reinforced Body+1"],"relics":["Cracked Core","Bag of Preparation","Whetstone","Matryoshka","Coffee Dripper","Dodecahedron","Blue Candle","Pen Nib","Cables"],"potions_floor_usage":[10,13,16,16,16,24,24,28],"damage_taken":[{"damage":2,"enemies":"Jaw Worm","floor":1,"turns":5},{"damage":8,"enemies":"2 Louse","floor":2,"turns":3},{"damage":0,"enemies":"Cultist","floor":3,"turns":3},{"damage":18,"enemies":"3 Sentries","floor":10,"turns":4},{"damage":9,"enemies":"Blue Slaver","floor":11,"turns":3},{"damage":24,"enemies":"Gremlin Nob","floor":13,"turns":4},{"damage":15,"enemies":"Slime Boss","floor":16,"turns":7},{"damage":17,"enemies":"3 Byrds","floor":18,"turns":4},{"damage":17,"enemies":"Shell Parasite","floor":21,"turns":5},{"damage":12,"enemies":"3 Cultists","floor":22,"turns":5},{"damage":23,"enemies":"Book of Stabbing","floor":24,"turns":5},{"damage":14,"enemies":"Shelled Parasite and Fungi","floor":28,"turns":2}],"seed_played":"5376200062685800064","potions_obtained":[{"floor":2,"key":"SkillPotion"},{"floor":3,"key":"Explosive Potion"},{"floor":13,"key":"SpeedPotion"},{"floor":14,"key":"Explosive Potion"},{"floor":14,"key":"Explosive Potion"},{"floor":21,"key":"Poison Potion"},{"floor":22,"key":"SkillPotion"},{"floor":24,"key":"Poison Potion"}],"is_trial":false,"path_per_floor":["M","M","M","?","?","R","?","R","T","E","M","$","E","?","R","B",null,"M","$","$","M","M","R","E","?","T","?","M"],"character_chosen":"DEFECT","items_purchased":["Meteor Strike","Fission"],"campfire_rested":1,"item_purchase_floors":[12,12],"current_hp_per_floor":[73,65,65,58,58,58,58,58,58,40,31,31,7,7,29,14,75,58,58,58,41,29,29,6,6,6,6,0],"gold":11,"neow_bonus":"HUNDRED_GOLD","is_prod":false,"is_daily":false,"chose_seed":false,"campfire_upgraded":3,"win_rate":0,"timestamp":1547997153,"path_taken":["M","M","M","?","?","R","?","R","T","E","?","$","E","?","R","BOSS","M","?","$","?","M","R","E","?","T","?","M"],"build_version":"2019-01-17v2","purchased_purges":2,"victory":false,"max_hp_per_floor":[75,75,75,75,75,75,75,75,75,75,75,75,75,75,75,75,75,75,75,75,75,75,75,75,75,75,75,75],"card_choices":[{"not_picked":["Streamline","Hologram"],"picked":"Capacitor","floor":1},{"not_picked":["Cold Snap","Steam"],"picked":"BootSequence","floor":2},{"not_picked":["Go for the Eyes","Ball Lightning"],"picked":"Consume","floor":3},{"not_picked":["Chill","Leap","Defragment"],"picked":"SKIP","floor":10},{"not_picked":["Cold Snap","Compile Driver","Sweeping Beam"],"picked":"SKIP","floor":11},{"not_picked":["Skim","Echo Form"],"picked":"Double Energy","floor":13},{"not_picked":["Buffer","Biased Cognition"],"picked":"Echo Form","floor":16},{"not_picked":["Conserve Battery","Coolheaded","Hologram"],"picked":"SKIP","floor":18},{"not_picked":["Hologram","Auto Shields"],"picked":"Reinforced Body+1","floor":21},{"not_picked":["Cold Snap","Ball Lightning","Storm"],"picked":"SKIP","floor":22},{"not_picked":["Hello World","Undo","Biased Cognition"],"picked":"SKIP","floor":24}],"player_experience":561898,"relics_obtained":[{"floor":9,"key":"Bag of Preparation"},{"floor":10,"key":"Whetstone"},{"floor":13,"key":"Matryoshka"},{"floor":24,"key":"Dodecahedron"},{"floor":26,"key":"Blue Candle"},{"floor":26,"key":"Pen Nib"}],"event_choices":[{"cards_removed":["Strike_B"],"damage_healed":0,"gold_gain":0,"player_choice":"Card Removal","damage_taken":7,"max_hp_gain":0,"max_hp_loss":0,"event_name":"Golden Wing","floor":4,"gold_loss":0},{"cards_removed":["Defend_B"],"damage_healed":0,"gold_gain":0,"player_choice":"Card Removal","damage_taken":0,"max_hp_gain":0,"max_hp_loss":0,"event_name":"The Cleric","floor":5,"gold_loss":50},{"cards_removed":["Defend_B"],"damage_healed":0,"gold_gain":0,"player_choice":"Purged","damage_taken":0,"max_hp_gain":0,"max_hp_loss":0,"event_name":"Purifier","floor":7,"gold_loss":0},{"damage_healed":0,"gold_gain":0,"player_choice":"Got Potions","damage_taken":0,"max_hp_gain":0,"max_hp_loss":0,"event_name":"Lab","floor":14,"gold_loss":0},{"cards_removed":["Strike_B"],"damage_healed":0,"gold_gain":0,"player_choice":"Gave Gold","damage_taken":0,"max_hp_gain":0,"max_hp_loss":0,"event_name":"Beggar","floor":25,"gold_loss":75},{"damage_healed":0,"gold_gain":0,"player_choice":"Opened","damage_taken":0,"relics_obtained":["Cables"],"max_hp_gain":0,"max_hp_loss":0,"event_name":"The Mausoleum","floor":27,"gold_loss":0}],"is_beta":false,"boss_relics":[{"not_picked":["Astrolabe","Snecko Eye"],"picked":"Coffee Dripper"}],"items_purged_floors":[19,20],"is_endless":false,"potions_floor_spawned":[2,3,13,21,22,24],"killed_by":"Shelled Parasite and Fungi","ascension_level":0}