{"gold_per_floor":[111,111,125,50,71,71,111,111,111,134,134,152,176,190,190,316,316,334,357,48,48,48,48,48,48,48,48,63,97,113,148,148,276,276,291,307,320,320,320,320,335,354,654,669,669,719,894,102,102,102,102,102,102,138,138],"floor_reached":55,"playtime":4740,"items_purged":["Normality","Strike_R","Parasite"],"score":684,"play_id":"a81570b1-26a7-40b4-b68f-9b2ac2443d44","local_time":"20190205183828","is_ascension_mode":false,"campfire_choices":[{"data":"Pommel Strike","floor":6,"key":"SMITH"},{"data":"Bash","floor":8,"key":"SMITH"},{"data":"Flame Barrier","floor":11,"key":"SMITH"},{"data":"Pommel Strike","floor":15,"key":"SMITH"},{"data":"Whirlwind","floor":23,"key":"SMITH"},{"data":"Shrug It Off","floor":25,"key":"SMITH"},{"floor":27,"key":"RECALL"},{"floor":32,"key":"REST"},{"data":"Limit Break","floor":40,"key":"SMITH"},{"data":"Flex","floor":45,"key":"SMITH"},{"data":"Thunderclap","floor":49,"key":"SMITH"},{"data":"Spot Weakness","floor":52,"key":"SMITH"}],"neow_cost":"CURSE","seed_source_timestamp":4197078365697,"circlet_count":0,"master_deck":["Strike_R","Strike_R","Strike_R","Defend_R","Defend_R","Defend_R","Defend_R","Bash+1","Twin Strike","Pommel Strike+1","Flame Barrier+1","Pommel Strike+1","Ghostly Armor","Feed","Shrug It Off+1","Whirlwind+1","Spot Weakness+1","Thunderclap+1","Limit Break+1","Flex+1","Shrug It Off","Bandage Up","Trip","Sadistic Nature+1","Evolve+1","Seeing Red","Disarm+1"],"relics":["Burning Blood","Ginger","Golden Idol","Ice Cream","Mark of Pain","Chemical X","Frozen Egg 2","Bottled Flame","Juzu Bracelet","Black Star","SsserpentHead","Old Coin","Unceasing Top","Vajra","Lee\u0027s Waffle","Kunai","Oddly Smooth Stone","Bag of Marbles"],"potions_floor_usage":[16,16,16,19,28,33,50,50,50],"damage_taken":[{"damage":6,"enemies":"Jaw Worm","floor":1,"turns":3},{"damage":0,"enemies":"2 Louse","floor":3,"turns":3},{"damage":0,"enemies":"Small Slimes","floor":5,"turns":2},{"damage":32,"enemies":"Gremlin Nob","floor":7,"turns":4},{"damage":0,"enemies":"3 Louse","floor":10,"turns":3},{"damage":5,"enemies":"Gremlin Gang","floor":12,"turns":5},{"damage":0,"enemies":"Large Slime","floor":13,"turns":4},{"damage":2,"enemies":"Blue Slaver","floor":14,"turns":4},{"damage":42,"enemies":"Hexaghost","floor":16,"turns":9},{"damage":0,"enemies":"Chosen","floor":18,"turns":5},{"damage":0,"enemies":"2 Thieves","floor":19,"turns":3},{"damage":12,"enemies":"Centurion and Healer","floor":28,"turns":4},{"damage":22,"enemies":"Gremlin Leader","floor":29,"turns":4},{"damage":19,"enemies":"Shelled Parasite and Fungi","floor":30,"turns":3},{"damage":21,"enemies":"Book of Stabbing","floor":31,"turns":5},{"damage":43,"enemies":"Collector","floor":33,"turns":8},{"damage":0,"enemies":"3 Shapes","floor":35,"turns":1},{"damage":7,"enemies":"3 Darklings","floor":36,"turns":2},{"damage":15,"enemies":"Writhing Mass","floor":37,"turns":6},{"damage":8,"enemies":"Spire Growth","floor":41,"turns":4},{"damage":0,"enemies":"Sphere and 2 Shapes","floor":42,"turns":3},{"damage":20,"enemies":"4 Shapes","floor":44,"turns":2},{"damage":0,"enemies":"Mind Bloom Boss Battle","floor":47,"turns":6},{"damage":38,"enemies":"Time Eater","floor":50,"turns":6},{"damage":59,"enemies":"Shield and Spear","floor":54,"turns":5},{"damage":62,"enemies":"The Heart","floor":55,"turns":2}],"seed_played":"-9203048418659352297","potions_obtained":[{"floor":3,"key":"Dexterity Potion"},{"floor":12,"key":"LiquidBronze"},{"floor":13,"key":"Strength Potion"},{"floor":14,"key":"Energy Potion"},{"floor":18,"key":"AttackPotion"},{"floor":19,"key":"Dexterity Potion"},{"floor":31,"key":"EssenceOfSteel"},{"floor":33,"key":"PowerPotion"},{"floor":36,"key":"SpeedPotion"},{"floor":41,"key":"FearPotion"},{"floor":44,"key":"SkillPotion"}],"is_trial":false,"path_per_floor":["M","?","M","$","M","R","E","R","T","M","R","M","M","M","R","B",null,"M","M","$","?","?","R","?","R","T","R","M","E","M","E","R","B",null,"M","M","M","?","?","R","M","M","T","M","R","?","?","$","R","B",null,"R","$","E","B"],"character_chosen":"IRONCLAD","items_purchased":["Chemical X","Vajra","Lee\u0027s Waffle","Kunai","Seeing Red"],"campfire_rested":1,"item_purchase_floors":[20,48,48,48,48],"current_hp_per_floor":[80,60,66,66,72,72,46,46,46,52,52,53,59,63,63,27,80,80,80,80,80,80,80,80,80,80,80,74,61,48,33,57,20,83,83,82,73,63,63,63,68,78,78,64,64,64,77,93,93,61,93,93,93,44,0],"gold":138,"neow_bonus":"ONE_RARE_RELIC","is_prod":false,"is_daily":false,"chose_seed":false,"campfire_upgraded":10,"win_rate":0,"timestamp":1549388308,"path_taken":["M","?","M","$","M","R","E","R","T","M","R","M","M","M","R","BOSS","M","M","$","?","?","R","?","R","T","R","?","E","M","E","R","BOSS","M","M","M","?","?","R","M","M","T","M","R","?","?","$","R","BOSS","R","$","E","BOSS"],"build_version":"2019-01-23","purchased_purges":3,"victory":false,"max_hp_per_floor":[80,80,80,80,80,80,80,80,80,80,80,80,80,80,80,80,80,80,80,80,80,80,80,80,80,80,80,80,83,83,83,83,83,83,83,83,83,83,83,83,86,86,86,86,86,86,89,93,93,93,93,93,93,93,93],"card_choices":[{"not_picked":["Power Through","Clash"],"picked":"Twin Strike","floor":1},{"not_picked":["Flex","Cleave"],"picked":"Pommel Strike","floor":3},{"not_picked":["Flex","Carnage","Metallicize"],"picked":"SKIP","floor":5},{"not_picked":["Entrench","Wild Strike","Perfected Strike"],"picked":"SKIP","floor":7},{"not_picked":["Dropkick","Perfected Strike"],"picked":"Flame Barrier","floor":10},{"not_picked":["Clothesline","Second Wind"],"picked":"Pommel Strike","floor":12},{"not_picked":["Dark Embrace","Infernal Blade"],"picked":"Ghostly Armor","floor":13},{"not_picked":["Hemokinesis","Corruption","Intimidate"],"picked":"SKIP","floor":14},{"not_picked":["Exhume","Brutality"],"picked":"Feed","floor":16},{"not_picked":["Infernal Blade","True Grit"],"picked":"Shrug It Off","floor":18},{"not_picked":["Sever Soul","Feel No Pain"],"picked":"Whirlwind","floor":19},{"not_picked":["Anger+1","Clothesline","Hemokinesis+1"],"picked":"SKIP","floor":28},{"not_picked":["Combust+1","Body Slam"],"picked":"Spot Weakness","floor":29},{"not_picked":["Wild Strike+1","Shrug It Off"],"picked":"Thunderclap","floor":30},{"not_picked":["Armaments","Dropkick","Dark Embrace+1"],"picked":"SKIP","floor":31},{"not_picked":["Bludgeon","Fiend Fire"],"picked":"Limit Break","floor":33},{"not_picked":["Second Wind+1","Heavy Blade","Perfected Strike"],"picked":"SKIP","floor":35},{"not_picked":["Shrug It Off","Headbutt+1"],"picked":"Flex","floor":36},{"not_picked":["Searing Blow+1","Sever Soul+1"],"picked":"Shrug It Off","floor":37},{"not_picked":["Flash of Steel","Finesse"],"picked":"Bandage Up","floor":38},{"not_picked":["PanicButton","Dark Shackles"],"picked":"Trip","floor":38},{"not_picked":["Mind Blast","Bandage Up"],"picked":"Sadistic Nature+1","floor":38},{"not_picked":["Havoc+1","Corruption+1"],"picked":"Evolve+1","floor":41},{"not_picked":["Dropkick","Flex","Armaments+1"],"picked":"SKIP","floor":42},{"not_picked":["Warcry","Spot Weakness","Armaments+1"],"picked":"SKIP","floor":44},{"not_picked":["Dark Embrace+1","Searing Blow+1"],"picked":"Disarm+1","floor":54}],"player_experience":763183,"relics_obtained":[{"floor":7,"key":"Ice Cream"},{"floor":26,"key":"Frozen Egg 2"},{"floor":29,"key":"Bottled Flame"},{"floor":31,"key":"Juzu Bracelet"},{"floor":43,"key":"Old Coin"},{"floor":47,"key":"Unceasing Top"},{"floor":54,"key":"Oddly Smooth Stone"},{"floor":54,"key":"Bag of Marbles"}],"event_choices":[{"damage_healed":0,"gold_gain":0,"player_choice":"Take Damage","damage_taken":20,"relics_obtained":["Golden Idol"],"max_hp_gain":0,"max_hp_loss":0,"event_name":"Golden Idol","floor":2,"gold_loss":0},{"damage_healed":0,"gold_gain":0,"player_choice":"Ignored","damage_taken":0,"max_hp_gain":0,"max_hp_loss":0,"event_name":"Beggar","floor":21,"gold_loss":0},{"damage_healed":0,"gold_gain":0,"player_choice":"Ignored","damage_taken":0,"max_hp_gain":0,"max_hp_loss":0,"event_name":"Vampires","floor":22,"gold_loss":0},{"cards_removed":["Strike_R"],"damage_healed":0,"gold_gain":0,"player_choice":"Offered Basic","damage_taken":0,"max_hp_gain":0,"max_hp_loss":0,"event_name":"Bonfire Elementals","floor":24,"gold_loss":0},{"damage_healed":0,"gold_gain":0,"player_choice":"Memory 3","damage_taken":10,"max_hp_gain":0,"max_hp_loss":0,"event_name":"SensoryStone","floor":38,"gold_loss":0},{"damage_healed":0,"gold_gain":0,"player_choice":"Trade","damage_taken":0,"relics_obtained":["SsserpentHead"],"max_hp_gain":0,"max_hp_loss":0,"event_name":"FaceTrader","floor":39,"gold_loss":0},{"damage_healed":0,"gold_gain":0,"player_choice":"Ignored","damage_taken":0,"max_hp_gain":0,"max_hp_loss":0,"event_name":"Mysterious Sphere","floor":46,"gold_loss":0},{"damage_healed":0,"gold_gain":0,"player_choice":"Fight","damage_taken":0,"max_hp_gain":0,"max_hp_loss":0,"event_name":"MindBloom","floor":47,"gold_loss":0}],"is_beta":false,"boss_relics":[{"not_picked":["Snecko Eye","Runic Pyramid"],"picked":"Mark of Pain"},{"not_picked":["Calling Bell","Fusion Hammer"],"picked":"Black Star"}],"items_purged_floors":[4,20,48],"is_endless":false,"potions_floor_spawned":[3,12,13,14,18,19,31,33,36,41,44],"killed_by":"The Heart","ascension_level":0}