{"gold_per_floor":[19,19,65,14,45,90,102,134,146,158,186,216,266,303,315,453,465,502,17,30,55,69,69],"floor_reached":23,"playtime":1522,"items_purged":["Strike_B"],"score":318,"play_id":"d383681e-24a8-4bf5-bdeb-5be765ac7c3a","local_time":"20190907222259","is_ascension_mode":true,"campfire_choices":[{"floor":7.0,"key":"REST"},{"data":"Zap","floor":10.0,"key":"SMITH"},{"floor":15.0,"key":"REST"}],"neow_cost":"NO_GOLD","seed_source_timestamp":1869641855788300,"circlet_count":0,"master_deck":["AscendersBane","Strike_B","Strike_B","Defend_B","Defend_B","Defend_B","Zap+1","Dualcast","Self Repair","Cold Snap","Hyperbeam","Redo","Genetic Algorithm","Go for the Eyes","Self Repair","Conserve Battery","Buffer","Leap+1","Beam Cell","White Noise","Beam Cell","Self Repair","Go for the Eyes","Sweeping Beam+1"],"special_seed":0,"relics":["Cracked Core","Golden Idol","MawBank","Lantern","Kunai","Mango","Sundial","Runic Pyramid","Prayer Wheel"],"potions_floor_usage":[22],"damage_taken":[{"damage":7.0,"enemies":"Small Slimes","floor":1.0,"turns":3.0},{"damage":8.0,"enemies":"Jaw Worm","floor":5.0,"turns":4.0},{"damage":40.0,"enemies":"3 Sentries","floor":6.0,"turns":11.0},{"damage":0.0,"enemies":"2 Louse","floor":8.0,"turns":1.0},{"damage":0.0,"enemies":"Lots of Slimes","floor":11.0,"turns":1.0},{"damage":0.0,"enemies":"Large Slime","floor":12.0,"turns":4.0},{"damage":38.0,"enemies":"Gremlin Nob","floor":13.0,"turns":4.0},{"damage":10.0,"enemies":"3 Louse","floor":14.0,"turns":2.0},{"damage":34.0,"enemies":"The Guardian","floor":16.0,"turns":17.0},{"damage":45.0,"enemies":"3 Byrds","floor":18.0,"turns":6.0},{"damage":6.0,"enemies":"Chosen","floor":20.0,"turns":7.0},{"damage":45.0,"enemies":"Centurion and Healer","floor":21.0,"turns":12.0},{"damage":14,"enemies":"Snake Plant","floor":22,"turns":4},{"damage":26,"enemies":"Book of Stabbing","floor":23,"turns":5}],"seed_played":"-691648720408072524","potions_obtained":[{"floor":6.0,"key":"SteroidPotion"},{"floor":8.0,"key":"Poison Potion"},{"floor":12.0,"key":"Swift Potion"},{"floor":16.0,"key":"Fire Potion"},{"floor":22,"key":"Ancient Potion"}],"is_trial":false,"path_per_floor":["M","?","T","?","M","E","R","M","T","R","M","M","E","M","R","B",null,"M","$","M","M","M","E"],"character_chosen":"DEFECT","items_purchased":["Beam Cell","White Noise","Prayer Wheel"],"campfire_rested":2,"item_purchase_floors":[19,19,19],"current_hp_per_floor":[61,43,43,43,42,9,31,31,45,45,45,52,21,18,44,24,73,42,42,50,26,26,0],"gold":69,"neow_bonus":"REMOVE_TWO","is_prod":false,"is_daily":false,"chose_seed":false,"campfire_upgraded":1,"win_rate":0,"timestamp":1567920179,"path_taken":["M","?","?","?","M","E","R","?","T","R","M","M","E","M","R","BOSS","M","$","M","M","M","E"],"build_version":"2019-07-17","purchased_purges":1,"victory":false,"max_hp_per_floor":[75,75,75,75,75,75,75,75,89,89,89,89,89,89,89,89,89,89,89,89,89,89,89],"card_choices":[{"not_picked":["Leap","Cold Snap"],"picked":"Self Repair","floor":1.0},{"not_picked":["Hologram","Force Field"],"picked":"Cold Snap","floor":5.0},{"not_picked":["Heatsinks","Streamline"],"picked":"Hyperbeam","floor":6.0},{"not_picked":["Rebound","Sweeping Beam"],"picked":"Redo","floor":8.0},{"not_picked":["Rebound","Leap"],"picked":"Genetic Algorithm","floor":11.0},{"not_picked":["Capacitor","Turbo"],"picked":"Go for the Eyes","floor":12.0},{"not_picked":["Thunder Strike","Lockon"],"picked":"Self Repair","floor":13.0},{"not_picked":["Leap","Compile Driver"],"picked":"Conserve Battery","floor":14.0},{"not_picked":["Amplify","Hyperbeam"],"picked":"Buffer","floor":16.0},{"not_picked":["Doom and Gloom","Sweeping Beam"],"picked":"Leap+1","floor":18.0},{"not_picked":["Reinforced Body+1","Steam"],"picked":"Beam Cell","floor":20.0},{"not_picked":["Reinforced Body+1","Turbo"],"picked":"Self Repair","floor":20.0},{"not_picked":["Tempest","Barrage"],"picked":"Go for the Eyes","floor":21.0},{"not_picked":["Coolheaded","Double Energy","Barrage+1"],"picked":"SKIP","floor":21.0},{"not_picked":["Machine Learning","Consume"],"picked":"Sweeping Beam+1","floor":22},{"not_picked":["Barrage","Streamline+1","Steam Power"],"picked":"SKIP","floor":22}],"player_experience":296597,"relics_obtained":[{"floor":3.0,"key":"MawBank"},{"floor":6.0,"key":"Kunai"},{"floor":9.0,"key":"Mango"},{"floor":13.0,"key":"Sundial"}],"event_choices":[{"damage_healed":0.0,"max_hp_gain":0.0,"max_hp_loss":0.0,"gold_gain":0.0,"event_name":"Golden Idol","player_choice":"Take Damage","floor":2.0,"gold_loss":0.0,"damage_taken":18.0,"relics_obtained":["Golden Idol"]},{"damage_healed":0.0,"max_hp_gain":0.0,"max_hp_loss":0.0,"gold_gain":0.0,"event_name":"WeMeetAgain","player_choice":"Paid Gold","floor":4.0,"gold_loss":63.0,"damage_taken":0.0,"relics_obtained":["Lantern"]}],"is_beta":false,"boss_relics":[{"not_picked":["FrozenCore","Velvet Choker"],"picked":"Runic Pyramid"}],"items_purged_floors":[19],"is_endless":false,"potions_floor_spawned":[6,8,12,16,22],"killed_by":"Book of Stabbing","ascension_level":11}