{"gold_per_floor":[110,125,50,50,50,79,95,95,121,101,1,18,31,64,64,64],"floor_reached":16,"playtime":847,"items_purged":["Strike_R","Strike_R"],"score":142,"play_id":"01ab66b9-c9af-4cab-a73c-9bd7335bc77f","local_time":"20190907164314","is_ascension_mode":true,"campfire_choices":[{"data":"Uppercut","floor":8,"key":"SMITH"},{"data":"Feed","floor":15,"key":"SMITH"}],"neow_cost":"NONE","seed_source_timestamp":12706941936053,"circlet_count":0,"master_deck":["Strike_R","Strike_R","Strike_R","Defend_R","Defend_R","Defend_R","Defend_R+1","Bash","Flame Barrier+1","Uppercut+1","Cleave","Feed+1"],"relics":["Burning Blood","NeowsBlessing","Potion Belt","Pocketwatch","War Paint"],"potions_floor_usage":[13,14,14,16,16],"damage_taken":[{"damage":0,"enemies":"Small Slimes","floor":1,"turns":1},{"damage":0,"enemies":"Jaw Worm","floor":2,"turns":1},{"damage":0,"enemies":"3 Sentries","floor":6,"turns":1},{"damage":0,"enemies":"2 Louse","floor":7,"turns":3},{"damage":5,"enemies":"Red Slaver","floor":12,"turns":3},{"damage":9,"enemies":"Exordium Thugs","floor":13,"turns":4},{"damage":10,"enemies":"Gremlin Nob","floor":14,"turns":3},{"damage":76,"enemies":"Hexaghost","floor":16,"turns":14}],"seed_played":"-7228576071105341441","potions_obtained":[{"floor":1,"key":"Swift Potion"},{"floor":2,"key":"Swift Potion"},{"floor":7,"key":"Strength Potion"},{"floor":10,"key":"GamblersBrew"},{"floor":13,"key":"Energy Potion"}],"is_trial":false,"path_per_floor":["M","M","$","?","?","E","M","R","T","?","$","M","M","E","R","B"],"character_chosen":"IRONCLAD","items_purchased":[],"campfire_rested":0,"item_purchase_floors":[],"current_hp_per_floor":[80,80,80,80,80,80,80,80,80,80,80,80,77,73,73,0],"gold":64,"neow_bonus":"THREE_ENEMY_KILL","is_prod":false,"is_daily":false,"chose_seed":false,"campfire_upgraded":2,"win_rate":0,"timestamp":1567867394,"path_taken":["M","M","$","?","?","E","M","R","T","?","$","M","M","E","R","BOSS"],"build_version":"2019-07-17","purchased_purges":2,"victory":false,"max_hp_per_floor":[80,80,80,80,80,80,80,80,80,80,80,80,80,80,80,80],"card_choices":[{"not_picked":["Flex","Armaments","Sword Boomerang"],"picked":"SKIP","floor":1},{"not_picked":["Inflame","Hemokinesis"],"picked":"Flame Barrier","floor":2},{"not_picked":["Sword Boomerang","Hemokinesis"],"picked":"Uppercut","floor":6},{"not_picked":["Havoc","Reckless Charge","True Grit"],"picked":"SKIP","floor":7},{"not_picked":["Anger","Uppercut","Hemokinesis"],"picked":"SKIP","floor":12},{"not_picked":["Clothesline","Sever Soul"],"picked":"Cleave","floor":13},{"not_picked":["Rampage","Anger"],"picked":"Feed","floor":14}],"player_experience":838032,"relics_obtained":[{"floor":6,"key":"Pocketwatch"},{"floor":14,"key":"War Paint"}],"event_choices":[{"damage_healed":0,"gold_gain":0,"player_choice":"Box","damage_taken":0,"relics_obtained":["Potion Belt"],"max_hp_gain":0,"max_hp_loss":0,"event_name":"Big Fish","floor":4,"gold_loss":0,"cards_obtained":["Regret"]},{"cards_removed":["Regret"],"damage_healed":0,"gold_gain":0,"player_choice":"Forget","damage_taken":0,"max_hp_gain":0,"max_hp_loss":0,"event_name":"Living Wall","floor":5,"gold_loss":0},{"damage_healed":0,"gold_gain":0,"player_choice":"Bought 1 Potion","damage_taken":0,"max_hp_gain":0,"max_hp_loss":0,"event_name":"The Woman in Blue","floor":10,"gold_loss":0}],"is_beta":false,"boss_relics":[],"items_purged_floors":[3,11],"is_endless":false,"potions_floor_spawned":[1,2,7,13],"killed_by":"Hexaghost","ascension_level":1}