{"gold_per_floor":[18,18,29,29,29,29,47,90,90,111,111,125,144,163,163,292,292,311,311,311,20,36,36,36,36,36,77,77,102,102,126,126,126],"floor_reached":33,"playtime":2371,"items_purged":[],"score":332,"play_id":"4f63c270-26c8-4709-90d4-41deedb9e440","local_time":"20190831220834","is_ascension_mode":true,"campfire_choices":[{"floor":6,"key":"REST"},{"floor":11,"key":"REST"},{"floor":15,"key":"REST"},{"floor":23,"key":"RECALL"},{"data":"Biased Cognition","floor":30,"key":"SMITH"},{"data":"Defragment","floor":32,"key":"SMITH"}],"neow_cost":"NO_GOLD","seed_source_timestamp":21562404982000,"circlet_count":0,"master_deck":["Strike_B","Strike_B","Strike_B","Defend_B","Defend_B","Defend_B","Defend_B","Zap","Dualcast","Barrage","Blizzard","Go for the Eyes","Chill","Barrage","Hologram","Lockon","Scrape","Biased Cognition+1","Go for the Eyes","Ghostly","Ghostly","Ghostly","Ghostly","Ghostly","Defragment+1","Double Energy","Hologram","Defragment"],"relics":["Cracked Core","Golden Idol","Potion Belt","Coffee Dripper","Dead Branch","Dream Catcher","Incense Burner"],"potions_floor_usage":[16,16,16,16,16,16,16,16,31,31,31,33,33],"damage_taken":[{"damage":8,"enemies":"Small Slimes","floor":1,"turns":4},{"damage":3,"enemies":"2 Louse","floor":3,"turns":2},{"damage":2,"enemies":"Jaw Worm","floor":7,"turns":5},{"damage":54,"enemies":"Gremlin Nob","floor":8,"turns":5},{"damage":15,"enemies":"Large Slime","floor":10,"turns":7},{"damage":8,"enemies":"Looter","floor":12,"turns":3},{"damage":15,"enemies":"3 Louse","floor":13,"turns":4},{"damage":9,"enemies":"Red Slaver","floor":14,"turns":5},{"damage":27,"enemies":"Hexaghost","floor":16,"turns":11},{"damage":2,"enemies":"Chosen","floor":18,"turns":4},{"damage":0,"enemies":"Shell Parasite","floor":22,"turns":5},{"damage":34,"enemies":"Gremlin Leader","floor":27,"turns":7},{"damage":3,"enemies":"Snecko","floor":29,"turns":6},{"damage":6,"enemies":"Shelled Parasite and Fungi","floor":31,"turns":8},{"damage":7,"enemies":"Collector","floor":33,"turns":7}],"seed_played":"-508774193116887068","potions_obtained":[{"floor":3,"key":"Energy Potion"},{"floor":7,"key":"Swift Potion"},{"floor":8,"key":"GamblersBrew"},{"floor":12,"key":"EntropicBrew"},{"floor":18,"key":"Weak Potion"},{"floor":25,"key":"SneckoOil"},{"floor":25,"key":"FairyPotion"},{"floor":25,"key":"FocusPotion"},{"floor":27,"key":"FearPotion"},{"floor":31,"key":"Energy Potion"}],"is_trial":false,"path_per_floor":["M","?","M","?","$","R","M","E","T","M","R","M","M","M","R","B",null,"M","?","?","$","M","R","?","?","T","E","$","M","R","M","R","B"],"character_chosen":"DEFECT","items_purchased":["Dead Branch"],"campfire_rested":3,"item_purchase_floors":[21],"current_hp_per_floor":[81,81,78,56,56,82,80,26,26,11,37,29,14,5,31,4,89,87,87,44,44,44,44,44,44,44,10,10,7,7,1,1,0],"gold":126,"neow_bonus":"TWENTY_PERCENT_HP_BONUS","is_prod":false,"is_daily":false,"chose_seed":false,"campfire_upgraded":2,"win_rate":0,"timestamp":1567307314,"path_taken":["M","?","M","?","$","R","M","E","T","M","R","M","M","M","R","BOSS","M","?","?","$","M","R","?","?","T","E","$","M","R","?","R","BOSS"],"build_version":"2019-07-17","purchased_purges":0,"victory":false,"max_hp_per_floor":[89,89,89,89,89,89,89,89,89,89,89,89,89,89,89,89,89,89,89,44,44,44,44,44,44,44,44,44,44,44,44,44,44],"card_choices":[{"not_picked":["Go for the Eyes","Turbo"],"picked":"Barrage","floor":1},{"not_picked":["Leap","Conserve Battery"],"picked":"Blizzard","floor":3},{"not_picked":["Sweeping Beam","Turbo"],"picked":"Go for the Eyes","floor":7},{"not_picked":["Seek","Reprogram"],"picked":"Chill","floor":8},{"not_picked":["Steam","Doom and Gloom"],"picked":"Barrage","floor":10},{"not_picked":["Beam Cell","Consume"],"picked":"Hologram","floor":12},{"not_picked":["Doom and Gloom","Steam"],"picked":"Lockon","floor":13},{"not_picked":["Recycle","Tempest"],"picked":"Scrape","floor":14},{"not_picked":["Hyperbeam","Fission"],"picked":"Biased Cognition","floor":16},{"not_picked":["Coolheaded","Aggregate"],"picked":"Go for the Eyes","floor":18},{"not_picked":["Darkness","Fusion"],"picked":"Defragment","floor":22},{"not_picked":["Tempest","Turbo"],"picked":"Double Energy","floor":27},{"not_picked":["Coolheaded","Conserve Battery"],"picked":"Hologram","floor":29},{"not_picked":["Static Discharge+1","Capacitor"],"picked":"Defragment","floor":31}],"player_experience":273611,"relics_obtained":[{"floor":8,"key":"Potion Belt"},{"floor":26,"key":"Dream Catcher"},{"floor":27,"key":"Incense Burner"}],"event_choices":[{"cards_removed":["Strike_B"],"damage_healed":0,"gold_gain":0,"player_choice":"Forget","damage_taken":0,"max_hp_gain":0,"max_hp_loss":0,"event_name":"Living Wall","floor":2,"gold_loss":0},{"damage_healed":0,"gold_gain":0,"player_choice":"Take Damage","damage_taken":22,"relics_obtained":["Golden Idol"],"max_hp_gain":0,"max_hp_loss":0,"event_name":"Golden Idol","floor":4,"gold_loss":0},{"damage_healed":0,"gold_gain":0,"player_choice":"Ignored","damage_taken":0,"max_hp_gain":0,"max_hp_loss":0,"event_name":"The Mausoleum","floor":19,"gold_loss":0},{"damage_healed":0,"gold_gain":0,"player_choice":"Became a Ghost","damage_taken":0,"max_hp_gain":0,"max_hp_loss":45,"event_name":"Ghosts","floor":20,"gold_loss":0,"cards_obtained":["Ghostly","Ghostly","Ghostly","Ghostly","Ghostly"]},{"damage_healed":0,"gold_gain":0,"player_choice":"Ignored","damage_taken":0,"max_hp_gain":0,"max_hp_loss":0,"event_name":"Cursed Tome","floor":24,"gold_loss":0},{"damage_healed":0,"gold_gain":0,"player_choice":"Got Potions","damage_taken":0,"max_hp_gain":0,"max_hp_loss":0,"event_name":"Lab","floor":25,"gold_loss":0}],"is_beta":false,"boss_relics":[{"not_picked":["FrozenCore","Empty Cage"],"picked":"Coffee Dripper"}],"items_purged_floors":[],"is_endless":false,"potions_floor_spawned":[3,7,8,12,18,27,31],"killed_by":"Collector","ascension_level":3}