{"path_per_floor":["M","?","$","?","M","R","E","M","T","R","$","?","M","M","R","B",null,"M","?","M","$","?","R","M","R","T","M","?","M","$"],"character_chosen":"IRONCLAD","items_purchased":["Burning Pact","Entrench","Double Tap"],"gold_per_floor":[114,114,0,0,19,19,45,64,64,64,27,27,41,55,55,152,152,169,169,187,29,29,29,46,46,128,147,147,167,67,67],"floor_reached":31,"campfire_rested":1,"playtime":1715,"current_hp_per_floor":[80,80,80,73,78,78,52,55,55,55,55,55,56,51,51,21,80,69,69,45,45,45,45,17,41,41,31,31,11,11,0],"items_purged":["Strike_R","Defend_R"],"gold":67,"score":259,"play_id":"8f20dd1b-3a61-4358-85f8-fefd0bdc6eac","local_time":"20180405113247","is_prod":false,"is_daily":false,"is_ascension_mode":true,"campfire_upgraded":4,"timestamp":1522920767,"path_taken":["M","?","$","?","?","R","E","M","T","R","$","?","M","M","R","BOSS","M","?","M","$","?","R","M","R","T","M","?","M","$","M"],"build_version":"2018-03-29v2","purchased_purges":2,"victory":false,"master_deck":["Strike_R","Strike_R","Strike_R","Defend_R","Bash+1","Burning Pact","Sentinel+1","Entrench+1","Whirlwind+1","Brutality","Rupture+1","Double Tap","Rampage+1","Sentinel+1"],"max_hp_per_floor":[80,80,80,80,80,80,80,80,80,80,80,80,80,80,80,80,80,80,80,80,80,80,80,80,80,80,80,80,80,80,80],"relics":["Burning Blood","Bronze Scales","Mark of Pain","Darkstone Periapt","Nloth\u0027s Gift"],"card_choices":[{"not_picked":["Exhume","Disarm"],"picked":"Sentinel","floor":7},{"not_picked":["Bloodletting","Power Through"],"picked":"Whirlwind","floor":13},{"not_picked":["Feed","Dark Embrace"],"picked":"Brutality","floor":16},{"not_picked":["Clothesline","Perfected Strike"],"picked":"Rupture","floor":20},{"not_picked":["True Grit","Ghostly Armor"],"picked":"Rampage","floor":27},{"not_picked":["Pommel Strike","Shockwave"],"picked":"Sentinel","floor":29}],"player_experience":303863,"potions_floor_usage":[14,16,31],"damage_taken":[{"damage":3,"enemies":"2 Louse","floor":1,"turns":2},{"damage":1,"enemies":"Cultist","floor":5,"turns":3},{"damage":32,"enemies":"Gremlin Nob","floor":7,"turns":4},{"damage":3,"enemies":"Jaw Worm","floor":8,"turns":4},{"damage":5,"enemies":"2 Fungi Beasts","floor":13,"turns":3},{"damage":11,"enemies":"Exordium Thugs","floor":14,"turns":2},{"damage":36,"enemies":"Slime Boss","floor":16,"turns":8},{"damage":17,"enemies":"Shell Parasite","floor":18,"turns":3},{"damage":30,"enemies":"Spheric Guardian","floor":20,"turns":7},{"damage":34,"enemies":"Slaver and Parasite","floor":24,"turns":5},{"damage":16,"enemies":"Snecko","floor":27,"turns":4},{"damage":26,"enemies":"Snake Plant","floor":29,"turns":3},{"damage":14,"enemies":"Slaver and Parasite","floor":31,"turns":1}],"event_choices":[{"event_name":"The Woman in Blue","player_choice":"Bought 0 Potions","floor":2,"damage_taken":0},{"event_name":"Golden Wing","player_choice":"Card Removal","floor":4,"damage_taken":0},{"event_name":"Purifier","player_choice":"One Purge","floor":12,"damage_taken":0},{"event_name":"Accursed Blacksmith","player_choice":"Forge","floor":19,"damage_taken":0},{"event_name":"Beggar","player_choice":"Ignored","floor":22,"damage_taken":0},{"event_name":"N\u0027loth","player_choice":"Traded a Gambling Chip","floor":28,"damage_taken":0}],"boss_relics":[{"not_picked":["White Beast Statue","Sozu"],"picked":"Mark of Pain"}],"potions_floor_spawned":[7,14,27,29],"seed_played":"-538590755894022252","killed_by":"Slaver and Parasite","ascension_level":2,"is_trial":false}