{"gold_per_floor":[368,380,380,14,26,26,101,101,158,188,188,188,39,64,64,183,183,206,306,306,331,331,331,350,375,421,421,442,442,442],"floor_reached":30,"playtime":1305,"items_purged":["Regret","Defend_B"],"score":249,"play_id":"86029c02-5fe0-4bc5-95c7-f3ceb6e0ae10","local_time":"20180823171833","is_ascension_mode":false,"campfire_choices":[{"data":"Zap","floor":6,"key":"SMITH"},{"data":"Dualcast","floor":8,"key":"SMITH"},{"data":"Scrape","floor":12,"key":"SMITH"},{"data":"Beam Cell","floor":15,"key":"SMITH"},{"data":"Scrape","floor":23,"key":"SMITH"},{"data":"Self Repair","floor":29,"key":"SMITH"}],"neow_cost":"TEN_PERCENT_HP_LOSS","seed_source_timestamp":17646748787391,"circlet_count":0,"master_deck":["Defend_B","Defend_B","Defend_B","Zap+1","Dualcast+1","Scrape+1","FTL","Go for the Eyes","Beam Cell","Beam Cell+1","Gash","Reboot","Scrape+1","Static Discharge","Bite","Bite","Bite","Bite","Bite","Self Repair+1"],"relics":["Cracked Core","Happy Flower","Shuriken","Tiny Chest","Art of War","Golden Idol","Vajra","Philosopher\u0027s Stone","Juzu Bracelet","Omamori"],"potions_floor_usage":[10,18,30],"damage_taken":[{"damage":2,"enemies":"Small Slimes","floor":1,"turns":3},{"damage":3,"enemies":"Jaw Worm","floor":2,"turns":3},{"damage":0,"enemies":"2 Louse","floor":5,"turns":2},{"damage":8,"enemies":"3 Sentries","floor":10,"turns":4},{"damage":25,"enemies":"Hexaghost","floor":16,"turns":5},{"damage":0,"enemies":"2 Thieves","floor":18,"turns":1},{"damage":10,"enemies":"3 Byrds","floor":24,"turns":2},{"damage":7,"enemies":"Snecko","floor":25,"turns":3},{"damage":0,"enemies":"3 Cultists","floor":28,"turns":3},{"damage":48,"enemies":"Slavers","floor":30,"turns":3}],"seed_played":"6896841616841083128","potions_obtained":[{"floor":5,"key":"SteroidPotion"},{"floor":16,"key":"AttackPotion"},{"floor":28,"key":"SteroidPotion"}],"is_trial":false,"path_per_floor":["M","M","?","$","M","R","?","R","T","E","?","R","$","T","R","B",null,"M","?","?","T","?","R","M","M","T","?","M","R"],"character_chosen":"DEFECT","items_purchased":["Shuriken","Go for the Eyes","Gash"],"campfire_rested":0,"item_purchase_floors":[4,4,13],"current_hp_per_floor":[66,63,63,63,63,63,52,52,52,44,44,44,44,44,44,19,63,63,63,63,63,63,63,53,46,46,44,44,44,0],"gold":442,"neow_bonus":"TWO_FIFTY_GOLD","is_prod":false,"is_daily":false,"chose_seed":false,"campfire_upgraded":6,"win_rate":0,"timestamp":1535037513,"path_taken":["M","M","?","$","M","R","?","R","T","E","?","R","$","?","R","BOSS","M","?","?","?","?","R","M","M","T","?","M","R","E"],"build_version":"2018-08-16","purchased_purges":2,"victory":false,"max_hp_per_floor":[68,68,68,68,68,68,68,68,68,68,63,63,63,63,63,63,63,63,63,63,63,63,63,63,63,63,44,44,44,44],"card_choices":[{"not_picked":["Conserve Battery","Beam Cell"],"picked":"Scrape","floor":1},{"not_picked":["Defragment","Barrage"],"picked":"FTL","floor":2},{"not_picked":["Hologram","Stack"],"picked":"Beam Cell","floor":5},{"not_picked":["Go for the Eyes","Rebound"],"picked":"Beam Cell","floor":10},{"not_picked":["Buffer","Amplify"],"picked":"Reboot","floor":16},{"not_picked":["Rebound","Genetic Algorithm","Hologram"],"picked":"SKIP","floor":18},{"not_picked":["Coolheaded","Redo","Heatsinks"],"picked":"SKIP","floor":24},{"not_picked":["Coolheaded","Stack","Loop"],"picked":"SKIP","floor":25},{"not_picked":["Force Field","Redo+1"],"picked":"Self Repair","floor":28}],"player_experience":520697,"relics_obtained":[{"floor":9,"key":"Tiny Chest"},{"floor":10,"key":"Art of War"},{"floor":14,"key":"Vajra"},{"floor":21,"key":"Juzu Bracelet"},{"floor":26,"key":"Omamori"}],"event_choices":[{"event_name":"Big Fish","player_choice":"Box","floor":3,"damage_taken":0},{"event_name":"World of Goop","player_choice":"Gather Gold","floor":7,"damage_taken":0},{"event_name":"Golden Idol","player_choice":"Lose Max HP","floor":11,"damage_taken":0},{"event_name":"Golden Shrine","player_choice":"Pray","floor":19,"damage_taken":0},{"event_name":"The Library","player_choice":"Read","floor":20,"damage_taken":0},{"event_name":"Transmorgrifier","player_choice":"Transform","floor":22,"damage_taken":0},{"event_name":"Vampires","player_choice":"Became a vampire","floor":27,"damage_taken":0}],"is_beta":false,"boss_relics":[{"not_picked":["Nuclear Battery","Ectoplasm"],"picked":"Philosopher\u0027s Stone"}],"items_purged_floors":[4,13],"is_endless":false,"potions_floor_spawned":[5,16,28],"killed_by":"Slavers","ascension_level":0}