{"gold_per_floor":[118,118,18,36,46,46,78,78,78,22,53,71,86,86,86,165,165,175,175,202,202,102,102,102,102],"floor_reached":25,"playtime":1275,"items_purged":["Pain","Strike_R"],"score":414,"play_id":"0f28291a-e0ef-43e4-9daa-37519d8bda4b","local_time":"20190831184351","is_ascension_mode":true,"campfire_choices":[{"data":"Bash","floor":6.0,"key":"SMITH"},{"data":"Perfected Strike","floor":8.0,"key":"SMITH"},{"data":"Searing Blow","floor":15.0,"key":"SMITH"},{"data":"Searing Blow+1","floor":23,"key":"SMITH"}],"neow_cost":"NONE","seed_source_timestamp":1202472285289300,"circlet_count":0,"master_deck":["AscendersBane","Strike_R+1","Strike_R","Strike_R","Strike_R","Defend_R+1","Defend_R","Defend_R","Defend_R","Bash+1","Sword Boomerang","Perfected Strike+1","Shockwave","Searing Blow+2","Immolate","Hemokinesis","RitualDagger","Writhe"],"special_seed":0,"relics":["Burning Blood","Blood Vial","WarpedTongs","Magic Flower","Pantograph","Ancient Tea Set","Sozu","Nilry\u0027s Codex","Red Mask","Happy Flower"],"potions_floor_usage":[],"damage_taken":[{"damage":1.0,"enemies":"2 Louse","floor":1.0,"turns":4.0},{"damage":1.0,"enemies":"Cultist","floor":4.0,"turns":3.0},{"damage":3.0,"enemies":"Small Slimes","floor":5.0,"turns":3.0},{"damage":32.0,"enemies":"Lagavulin","floor":7.0,"turns":7.0},{"damage":29.0,"enemies":"3 Sentries","floor":11.0,"turns":8.0},{"damage":5.0,"enemies":"3 Louse","floor":12.0,"turns":4.0},{"damage":1.0,"enemies":"2 Fungi Beasts","floor":13.0,"turns":4.0},{"damage":48.0,"enemies":"Hexaghost","floor":16.0,"turns":9.0},{"damage":31,"enemies":"Shell Parasite","floor":18,"turns":4},{"damage":15,"enemies":"Masked Bandits","floor":20,"turns":2},{"damage":26,"enemies":"Gremlin Leader","floor":25,"turns":4}],"seed_played":"-6505272080956846028","potions_obtained":[{"floor":1.0,"key":"SteroidPotion"},{"floor":7.0,"key":"Block Potion"},{"floor":16.0,"key":"Strength Potion"}],"is_trial":false,"path_per_floor":["M","?","$","M","M","R","E","R","T","$","E","M","M","?","R","B",null,"M","?","?","?","$","R","?","E"],"character_chosen":"IRONCLAD","items_purchased":["Sword Boomerang","SteroidPotion"],"campfire_rested":0,"item_purchase_floors":[3,10],"current_hp_per_floor":[75,75,75,75,75,75,49,49,49,49,32,39,50,27,27,29,64,45,24,21,15,15,15,15,0],"gold":102,"neow_bonus":"RANDOM_COMMON_RELIC","is_prod":false,"is_daily":false,"chose_seed":false,"campfire_upgraded":4,"win_rate":0,"timestamp":1567291431,"path_taken":["M","?","?","M","M","R","E","R","T","$","E","M","M","?","R","BOSS","M","?","?","?","$","R","?","E"],"build_version":"2019-07-17","purchased_purges":2,"victory":false,"max_hp_per_floor":[75,75,75,75,75,75,75,75,75,75,75,75,75,75,75,75,75,75,75,75,75,75,75,75,75],"card_choices":[{"not_picked":["Flame Barrier","Armaments","Flex"],"picked":"SKIP","floor":1.0},{"not_picked":["Armaments","Warcry","Infernal Blade"],"picked":"SKIP","floor":4.0},{"not_picked":["Armaments","Warcry","Infernal Blade"],"picked":"SKIP","floor":4.0},{"not_picked":["True Grit","Warcry"],"picked":"Perfected Strike","floor":5.0},{"not_picked":["Clash","Uppercut","Clothesline"],"picked":"SKIP","floor":7.0},{"not_picked":["Exhume","Sword Boomerang"],"picked":"Shockwave","floor":11.0},{"not_picked":["Pummel","Clash"],"picked":"Searing Blow","floor":12.0},{"not_picked":["Pommel Strike","Dropkick","Havoc"],"picked":"SKIP","floor":13.0},{"not_picked":["Brutality","Exhume"],"picked":"Immolate","floor":16.0},{"not_picked":["Flame Barrier+1","Flex"],"picked":"Hemokinesis","floor":18}],"player_experience":2718772,"relics_obtained":[{"floor":7.0,"key":"Magic Flower"},{"floor":9.0,"key":"Pantograph"},{"floor":11.0,"key":"Ancient Tea Set"},{"floor":19,"key":"Nilry\u0027s Codex"},{"floor":20,"key":"Red Mask"}],"event_choices":[{"damage_healed":0.0,"max_hp_gain":0.0,"max_hp_loss":0.0,"gold_gain":0.0,"event_name":"Accursed Blacksmith","player_choice":"Rummage","floor":2.0,"gold_loss":0.0,"damage_taken":0.0,"relics_obtained":["WarpedTongs"],"cards_obtained":["Pain"]},{"damage_healed":0.0,"max_hp_gain":0.0,"max_hp_loss":0.0,"gold_gain":0.0,"event_name":"Shining Light","player_choice":"Entered Light","floor":14.0,"gold_loss":0.0,"damage_taken":23.0,"cards_upgraded":["Strike_R","Defend_R"]},{"damage_healed":0,"gold_gain":0,"player_choice":"Obtained Book","damage_taken":21,"max_hp_gain":0,"max_hp_loss":0,"event_name":"Cursed Tome","floor":19,"gold_loss":0},{"damage_healed":0,"gold_gain":0,"player_choice":"Fought Bandits","damage_taken":0,"max_hp_gain":0,"max_hp_loss":0,"event_name":"Masked Bandits","floor":20,"gold_loss":0},{"damage_healed":0,"gold_gain":0,"player_choice":"Joined the Cult","damage_taken":6,"max_hp_gain":0,"max_hp_loss":0,"event_name":"Nest","floor":21,"gold_loss":0,"cards_obtained":["RitualDagger"]},{"damage_healed":0,"gold_gain":0,"player_choice":"Opened","damage_taken":0,"relics_obtained":["Happy Flower"],"max_hp_gain":0,"max_hp_loss":0,"event_name":"The Mausoleum","floor":24,"gold_loss":0,"cards_obtained":["Writhe"]}],"is_beta":false,"boss_relics":[{"not_picked":["Runic Pyramid","Cursed Key"],"picked":"Sozu"}],"items_purged_floors":[3,22],"is_endless":false,"potions_floor_spawned":[1,7,11,16,18],"killed_by":"Gremlin Leader","ascension_level":20}