{"gold_per_floor":[115,115,115,128,18,18,18,28,55,55,66,66,66,79,79,181,181,200,200,200,1,1,1,1,1,47,77,77,77,42,60,60,60],"floor_reached":33,"playtime":2193,"items_purged":["Strike_G"],"score":274,"play_id":"02403848-3084-44d7-bd60-62eb8e40dc33","local_time":"20190810001023","is_ascension_mode":false,"campfire_choices":[{"data":"Dagger Throw","floor":6,"key":"SMITH"},{"data":"Deadly Poison","floor":12,"key":"SMITH"},{"floor":15,"key":"REST"},{"floor":23,"key":"REST"},{"data":"Blur","floor":25,"key":"SMITH"},{"floor":29,"key":"REST"},{"floor":32,"key":"REST"}],"neow_cost":"NONE","seed_source_timestamp":883790652704484,"circlet_count":0,"master_deck":["Strike_G","Strike_G","Strike_G","Defend_G","Defend_G","Defend_G","Defend_G","Defend_G","Survivor","Neutralize+1","Flechettes+1","Dagger Throw+1","Accuracy+1","Infinite Blades","Deadly Poison+1","Blur+1","Backflip","Deadly Poison","Escape Plan","Normality","Blur","Flechettes","Outmaneuver+1"],"relics":["Ring of the Snake","Orichalcum","Bag of Preparation","Snake Skull","Anchor","Cursed Key","Juzu Bracelet","Vajra","Nloth\u0027s Gift"],"potions_floor_usage":[],"damage_taken":[{"damage":5,"enemies":"Jaw Worm","floor":1,"turns":7},{"damage":0,"enemies":"2 Louse","floor":4,"turns":2},{"damage":0,"enemies":"Small Slimes","floor":8,"turns":2},{"damage":5,"enemies":"Exordium Thugs","floor":11,"turns":4},{"damage":0,"enemies":"2 Fungi Beasts","floor":14,"turns":3},{"damage":55,"enemies":"The Guardian","floor":16,"turns":12},{"damage":5,"enemies":"Chosen","floor":18,"turns":4},{"damage":45,"enemies":"Book of Stabbing","floor":27,"turns":6},{"damage":0,"enemies":"2 Thieves","floor":31,"turns":3},{"damage":88,"enemies":"Champ","floor":33,"turns":17}],"seed_played":"5400304893379684338","potions_obtained":[{"floor":8,"key":"AttackPotion"},{"floor":27,"key":"Energy Potion"}],"is_trial":false,"path_per_floor":["M","?","?","M","$","R","?","M","T","?","M","R","?","M","R","B",null,"M","?","?","$","?","R","?","R","T","E","?","R","$","M","R","B"],"character_chosen":"THE_SILENT","items_purchased":["Accuracy","Juzu Bracelet","Deadly Poison","Flechettes"],"campfire_rested":4,"item_purchase_floors":[5,21,21,30],"current_hp_per_floor":[65,58,55,55,55,55,55,55,55,55,50,50,50,50,70,15,70,65,65,52,52,52,74,85,85,85,40,40,65,65,65,85,0],"gold":60,"neow_bonus":"RANDOM_COMMON_RELIC","is_prod":false,"is_daily":false,"chose_seed":false,"campfire_upgraded":3,"win_rate":0.0,"timestamp":1565413823,"path_taken":["M","?","?","M","$","R","?","M","T","?","?","R","?","M","R","BOSS","M","?","?","$","?","R","?","R","T","E","?","R","?","M","R","BOSS"],"build_version":"2019-07-17","purchased_purges":1,"victory":false,"max_hp_per_floor":[70,70,70,70,70,70,70,70,70,70,70,70,70,70,70,70,70,70,70,75,75,75,75,85,85,85,85,85,85,85,85,85,85],"card_choices":[{"not_picked":["Flying Knee","Infinite Blades"],"picked":"Flechettes","floor":1},{"not_picked":["Bane","Prepared"],"picked":"Dagger Throw","floor":4},{"not_picked":["Slice","Accuracy"],"picked":"Infinite Blades","floor":8},{"not_picked":["PiercingWail","Slice"],"picked":"Deadly Poison","floor":11},{"not_picked":["Quick Slash","Dagger Throw"],"picked":"Blur","floor":14},{"not_picked":["Unload","Storm of Steel"],"picked":"Tools of the Trade","floor":16},{"not_picked":["Dagger Throw","Finisher"],"picked":"Backflip","floor":18},{"not_picked":["Distraction","Finisher+1"],"picked":"Blur","floor":27},{"not_picked":["Quick Slash","Bane"],"picked":"Outmaneuver+1","floor":31}],"player_experience":102895,"relics_obtained":[{"floor":9,"key":"Snake Skull"},{"floor":26,"key":"Vajra"},{"floor":27,"key":"Whetstone"}],"event_choices":[{"cards_removed":["Strike_G"],"damage_healed":0,"gold_gain":0,"player_choice":"Card Removal","damage_taken":7,"max_hp_gain":0,"max_hp_loss":0,"event_name":"Golden Wing","floor":2,"gold_loss":0},{"damage_healed":0,"gold_gain":0,"player_choice":"Success","damage_taken":3,"relics_obtained":["Bag of Preparation"],"max_hp_gain":0,"max_hp_loss":0,"event_name":"Scrap Ooze","floor":3,"gold_loss":0},{"damage_healed":0,"gold_gain":0,"player_choice":"Ignored","damage_taken":0,"max_hp_gain":0,"max_hp_loss":0,"event_name":"Liars Game","floor":7,"gold_loss":0},{"damage_healed":0,"gold_gain":0,"player_choice":"Gave Potion","damage_taken":0,"relics_obtained":["Anchor"],"max_hp_gain":0,"max_hp_loss":0,"event_name":"WeMeetAgain","floor":10,"gold_loss":0},{"damage_healed":0,"gold_gain":0,"player_choice":"Grow","damage_taken":0,"max_hp_gain":0,"max_hp_loss":0,"event_name":"Living Wall","floor":13,"gold_loss":0,"cards_upgraded":["Accuracy"]},{"damage_healed":0,"gold_gain":0,"player_choice":"Ignored","damage_taken":0,"max_hp_gain":0,"max_hp_loss":0,"event_name":"Ghosts","floor":19,"gold_loss":0},{"damage_healed":0,"gold_gain":0,"player_choice":"Shed Blood","damage_taken":18,"max_hp_gain":5,"max_hp_loss":0,"event_name":"Forgotten Altar","floor":20,"gold_loss":0},{"damage_healed":0,"gold_gain":0,"player_choice":"Read","damage_taken":0,"max_hp_gain":0,"max_hp_loss":0,"event_name":"The Library","floor":22,"gold_loss":0,"cards_obtained":["Escape Plan"]},{"cards_removed":["Tools of the Trade"],"damage_healed":1,"gold_gain":0,"player_choice":"Offered Rare","damage_taken":0,"max_hp_gain":10,"max_hp_loss":0,"event_name":"Bonfire Elementals","floor":24,"gold_loss":0},{"damage_healed":0,"gold_gain":0,"player_choice":"Traded Relic","damage_taken":0,"relics_obtained":["Nloth\u0027s Gift"],"max_hp_gain":0,"max_hp_loss":0,"event_name":"N\u0027loth","floor":28,"relics_lost":["Whetstone"],"gold_loss":0}],"is_beta":false,"boss_relics":[{"not_picked":["Sozu","Philosopher\u0027s Stone"],"picked":"Cursed Key"}],"items_purged_floors":[5],"is_endless":false,"potions_floor_spawned":[8,27],"killed_by":"Champ","ascension_level":0}