{"path_per_floor":["M","M","M","M","M","E","M","$","T","R","?","?","R","M","R","B",null,"M","?","?","M","M","R","$"],"character_chosen":"THE_SILENT","items_purchased":["Ornamental Fan","Singing Bowl","Accuracy"],"gold_per_floor":[211,230,240,260,279,314,328,4,31,31,88,88,88,103,103,200,230,244,194,194,212,226,226,6,6],"floor_reached":25,"campfire_rested":1,"playtime":2968,"current_hp_per_floor":[68,68,67,59,59,47,34,34,34,55,55,55,55,55,55,2,70,70,70,70,58,53,53,53,0],"items_purged":["Defend_G"],"gold":6,"score":205,"play_id":"9f0fb3ea-47a4-4d13-be00-7449f9f65a97","local_time":"20180329180531","is_prod":false,"is_daily":false,"is_ascension_mode":false,"campfire_upgraded":3,"timestamp":1522339531,"path_taken":["M","M","M","M","M","E","M","$","T","R","?","?","R","M","R","BOSS","M","?","?","M","M","R","$","E"],"build_version":"2018-03-22v2","purchased_purges":1,"victory":false,"master_deck":["Defend_G","Defend_G","Defend_G","Strike_G","Strike_G","Strike_G","Strike_G","Strike_G","Survivor","Neutralize","Prepared+1","Acrobatics","Dagger Throw","All Out Attack+1","Backstab","Accuracy+1","Underhanded Strike","Tools of the Trade","Regret","Parasite","Decay","Writhe","Backflip","Backflip","Accuracy"],"max_hp_per_floor":[70,70,70,70,70,70,70,70,70,70,70,70,70,70,70,70,70,70,70,70,70,70,70,70,70],"relics":["Ring of the Snake","Ninja Scroll","Ornamental Fan","Happy Flower","Calling Bell","Tiny Chest","Gambling Chip","Anchor","Snake Skull","Singing Bowl"],"card_choices":[{"not_picked":["Leg Sweep","Deadly Poison"],"picked":"Prepared","floor":1},{"not_picked":["Prepared","Cloak And Dagger"],"picked":"Acrobatics","floor":2},{"not_picked":["Deflect","Underhanded Strike"],"picked":"Dagger Throw","floor":3},{"not_picked":["Venomology","Skewer"],"picked":"All Out Attack","floor":4},{"not_picked":["Masterful Stab","Flying Knee"],"picked":"Backstab","floor":6},{"not_picked":["Deadly Poison","Deflect"],"picked":"Accuracy","floor":7},{"not_picked":["Deflect","Dodge and Roll"],"picked":"Underhanded Strike","floor":14},{"not_picked":["Phantasmal Killer","Envenom"],"picked":"Tools of the Trade","floor":16},{"not_picked":["Flechettes","Grand Finale"],"picked":"Backflip","floor":21},{"not_picked":["Sucker Punch","Underhanded Strike"],"picked":"Backflip","floor":22}],"player_experience":207002,"potions_floor_usage":[6,16,18,22],"damage_taken":[{"damage":2,"enemies":"Jaw Worm","floor":1,"turns":6},{"damage":0,"enemies":"2 Louse","floor":2,"turns":3},{"damage":1,"enemies":"Cultist","floor":3,"turns":4},{"damage":8,"enemies":"Blue Slaver","floor":4,"turns":4},{"damage":0,"enemies":"Exordium Wildlife","floor":5,"turns":2},{"damage":12,"enemies":"3 Sentries","floor":6,"turns":6},{"damage":13,"enemies":"Red Slaver","floor":7,"turns":2},{"damage":0,"enemies":"Large Slime","floor":14,"turns":3},{"damage":53,"enemies":"The Guardian","floor":16,"turns":12},{"damage":0,"enemies":"Shell Parasite","floor":18,"turns":2},{"damage":12,"enemies":"Chosen","floor":21,"turns":5},{"damage":5,"enemies":"3 Cultists","floor":22,"turns":5},{"damage":54,"enemies":"Slavers","floor":25,"turns":5}],"event_choices":[{"event_name":"Golden Wing","player_choice":"Gained Gold","floor":11,"damage_taken":0},{"event_name":"Wheel of Change","player_choice":"Card Removal","floor":12,"damage_taken":0},{"event_name":"The Joust","player_choice":"Bet on Owner","floor":19,"damage_taken":0},{"event_name":"The Mausoleum","player_choice":"Yes","floor":20,"damage_taken":0}],"boss_relics":[{"not_picked":["Black Star","Astrolabe"],"picked":"Calling Bell"}],"potions_floor_spawned":[1,7,16,21],"seed_played":"-193308764894356365","killed_by":"Slavers","ascension_level":0,"is_trial":false}