{"gold_per_floor":[119,119,135,25,25,25,43,71,94,113,113,139,139,159,159,263,263,278,296,296,34,47,47,72,72,72,72,105,135,135,168,168,273,273,289,341,356,456,476,476,491,491,566,579,579,274,274,85,85,85,85,85,34,65,65],"floor_reached":56,"playtime":6743,"items_purged":["Normality","Regret","Strike_R","Strike_R"],"score":1284,"play_id":"9c14f24d-2854-45fd-9a14-ca23513ff81b","local_time":"20190908150203","is_ascension_mode":true,"campfire_choices":[{"data":"True Grit","floor":6,"key":"SMITH"},{"floor":15,"key":"REST"},{"floor":25,"key":"REST"},{"data":"Bash","floor":27,"key":"SMITH"},{"floor":30,"key":"RECALL"},{"floor":32,"key":"REST"},{"floor":40,"key":"REST"},{"data":"Fiend Fire","floor":45,"key":"SMITH"},{"data":"Pommel Strike","floor":49,"key":"SMITH"},{"data":"Corruption","floor":52,"key":"SMITH"}],"neow_cost":"CURSE","seed_source_timestamp":1656773020015,"circlet_count":0,"master_deck":["Strike_R","Defend_R","Defend_R","Defend_R","Defend_R","Bash+1","True Grit+1","Whirlwind","Pommel Strike","Exhume","Infernal Blade","Pommel Strike+1","Feel No Pain","Double Tap","Clumsy","Writhe","Armaments+1","Power Through+1","Flame Barrier","Apotheosis","Dropkick","Sentinel+1","Intimidate+1","Fiend Fire+1","Havoc+1","Corruption+1","Corruption","Shrug It Off","Disarm+1","Dark Shackles","Parasite","Entrench","Feel No Pain+1","Sentinel","Flame Barrier","Burning Pact","Impervious"],"relics":["Burning Blood","Dead Branch","Vajra","Potion Belt","Pear","Pen Nib","Calling Bell","Red Skull","Question Card","Incense Burner","Gremlin Horn","Regal Pillow","Red Mask","Prayer Wheel","Mark of Pain","WingedGreaves","Sundial","Bag of Preparation","Happy Flower"],"potions_floor_usage":[3,8,12,14,22,22,31,36,41,55],"damage_taken":[{"damage":10,"enemies":"Cultist","floor":1,"turns":4},{"damage":0,"enemies":"Jaw Worm","floor":3,"turns":4},{"damage":0,"enemies":"2 Louse","floor":7,"turns":1},{"damage":43,"enemies":"Lagavulin","floor":8,"turns":6},{"damage":12,"enemies":"Blue Slaver","floor":10,"turns":2},{"damage":43,"enemies":"Gremlin Nob","floor":12,"turns":4},{"damage":5,"enemies":"Exordium Thugs","floor":14,"turns":4},{"damage":26,"enemies":"The Guardian","floor":16,"turns":17},{"damage":19,"enemies":"Shell Parasite","floor":18,"turns":3},{"damage":20,"enemies":"Chosen","floor":19,"turns":7},{"damage":11,"enemies":"3 Cultists","floor":22,"turns":6},{"damage":41,"enemies":"Book of Stabbing","floor":24,"turns":7},{"damage":16,"enemies":"Slavers","floor":28,"turns":4},{"damage":5,"enemies":"Masked Bandits","floor":29,"turns":2},{"damage":18,"enemies":"Gremlin Leader","floor":31,"turns":6},{"damage":62,"enemies":"Collector","floor":33,"turns":7},{"damage":16,"enemies":"3 Darklings","floor":35,"turns":4},{"damage":23,"enemies":"2 Orb Walkers","floor":36,"turns":3},{"damage":0,"enemies":"3 Shapes","floor":37,"turns":3},{"damage":41,"enemies":"Jaw Worm Horde","floor":39,"turns":4},{"damage":17,"enemies":"Transient","floor":41,"turns":5},{"damage":16,"enemies":"Writhing Mass","floor":44,"turns":7},{"damage":6,"enemies":"Donu and Deca","floor":50,"turns":4},{"damage":7,"enemies":"Shield and Spear","floor":54,"turns":5},{"damage":2,"enemies":"The Heart","floor":55,"turns":4}],"seed_played":"2762602385134363792","potions_obtained":[{"floor":2,"key":"LiquidBronze"},{"floor":2,"key":"EssenceOfSteel"},{"floor":2,"key":"Swift Potion"},{"floor":3,"key":"Dexterity Potion"},{"floor":7,"key":"Fire Potion"},{"floor":18,"key":"AttackPotion"},{"floor":19,"key":"Block Potion"},{"floor":22,"key":"Fire Potion"},{"floor":35,"key":"PowerPotion"},{"floor":39,"key":"AttackPotion"},{"floor":54,"key":"Swift Potion"}],"is_trial":false,"path_per_floor":["M","?","M","$","$","R","M","E","T","M","?","E","?","M","R","B",null,"M","M","?","$","M","?","E","R","T","R","E","?","R","E","R","B",null,"M","?","M","?","M","R","M","?","T","M","R","$","?","$","R","B",null,"R","$","E","B",null],"character_chosen":"IRONCLAD","items_purchased":["Whirlwind","Apotheosis","Sentinel","Bag of Preparation","Burning Pact","PowerPotion"],"campfire_rested":4,"item_purchase_floors":[4,21,46,46,48,53],"current_hp_per_floor":[76,76,80,80,80,80,80,43,43,37,44,7,7,8,35,15,90,77,63,63,63,58,58,23,50,50,50,40,41,41,29,71,15,90,80,63,69,69,34,76,65,65,65,55,55,55,55,55,55,55,90,90,90,89,90],"gold":65,"neow_bonus":"ONE_RARE_RELIC","is_prod":false,"is_daily":false,"chose_seed":false,"campfire_upgraded":5,"win_rate":0,"timestamp":1567947723,"path_taken":["M","?","M","?","$","R","M","E","T","?","?","E","?","M","R","BOSS","M","M","?","$","?","?","E","R","T","R","E","?","R","E","R","BOSS","M","?","M","?","M","R","?","?","T","M","R","$","?","$","R","BOSS","R","$","E","BOSS"],"build_version":"2019-07-17","purchased_purges":4,"victory":true,"max_hp_per_floor":[80,80,80,80,80,80,80,80,80,80,90,90,90,90,90,90,90,90,90,90,90,90,90,90,90,90,90,90,90,90,90,90,90,90,90,90,90,90,90,90,90,90,90,90,90,90,90,90,90,90,90,90,90,90,90],"card_choices":[{"not_picked":["Rage","Body Slam"],"picked":"True Grit","floor":1},{"not_picked":["Perfected Strike","Combust","Headbutt"],"picked":"SKIP","floor":3},{"not_picked":["Fire Breathing","Heavy Blade"],"picked":"Pommel Strike","floor":7},{"not_picked":["Power Through","Inflame"],"picked":"Exhume","floor":8},{"not_picked":["Heavy Blade","True Grit"],"picked":"Infernal Blade","floor":10},{"not_picked":["Pummel","Blood for Blood"],"picked":"Pommel Strike","floor":12},{"not_picked":["Inflame","Pommel Strike","Flex"],"picked":"SKIP","floor":14},{"not_picked":["Immolate","Brutality"],"picked":"Double Tap","floor":16},{"not_picked":["True Grit","Cleave","Dual Wield+1"],"picked":"Armaments+1","floor":18},{"not_picked":["Bloodletting","Body Slam","Blood for Blood"],"picked":"Power Through+1","floor":19},{"not_picked":["Reckless Charge+1","True Grit","Headbutt"],"picked":"Dropkick","floor":22},{"not_picked":["Intimidate","Combust","Pommel Strike"],"picked":"Sentinel+1","floor":24},{"not_picked":["Armaments","Entrench","Dual Wield","Cleave"],"picked":"SKIP","floor":28},{"not_picked":["Iron Wave","Cleave","Second Wind+1"],"picked":"Intimidate+1","floor":29},{"not_picked":["Power Through","Anger","Combust","Clothesline+1"],"picked":"SKIP","floor":31},{"not_picked":["Juggernaut","Reaper","Brutality"],"picked":"Fiend Fire","floor":33},{"not_picked":["Blood for Blood","Headbutt","Pommel Strike"],"picked":"Havoc+1","floor":35},{"not_picked":["Power Through","Body Slam","Clothesline","Headbutt"],"picked":"SKIP","floor":35},{"not_picked":["Hemokinesis+1","Perfected Strike","Dual Wield"],"picked":"Corruption","floor":36},{"not_picked":["Heavy Blade+1","Anger+1","Uppercut+1"],"picked":"Corruption","floor":37},{"not_picked":["Corruption","Armaments+1","Second Wind+1"],"picked":"Shrug It Off","floor":37},{"not_picked":["Ghostly Armor+1","Corruption+1","Rage","Anger"],"picked":"SKIP","floor":39},{"not_picked":["Heavy Blade","Warcry","Thunderclap","True Grit+1"],"picked":"SKIP","floor":39},{"not_picked":["Clash+1","Wild Strike","True Grit"],"picked":"Disarm+1","floor":41},{"not_picked":["Anger+1","Fire Breathing+1","Twin Strike+1","Pummel+1"],"picked":"SKIP","floor":41},{"not_picked":["Panacea","Deep Breath","Mind Blast"],"picked":"Dark Shackles","floor":42},{"not_picked":["True Grit+1","Rupture+1","Headbutt+1"],"picked":"Entrench","floor":44},{"not_picked":["Clash","Twin Strike+1","Dual Wield+1"],"picked":"Feel No Pain+1","floor":44},{"not_picked":["Power Through","Dual Wield","Sever Soul+1"],"picked":"Impervious","floor":54}],"player_experience":842710,"relics_obtained":[{"floor":8,"key":"Vajra"},{"floor":9,"key":"Potion Belt"},{"floor":12,"key":"Pen Nib"},{"floor":17,"key":"Red Skull"},{"floor":17,"key":"Question Card"},{"floor":17,"key":"Incense Burner"},{"floor":24,"key":"Gremlin Horn"},{"floor":28,"key":"Regal Pillow"},{"floor":29,"key":"Red Mask"},{"floor":31,"key":"Prayer Wheel"},{"floor":36,"key":"WingedGreaves"},{"floor":43,"key":"Sundial"},{"floor":54,"key":"Happy Flower"}],"event_choices":[{"damage_healed":0,"gold_gain":0,"player_choice":"Got Potions","damage_taken":0,"max_hp_gain":0,"max_hp_loss":0,"event_name":"Lab","floor":2,"gold_loss":0},{"damage_healed":0,"gold_gain":0,"player_choice":"Success","damage_taken":3,"relics_obtained":["Pear"],"max_hp_gain":0,"max_hp_loss":0,"event_name":"Scrap Ooze","floor":11,"gold_loss":0},{"damage_healed":0,"gold_gain":0,"cards_transformed":["Strike_R"],"player_choice":"Transformed","damage_taken":0,"max_hp_gain":0,"max_hp_loss":0,"event_name":"Transmorgrifier","floor":13,"gold_loss":0,"cards_obtained":["Feel No Pain"]},{"damage_healed":0,"gold_gain":0,"cards_transformed":["Strike_R"],"player_choice":"Transformed","damage_taken":0,"max_hp_gain":0,"max_hp_loss":0,"event_name":"Transmorgrifier","floor":20,"gold_loss":0,"cards_obtained":["Flame Barrier"]},{"damage_healed":0,"gold_gain":0,"player_choice":"Ignored","damage_taken":0,"max_hp_gain":0,"max_hp_loss":0,"event_name":"Vampires","floor":23,"gold_loss":0},{"damage_healed":0,"gold_gain":0,"player_choice":"Fought Bandits","damage_taken":0,"max_hp_gain":0,"max_hp_loss":0,"event_name":"Masked Bandits","floor":29,"gold_loss":0},{"damage_healed":0,"gold_gain":0,"player_choice":"Fight","damage_taken":0,"max_hp_gain":0,"max_hp_loss":0,"event_name":"Mysterious Sphere","floor":36,"gold_loss":0},{"damage_healed":0,"gold_gain":100,"player_choice":"Pray","damage_taken":0,"max_hp_gain":0,"max_hp_loss":0,"event_name":"Golden Shrine","floor":38,"gold_loss":0},{"damage_healed":0,"gold_gain":0,"player_choice":"Memory 1","damage_taken":0,"max_hp_gain":0,"max_hp_loss":0,"event_name":"SensoryStone","floor":42,"gold_loss":0},{"damage_healed":0,"gold_gain":0,"player_choice":"1 cards matched","damage_taken":0,"max_hp_gain":0,"max_hp_loss":0,"event_name":"Match and Keep!","floor":47,"gold_loss":0,"cards_obtained":["Flame Barrier"]}],"is_beta":false,"boss_relics":[{"not_picked":["Sozu","Orrery"],"picked":"Calling Bell"},{"not_picked":["White Beast Statue","Coffee Dripper"],"picked":"Mark of Pain"}],"items_purged_floors":[4,21,46,48],"is_endless":false,"potions_floor_spawned":[3,7,18,19,22,35,39,54],"ascension_level":1}