{"gold_per_floor":[112,128,20,30,43,43,56,66,91,91,16,291,315,336,336,461,461,481,38,38,54,72,72,72,72,72,72,88,88],"floor_reached":29,"playtime":1835,"items_purged":["Injury","Regret"],"score":230,"play_id":"1765413c-f30c-45f1-898c-575b5b6e2259","local_time":"20190811135413","is_ascension_mode":true,"campfire_choices":[{"data":"Defragment","floor":6,"key":"SMITH"},{"floor":15,"key":"REST"},{"floor":27,"key":"REST"}],"neow_cost":"NONE","seed_source_timestamp":1019987095718303,"circlet_count":0,"master_deck":["Strike_B+1","Strike_B+1","Strike_B+1","Strike_B+1","Defend_B+1","Defend_B+1","Defend_B+1","Defend_B+1","Zap","Dualcast","Skim","Blizzard","Loop","Defragment+1","Glacier","Coolheaded","Blizzard","Defragment","Hyperbeam","White Noise","Hologram+1","Gash+1","Writhe","Reinforced Body+1"],"relics":["Cracked Core","Boot","Gremlin Horn","Happy Flower","Golden Idol","Snecko Eye","ClockworkSouvenir","Bronze Scales","Vajra","CultistMask","Thread and Needle"],"potions_floor_usage":[],"damage_taken":[{"damage":0,"enemies":"2 Louse","floor":1,"turns":3},{"damage":0,"enemies":"Cultist","floor":2,"turns":3},{"damage":2,"enemies":"Small Slimes","floor":4,"turns":3},{"damage":6,"enemies":"Blue Slaver","floor":5,"turns":5},{"damage":3,"enemies":"2 Fungi Beasts","floor":7,"turns":3},{"damage":2,"enemies":"Red Slaver","floor":8,"turns":3},{"damage":13,"enemies":"Exordium Wildlife","floor":13,"turns":5},{"damage":10,"enemies":"Blue Slaver","floor":14,"turns":3},{"damage":25,"enemies":"Slime Boss","floor":16,"turns":12},{"damage":3,"enemies":"3 Byrds","floor":18,"turns":3},{"damage":40,"enemies":"2 Thieves","floor":21,"turns":3},{"damage":21,"enemies":"Snecko","floor":22,"turns":6},{"damage":11,"enemies":"Snake Plant","floor":28,"turns":4},{"damage":26,"enemies":"Book of Stabbing","floor":29,"turns":6}],"seed_played":"8538076317071390767","potions_obtained":[{"floor":4,"key":"SteroidPotion"},{"floor":7,"key":"Swift Potion"},{"floor":8,"key":"Fire Potion"}],"is_trial":false,"path_per_floor":["M","M","?","M","M","R","M","M","T","?","$","?","M","M","R","B",null,"M","$","?","M","M","?","?","?","T","R","M","E"],"character_chosen":"DEFECT","items_purchased":["ClockworkSouvenir","Bronze Scales"],"campfire_rested":2,"item_purchase_floors":[19,19],"current_hp_per_floor":[75,75,75,73,67,67,64,62,62,62,62,62,49,39,61,36,75,72,72,72,32,11,11,11,11,11,33,22,0],"gold":88,"neow_bonus":"RANDOM_COMMON_RELIC","is_prod":false,"is_daily":false,"chose_seed":false,"campfire_upgraded":1,"win_rate":0,"timestamp":1565549653,"path_taken":["M","M","?","M","?","R","M","M","T","?","$","?","?","M","R","BOSS","M","$","?","M","?","?","?","?","T","R","M","E"],"build_version":"2019-07-17","purchased_purges":2,"victory":false,"max_hp_per_floor":[75,75,75,75,75,75,75,75,75,75,75,75,75,75,75,75,75,75,75,75,75,75,75,75,75,75,75,75,75],"card_choices":[{"not_picked":["Rebound","Ball Lightning"],"picked":"Skim","floor":1},{"not_picked":["Double Energy","Coolheaded"],"picked":"Blizzard","floor":2},{"not_picked":["Ball Lightning","Self Repair"],"picked":"Loop","floor":4},{"not_picked":["Hologram","Lockon"],"picked":"Defragment","floor":5},{"not_picked":["Coolheaded","Beam Cell"],"picked":"Glacier","floor":7},{"not_picked":["Multi-Cast","Steam Power"],"picked":"Coolheaded","floor":8},{"not_picked":["Hello World","Rebound"],"picked":"Blizzard","floor":13},{"not_picked":["Cold Snap","Steam"],"picked":"Defragment","floor":14},{"not_picked":["Creative AI","Amplify"],"picked":"Hyperbeam","floor":16},{"not_picked":["Steam","Tempest"],"picked":"White Noise","floor":18},{"not_picked":["Coolheaded","Stack+1"],"picked":"Hologram+1","floor":21},{"not_picked":["Go for the Eyes","Auto Shields+1"],"picked":"Gash+1","floor":22},{"not_picked":["Buffer","Chill"],"picked":"Reinforced Body+1","floor":28}],"player_experience":126830,"relics_obtained":[{"floor":9,"key":"Happy Flower"},{"floor":26,"key":"Thread and Needle"}],"event_choices":[{"damage_healed":0,"gold_gain":0,"player_choice":"Paid Gold","damage_taken":0,"relics_obtained":["Gremlin Horn"],"max_hp_gain":0,"max_hp_loss":0,"event_name":"WeMeetAgain","floor":3,"gold_loss":108},{"damage_healed":0,"gold_gain":0,"player_choice":"Take Wound","damage_taken":0,"relics_obtained":["Golden Idol"],"max_hp_gain":0,"max_hp_loss":0,"event_name":"Golden Idol","floor":10,"gold_loss":0,"cards_obtained":["Injury"]},{"damage_healed":0,"gold_gain":275,"player_choice":"Desecrate","damage_taken":0,"max_hp_gain":0,"max_hp_loss":0,"event_name":"Golden Shrine","floor":12,"gold_loss":0,"cards_obtained":["Regret"]},{"damage_healed":0,"gold_gain":0,"player_choice":"Ignored","damage_taken":0,"max_hp_gain":0,"max_hp_loss":0,"event_name":"N\u0027loth","floor":20,"gold_loss":0},{"damage_healed":0,"gold_gain":0,"player_choice":"Opened","damage_taken":0,"relics_obtained":["Vajra"],"max_hp_gain":0,"max_hp_loss":0,"event_name":"The Mausoleum","floor":23,"gold_loss":0,"cards_obtained":["Writhe"]},{"damage_healed":0,"gold_gain":0,"player_choice":"Simplicity","damage_taken":0,"max_hp_gain":0,"max_hp_loss":0,"event_name":"Back to Basics","floor":24,"gold_loss":0,"cards_upgraded":["Strike_B","Strike_B","Strike_B","Strike_B","Defend_B","Defend_B","Defend_B","Defend_B"]},{"damage_healed":0,"gold_gain":0,"player_choice":"Trade","damage_taken":0,"relics_obtained":["CultistMask"],"max_hp_gain":0,"max_hp_loss":0,"event_name":"FaceTrader","floor":25,"gold_loss":0}],"is_beta":false,"boss_relics":[{"not_picked":["Coffee Dripper","Lizard Tail"],"picked":"Snecko Eye"}],"items_purged_floors":[11,19],"is_endless":false,"potions_floor_spawned":[4,7,8,14,18,28],"killed_by":"Book of Stabbing","ascension_level":1}