{"gold_per_floor":[113,113,133,133,151,151,164,89,141,151,151,164,164,181,181,283,283,299,199,210,222,233,233,41,57,87,87,113,113,163,180,180,280,280,295,145,155,155,155,155,183,183,183,8,26,42,68,83,83,83],"floor_reached":50,"playtime":4511,"items_purged":["Strike_G","Decay","Writhe","Defend_G","Writhe"],"score":591,"play_id":"2674adb9-090b-4585-af80-667778ba140f","local_time":"20180707033425","is_ascension_mode":false,"campfire_choices":[{"data":"Noxious Fumes","floor":6,"key":"SMITH"},{"data":"Catalyst","floor":11,"key":"SMITH"},{"floor":15,"key":"REST"},{"floor":23,"key":"REST"},{"floor":27,"key":"REST"},{"floor":32,"key":"REST"},{"data":"Bouncing Flask","floor":40,"key":"SMITH"},{"data":"Noxious Fumes","floor":42,"key":"SMITH"},{"floor":49,"key":"REST"}],"neow_cost":"NONE","seed_source_timestamp":5108485319825,"circlet_count":0,"master_deck":["Defend_G","Defend_G","Defend_G","Defend_G","Strike_G","Strike_G","Survivor","Neutralize","Prepared","Noxious Fumes+1","Dash","Catalyst+1","Expertise","Dodge and Roll","Wraith Form v2","Catalyst","Acrobatics","Poisoned Stab+1","Unload","Bouncing Flask+1","Noxious Fumes+1","Envenom","Flying Knee","Infinite Blades"],"relics":["Ring of the Snake","NeowsBlessing","Potion Belt","Snake Skull","Darkstone Periapt","Calling Bell","Boot","Meat on the Bone","Tingsha","Tiny Chest","Strawberry","Velvet Choker","Pen Nib","Vajra","Molten Egg 2"],"potions_floor_usage":[7,16,16,22,22,25,33,46,48,50],"damage_taken":[{"damage":0,"enemies":"Jaw Worm","floor":1,"turns":1},{"damage":0,"enemies":"2 Louse","floor":3,"turns":1},{"damage":0,"enemies":"Cultist","floor":5,"turns":1},{"damage":6,"enemies":"Lots of Slimes","floor":7,"turns":4},{"damage":2,"enemies":"Blue Slaver","floor":10,"turns":4},{"damage":9,"enemies":"Exordium Thugs","floor":12,"turns":5},{"damage":15,"enemies":"Large Slime","floor":14,"turns":6},{"damage":4,"enemies":"Slime Boss","floor":16,"turns":9},{"damage":9,"enemies":"3 Byrds","floor":18,"turns":5},{"damage":19,"enemies":"Spheric Guardian","floor":20,"turns":6},{"damage":21,"enemies":"Chosen and Byrds","floor":21,"turns":6},{"damage":33,"enemies":"Sentry and Sphere","floor":22,"turns":6},{"damage":47,"enemies":"Slaver and Parasite","floor":25,"turns":6},{"damage":40,"enemies":"Gremlin Leader","floor":28,"turns":7},{"damage":6,"enemies":"3 Cultists","floor":31,"turns":5},{"damage":52,"enemies":"Collector","floor":33,"turns":9},{"damage":16,"enemies":"Orb Walker","floor":35,"turns":5},{"damage":6,"enemies":"3 Shapes","floor":37,"turns":5},{"damage":2,"enemies":"Giant Head","floor":41,"turns":8},{"damage":25,"enemies":"Maw","floor":45,"turns":7},{"damage":8,"enemies":"4 Shapes","floor":46,"turns":5},{"damage":13,"enemies":"Nemesis","floor":47,"turns":5},{"damage":25,"enemies":"Sphere and 2 Shapes","floor":48,"turns":4},{"damage":76,"enemies":"Awakened One","floor":50,"turns":6}],"seed_played":"3826483267927730820","potions_obtained":[{"floor":3,"key":"Poison Potion"},{"floor":5,"key":"AttackPotion"},{"floor":12,"key":"Strength Potion"},{"floor":14,"key":"Dexterity Potion"},{"floor":16,"key":"SteroidPotion"},{"floor":18,"key":"GhostInAJar"},{"floor":28,"key":"Poison Potion"},{"floor":33,"key":"LiquidBronze"},{"floor":35,"key":"Poison Potion"},{"floor":41,"key":"SteroidPotion"},{"floor":47,"key":"PowerPotion"}],"is_trial":false,"path_per_floor":["M","?","M","?","M","R","M","$","T","M","R","M","T","M","R","B",null,"M","$","M","M","M","R","$","M","T","R","E","?","?","M","R","B",null,"M","$","M","?","?","R","E","R","T","$","M","M","E","M","R"],"character_chosen":"THE_SILENT","items_purchased":["Bouncing Flask"],"campfire_rested":5,"item_purchase_floors":[24],"current_hp_per_floor":[70,58,58,58,58,58,52,52,52,50,50,41,41,26,47,43,88,79,79,60,51,30,56,56,21,21,47,26,26,26,32,60,20,95,79,79,73,73,101,101,99,99,99,99,74,66,53,40,70,0],"gold":83,"neow_bonus":"THREE_ENEMY_KILL","is_prod":false,"is_daily":false,"chose_seed":false,"campfire_upgraded":4,"win_rate":0,"timestamp":1530927265,"path_taken":["M","?","?","?","?","R","M","$","T","?","R","M","?","M","R","BOSS","M","$","?","M","M","R","$","M","T","R","E","?","?","M","R","BOSS","M","$","M","?","?","R","E","R","T","?","M","M","E","M","R","BOSS"],"build_version":"2018-07-05","purchased_purges":5,"victory":false,"max_hp_per_floor":[70,70,70,70,70,70,70,70,70,70,70,70,70,70,70,70,88,88,88,88,88,88,88,88,88,88,88,95,95,95,95,95,95,95,95,95,95,95,101,101,101,101,101,101,101,101,101,101,101,101],"card_choices":[{"not_picked":["Heel Hook","PiercingWail"],"picked":"Prepared","floor":1},{"not_picked":["Quick Slash","Catalyst"],"picked":"Noxious Fumes","floor":3},{"not_picked":["Deadly Poison","Blade Dance"],"picked":"Dash","floor":5},{"not_picked":["Poisoned Stab","Finisher"],"picked":"Catalyst","floor":7},{"not_picked":["Cloak And Dagger","Sucker Punch","Deflect"],"picked":"SKIP","floor":10},{"not_picked":["Accuracy","Eviscerate"],"picked":"Expertise","floor":12},{"not_picked":["Quick Slash","All Out Attack"],"picked":"Dodge and Roll","floor":14},{"not_picked":["Grand Finale","Phantasmal Killer"],"picked":"Wraith Form v2","floor":16},{"not_picked":["Calculated Gamble","Flechettes"],"picked":"Catalyst","floor":18},{"not_picked":["Sucker Punch","Flying Knee"],"picked":"Acrobatics","floor":20},{"not_picked":["Calculated Gamble+1","Slice"],"picked":"Poisoned Stab+1","floor":21},{"not_picked":["Endless Agony","Setup+1"],"picked":"Unload","floor":22},{"not_picked":["Backstab","Underhanded Strike","Slice"],"picked":"SKIP","floor":25},{"not_picked":["Bane","Cloak And Dagger"],"picked":"Noxious Fumes","floor":28},{"not_picked":["Crippling Poison","Predator","Slice"],"picked":"SKIP","floor":31},{"not_picked":["Glass Knife","Unload"],"picked":"Envenom","floor":33},{"not_picked":["Backstab","Cloak And Dagger","Bane+1"],"picked":"SKIP","floor":35},{"not_picked":["PiercingWail+1","Endless Agony+1","Skewer"],"picked":"SKIP","floor":37},{"not_picked":["Deflect+1","Prepared"],"picked":"Flying Knee","floor":41},{"not_picked":["Dodge and Roll+1","Deflect","Cloak And Dagger"],"picked":"SKIP","floor":45},{"not_picked":["Bane+1","Predator","Prepared"],"picked":"SKIP","floor":46},{"not_picked":["All Out Attack+1","Poisoned Stab+1"],"picked":"Infinite Blades","floor":47},{"not_picked":["PiercingWail+1","Poisoned Stab+1","Bane+1"],"picked":"SKIP","floor":48}],"player_experience":426439,"relics_obtained":[{"floor":9,"key":"Snake Skull"},{"floor":13,"key":"Darkstone Periapt"},{"floor":17,"key":"Boot"},{"floor":17,"key":"Meat on the Bone"},{"floor":17,"key":"Tingsha"},{"floor":26,"key":"Tiny Chest"},{"floor":28,"key":"Strawberry"},{"floor":41,"key":"Pen Nib"},{"floor":43,"key":"Vajra"},{"floor":47,"key":"Molten Egg 2"}],"event_choices":[{"event_name":"Scrap Ooze","player_choice":"success","floor":2,"damage_taken":12},{"event_name":"Bonfire Elementals","player_choice":"BASIC","floor":4,"damage_taken":0},{"event_name":"Back to Basics","player_choice":"Elegance","floor":29,"damage_taken":0},{"event_name":"The Joust","player_choice":"Bet on Murderer","floor":30,"damage_taken":0},{"event_name":"Falling","player_choice":"Removed Attack","floor":38,"damage_taken":0},{"event_name":"Winding Halls","player_choice":"Writhe","floor":39,"damage_taken":0}],"boss_relics":[{"not_picked":["Snecko Eye","Astrolabe"],"picked":"Calling Bell"},{"not_picked":["Orrery","Black Star"],"picked":"Velvet Choker"}],"items_purged_floors":[8,19,24,36,44],"is_endless":false,"potions_floor_spawned":[3,5,12,14,16,18,28,33,35,41,47],"killed_by":"Awakened One","ascension_level":0}