{"path_per_floor":["M","?","M","?","?","R","E","M","T","M","E","M","E","M","R","B",null,"M","$","?","?","M"],"character_chosen":"THE_SILENT","items_purchased":["Catalyst","Happy Flower","Dash","Bronze Scales"],"gold_per_floor":[112,112,112,287,287,287,313,326,326,340,372,386,417,436,436,538,538,553,24,24,24,42,42],"floor_reached":23,"campfire_rested":2,"playtime":2137,"current_hp_per_floor":[70,63,63,63,49,70,77,76,76,76,62,53,39,30,53,6,77,46,46,46,46,25,0],"items_purged":["Doubt"],"gold":42,"score":236,"play_id":"05810f0c-7890-4fb7-bf93-dbc8d269db2a","local_time":"20180401125524","is_prod":false,"is_daily":false,"is_ascension_mode":false,"campfire_upgraded":0,"timestamp":1522580124,"path_taken":["M","?","M","?","?","R","E","?","T","M","E","M","E","M","R","BOSS","M","$","?","?","M","E"],"build_version":"2018-03-29v2","purchased_purges":1,"victory":false,"master_deck":["Defend_G","Defend_G","Defend_G","Defend_G+1","Defend_G","Strike_G","Strike_G","Strike_G+1","Strike_G","Strike_G","Survivor","Neutralize","Infinite Blades","Quick Slash","Catalyst","Dodge and Roll","Dash","Envenom","Malaise","Envenom","Catalyst","Dash"],"max_hp_per_floor":[70,70,70,70,70,70,77,77,77,77,77,77,77,77,77,77,77,77,77,77,77,77,77],"relics":["Ring of the Snake","NeowsBlessing","Dream Catcher","Strawberry","Calipers","Pen Nib","Gambling Chip","Black Star","Happy Flower","Bronze Scales"],"card_choices":[{"not_picked":["Endless Agony","Choke"],"picked":"Infinite Blades","floor":3.0},{"not_picked":["Deflect","Outmaneuver"],"picked":"Quick Slash","floor":6.0},{"not_picked":["Flying Knee","Leg Sweep"],"picked":"Catalyst","floor":7.0},{"not_picked":["Glass Knife","Dagger Spray"],"picked":"Dodge and Roll","floor":11.0},{"not_picked":["Poisoned Stab","Dagger Throw"],"picked":"Dash","floor":12.0},{"not_picked":["Quick Slash","Deadly Poison"],"picked":"Envenom","floor":13.0},{"not_picked":["Underhanded Strike","Outmaneuver"],"picked":"Malaise","floor":15.0},{"not_picked":["Storm of Steel","Corpse Explosion"],"picked":"Envenom","floor":16.0}],"player_experience":250338,"potions_floor_usage":[18],"damage_taken":[{"damage":0.0,"enemies":"2 Louse","floor":1.0,"turns":1.0},{"damage":0.0,"enemies":"Jaw Worm","floor":3.0,"turns":1.0},{"damage":0.0,"enemies":"3 Sentries","floor":7.0,"turns":1.0},{"damage":1.0,"enemies":"Cultist","floor":8.0,"turns":4.0},{"damage":0.0,"enemies":"Blue Slaver","floor":10.0,"turns":5.0},{"damage":14.0,"enemies":"Lagavulin","floor":11.0,"turns":7.0},{"damage":9.0,"enemies":"Exordium Wildlife","floor":12.0,"turns":6.0},{"damage":14.0,"enemies":"Gremlin Nob","floor":13.0,"turns":5.0},{"damage":9.0,"enemies":"Looter","floor":14.0,"turns":4.0},{"damage":47.0,"enemies":"The Guardian","floor":16.0,"turns":14.0},{"damage":31,"enemies":"3 Byrds","floor":18,"turns":6},{"damage":21,"enemies":"Spheric Guardian","floor":22,"turns":6},{"damage":25,"enemies":"Slavers","floor":23,"turns":3}],"event_choices":[{"event_name":"Scrap Ooze","player_choice":"success","floor":2.0,"damage_taken":7.0},{"event_name":"Liars Game","player_choice":"agreed","floor":4.0,"damage_taken":0.0},{"event_name":"Shining Light","player_choice":"Entered Light","floor":5.0,"damage_taken":0.0},{"event_name":"Ghosts","player_choice":"Ignored","floor":20,"damage_taken":0},{"event_name":"Drug Dealer","player_choice":"Ignored","floor":21,"damage_taken":0}],"boss_relics":[{"not_picked":["Ectoplasm","Snecko Eye"],"picked":"Black Star"}],"potions_floor_spawned":[7,8,10,12,13,16,22],"seed_played":"6918243644999721613","killed_by":"Slavers","ascension_level":0,"is_trial":false}