{"gold_per_floor":[112,132,6,24,39,66,85,95,95,95,107,140,140,152,152,251,251,262,462,473,485,410,410,109,119,119,19,118,147,159,170,170,266,266,282,282,25,25,25,25,39,66,91,108,108,108,108,124,124,124],"floor_reached":51,"playtime":5785,"items_purged":["Strike_G","Strike_G"],"score":661,"play_id":"18789004-6c8a-4689-b30c-eb18018091ae","local_time":"20190125232448","is_ascension_mode":false,"campfire_choices":[{"data":"Glass Knife","floor":10,"key":"SMITH"},{"floor":13,"key":"REST"},{"data":"Noxious Fumes","floor":15,"key":"SMITH"},{"data":"Dash","floor":23,"key":"SMITH"},{"floor":32,"key":"REST"},{"data":"Neutralize","floor":40,"key":"SMITH"},{"floor":47,"key":"REST"},{"floor":49,"key":"REST"}],"neow_cost":"NONE","seed_source_timestamp":15983786484023,"circlet_count":0,"master_deck":["Defend_G","Defend_G","Defend_G","Defend_G","Defend_G","Strike_G","Strike_G","Strike_G","Survivor","Neutralize+1","Dagger Spray","Backstab","Noxious Fumes+1","Sucker Punch","Flying Knee","Glass Knife+1","Terror","Dash+1","Predator","Malaise+1","Catalyst+1","Adrenaline","Footwork+1","Blur+1","Die Die Die","Quick Slash+1","Madness","Madness","Acrobatics","Dramatic Entrance","Bouncing Flask+1"],"relics":["Ring of the Snake","Nunchaku","Regal Pillow","Happy Flower","Lizard Tail","Incense Burner","Pen Nib","Bag of Marbles","Sozu","Paper Crane","Sundial","War Paint"],"potions_floor_usage":[7,7,20,29,29,29,33,42],"damage_taken":[{"damage":1,"enemies":"Cultist","floor":1,"turns":5},{"damage":0,"enemies":"2 Louse","floor":2,"turns":2},{"damage":0,"enemies":"Jaw Worm","floor":4,"turns":3},{"damage":9,"enemies":"2 Fungi Beasts","floor":5,"turns":3},{"damage":12,"enemies":"3 Sentries","floor":6,"turns":6},{"damage":5,"enemies":"Exordium Thugs","floor":7,"turns":4},{"damage":0,"enemies":"Blue Slaver","floor":8,"turns":2},{"damage":9,"enemies":"2 Fungi Beasts","floor":11,"turns":2},{"damage":7,"enemies":"Gremlin Nob","floor":12,"turns":3},{"damage":5,"enemies":"Exordium Wildlife","floor":14,"turns":2},{"damage":40,"enemies":"The Guardian","floor":16,"turns":9},{"damage":7,"enemies":"Chosen","floor":18,"turns":4},{"damage":5,"enemies":"Spheric Guardian","floor":20,"turns":3},{"damage":10,"enemies":"Snecko","floor":21,"turns":5},{"damage":6,"enemies":"Snake Plant","floor":25,"turns":4},{"damage":1,"enemies":"Slavers","floor":29,"turns":5},{"damage":6,"enemies":"Centurion and Healer","floor":30,"turns":6},{"damage":2,"enemies":"Sentry and Sphere","floor":31,"turns":5},{"damage":97,"enemies":"Collector","floor":33,"turns":9},{"damage":14,"enemies":"3 Darklings","floor":35,"turns":3},{"damage":9,"enemies":"3 Shapes","floor":41,"turns":4},{"damage":32,"enemies":"Giant Head","floor":42,"turns":10},{"damage":0,"enemies":"Writhing Mass","floor":44,"turns":7},{"damage":7,"enemies":"3 Darklings","floor":48,"turns":5},{"damage":34,"enemies":"Awakened One","floor":50,"turns":16}],"seed_played":"-5179747980927791038","potions_obtained":[{"floor":4,"key":"Ancient Potion"},{"floor":5,"key":"Weak Potion"},{"floor":6,"key":"Energy Potion"},{"floor":8,"key":"Strength Potion"},{"floor":14,"key":"Swift Potion"},{"floor":20,"key":"AttackPotion"},{"floor":25,"key":"Energy Potion"},{"floor":30,"key":"Poison Potion"},{"floor":33,"key":"EssenceOfSteel"}],"is_trial":false,"path_per_floor":["M","M","$","M","M","E","M","M","T","R","M","E","R","M","R","B",null,"M","?","M","M","$","R","$","M","T","$","?","E","M","M","R","B",null,"M","?","$","?","$","R","M","E","T","M","?","$","R","M","R","B",null],"character_chosen":"THE_SILENT","items_purchased":["Noxious Fumes","Sucker Punch","Incense Burner","Paper Crane"],"campfire_rested":4,"item_purchase_floors":[3,3,24,37],"current_hp_per_floor":[69,69,69,69,60,48,43,43,43,43,34,27,63,58,58,18,70,63,63,58,48,48,48,48,42,42,42,42,41,35,33,69,23,70,56,56,56,47,47,47,38,6,6,6,6,6,42,35,70,36],"gold":124,"neow_bonus":"THREE_CARDS","is_prod":false,"is_daily":false,"chose_seed":false,"campfire_upgraded":4,"win_rate":0,"timestamp":1548455088,"path_taken":["M","M","$","M","M","E","M","M","T","R","M","E","R","?","R","BOSS","M","?","M","M","$","R","?","M","T","$","?","E","M","M","R","BOSS","M","?","?","?","$","R","M","E","T","M","?","$","R","M","R","BOSS"],"build_version":"2019-01-23","purchased_purges":2,"victory":true,"max_hp_per_floor":[70,70,70,70,70,70,70,70,70,70,70,70,70,70,70,70,70,70,70,70,70,70,70,70,70,70,70,70,70,70,70,70,70,70,70,70,70,70,70,70,70,70,70,70,70,70,70,70,70,70],"card_choices":[{"not_picked":["Blade Dance","Quick Slash"],"picked":"Dagger Spray","floor":1},{"not_picked":["Slice","Bane"],"picked":"Backstab","floor":2},{"not_picked":["Prepared","Choke","Cloak And Dagger"],"picked":"SKIP","floor":4},{"not_picked":["Dagger Spray","Poisoned Stab","PiercingWail"],"picked":"SKIP","floor":5},{"not_picked":["Dagger Throw","Storm of Steel"],"picked":"Flying Knee","floor":6},{"not_picked":["Acrobatics","Blade Dance"],"picked":"Glass Knife","floor":7},{"not_picked":["Masterful Stab","Concentrate","Finisher"],"picked":"SKIP","floor":8},{"not_picked":["Dodge and Roll","PiercingWail"],"picked":"Terror","floor":11},{"not_picked":["Bouncing Flask","Dagger Spray"],"picked":"Dash","floor":12},{"not_picked":["Eviscerate","Deflect"],"picked":"Predator","floor":14},{"not_picked":["Grand Finale","Die Die Die"],"picked":"Malaise","floor":16},{"not_picked":["Finisher","Slice+1","Dodge and Roll"],"picked":"SKIP","floor":18},{"not_picked":["Skewer","Dodge and Roll","Flying Knee"],"picked":"SKIP","floor":20},{"not_picked":["Prepared","Poisoned Stab"],"picked":"Catalyst+1","floor":21},{"not_picked":["Flying Knee","Deadly Poison+1"],"picked":"Adrenaline","floor":25},{"not_picked":["Prepared","Flechettes","Dodge and Roll"],"picked":"SKIP","floor":29},{"not_picked":["Backflip","Distraction"],"picked":"Footwork","floor":30},{"not_picked":["Dagger Throw","Quick Slash"],"picked":"Blur","floor":31},{"not_picked":["Malaise","Phantasmal Killer"],"picked":"Die Die Die","floor":33},{"not_picked":["Outmaneuver+1","Dagger Throw+1"],"picked":"Quick Slash+1","floor":35},{"not_picked":["Cloak And Dagger","Caltrops","Reflex"],"picked":"SKIP","floor":41},{"not_picked":["Expertise","Escape Plan"],"picked":"Acrobatics","floor":42},{"not_picked":["Blade Dance","Deflect+1","Dodge and Roll"],"picked":"SKIP","floor":44},{"not_picked":["Flash of Steel","Thinking Ahead"],"picked":"Dramatic Entrance","floor":45},{"not_picked":["Deadly Poison+1","Prepared"],"picked":"Bouncing Flask+1","floor":48}],"player_experience":634093,"relics_obtained":[{"floor":6,"key":"Nunchaku"},{"floor":9,"key":"Regal Pillow"},{"floor":12,"key":"Happy Flower"},{"floor":26,"key":"Pen Nib"},{"floor":29,"key":"Bag of Marbles"},{"floor":42,"key":"Sundial"},{"floor":43,"key":"War Paint"}],"event_choices":[{"damage_healed":0,"gold_gain":250,"player_choice":"Bet on Owner","damage_taken":0,"max_hp_gain":0,"max_hp_loss":0,"event_name":"The Joust","floor":19,"gold_loss":50},{"damage_healed":0,"gold_gain":99,"player_choice":"Stole From Cult","damage_taken":0,"max_hp_gain":0,"max_hp_loss":0,"event_name":"Nest","floor":28,"gold_loss":0},{"damage_healed":0,"gold_gain":0,"player_choice":"Upgraded","damage_taken":0,"max_hp_gain":0,"max_hp_loss":0,"event_name":"Upgrade Shrine","floor":36,"gold_loss":0,"cards_upgraded":["Footwork"]},{"damage_healed":0,"gold_gain":0,"player_choice":"Embrace Madness","damage_taken":9,"max_hp_gain":0,"max_hp_loss":0,"event_name":"Winding Halls","floor":38,"gold_loss":0,"cards_obtained":["Madness","Madness"]},{"damage_healed":0,"gold_gain":0,"player_choice":"Memory 1","damage_taken":0,"max_hp_gain":0,"max_hp_loss":0,"event_name":"SensoryStone","floor":45,"gold_loss":0}],"is_beta":false,"boss_relics":[{"not_picked":["Snecko Eye","Black Star"],"picked":"Lizard Tail"},{"not_picked":["HoveringKite","Philosopher\u0027s Stone"],"picked":"Sozu"}],"items_purged_floors":[22,27],"is_endless":false,"potions_floor_spawned":[4,5,6,8,14,20,25,30,33,35,44],"ascension_level":0}