{"gold_per_floor":[109,34,89,89,89,89,89,89,112,124,165,190,213,239,251,368,380,409,444,456,478,490,502,514,541,628,654,219,219,235,264,264,264],"floor_reached":33,"playtime":1958,"items_purged":["Strike_R","Regret"],"score":280,"play_id":"d698221f-f1b6-47d6-afc1-2b4aafb35443","local_time":"20190811214752","is_ascension_mode":true,"campfire_choices":[{"floor":8,"key":"REST"},{"data":"Uppercut","floor":10,"key":"SMITH"},{"floor":15,"key":"REST"},{"floor":23,"key":"REST"},{"floor":29,"key":"REST"},{"floor":32,"key":"REST"}],"neow_cost":"NONE","seed_source_timestamp":1048271845863272,"circlet_count":0,"master_deck":["Strike_R","Strike_R","Strike_R","Strike_R","Defend_R","Defend_R+1","Defend_R","Defend_R","Bash","Uppercut+1","Pain","Dual Wield","Feel No Pain","Warcry+1","Rampage","Demon Form","Warcry+1","Doubt","Corruption","Havoc","Body Slam","Havoc+1","Flame Barrier+1"],"relics":["Burning Blood","Vajra","Red Skull","WarpedTongs","MawBank","Pear","Cursed Key","Regal Pillow","MutagenicStrength","Toxic Egg 2","Frozen Eye","War Paint","Red Mask"],"potions_floor_usage":[16,31,33],"damage_taken":[{"damage":15,"enemies":"Jaw Worm","floor":1,"turns":4},{"damage":37,"enemies":"Lagavulin","floor":11,"turns":6},{"damage":3,"enemies":"Small Slimes","floor":12,"turns":3},{"damage":5,"enemies":"2 Louse","floor":13,"turns":3},{"damage":6,"enemies":"Red Slaver","floor":14,"turns":3},{"damage":48,"enemies":"Hexaghost","floor":16,"turns":9},{"damage":12,"enemies":"Chosen","floor":18,"turns":4},{"damage":23,"enemies":"Shell Parasite","floor":21,"turns":6},{"damage":13,"enemies":"Snecko","floor":25,"turns":5},{"damage":42,"enemies":"Cultist and Chosen","floor":27,"turns":8},{"damage":45,"enemies":"Centurion and Healer","floor":30,"turns":7},{"damage":43,"enemies":"Masked Bandits","floor":31,"turns":5},{"damage":69,"enemies":"Champ","floor":33,"turns":8}],"seed_played":"6481934483709167770","potions_obtained":[{"floor":1,"key":"Dexterity Potion"},{"floor":12,"key":"Energy Potion"},{"floor":13,"key":"Poison Potion"},{"floor":30,"key":"FearPotion"},{"floor":31,"key":"Dexterity Potion"}],"is_trial":false,"path_per_floor":["M","$","?","?","$","?","$","R","T","R","E","M","M","M","R","B",null,"M","T","?","M","?","R","?","M","T","M","$","R","M","?","R","B"],"character_chosen":"IRONCLAD","items_purchased":["Frozen Eye","War Paint"],"campfire_rested":5,"item_purchase_floors":[28,28],"current_hp_per_floor":[71,71,71,46,46,46,46,70,70,70,49,52,53,53,80,38,90,84,84,66,49,49,92,92,85,85,49,49,92,53,16,59,0],"gold":264,"neow_bonus":"RANDOM_COMMON_RELIC","is_prod":false,"is_daily":false,"chose_seed":false,"campfire_upgraded":1,"win_rate":0,"timestamp":1565578072,"path_taken":["M","$","?","?","$","?","$","R","T","R","E","M","M","M","R","BOSS","M","?","?","M","?","R","?","?","T","M","$","R","M","?","R","BOSS"],"build_version":"2019-07-17","purchased_purges":2,"victory":false,"max_hp_per_floor":[80,80,80,80,80,80,80,80,80,80,90,90,90,90,90,90,90,90,90,95,95,95,95,95,95,95,95,95,95,95,95,95,95],"card_choices":[{"not_picked":["Twin Strike","Thunderclap"],"picked":"Uppercut","floor":1},{"not_picked":["Sword Boomerang","Bloodletting"],"picked":"Dual Wield","floor":11},{"not_picked":["Heavy Blade","Clothesline"],"picked":"Feel No Pain","floor":12},{"not_picked":["Clash","Twin Strike"],"picked":"Warcry","floor":13},{"not_picked":["Dropkick","Cleave"],"picked":"Rampage","floor":14},{"not_picked":["Brutality","Dark Embrace"],"picked":"Demon Form","floor":16},{"not_picked":["Clothesline","Armaments"],"picked":"Warcry+1","floor":18},{"not_picked":["Heavy Blade","Whirlwind"],"picked":"Corruption","floor":21},{"not_picked":["Blood for Blood","Metallicize"],"picked":"Havoc","floor":25},{"not_picked":["Twin Strike","Anger"],"picked":"Body Slam","floor":27},{"not_picked":["Infernal Blade+1","Sword Boomerang"],"picked":"Havoc+1","floor":30},{"not_picked":["Clothesline+1","Cleave"],"picked":"Flame Barrier+1","floor":31}],"player_experience":143095,"relics_obtained":[{"floor":9,"key":"MawBank"},{"floor":11,"key":"Pear"},{"floor":19,"key":"Regal Pillow"},{"floor":26,"key":"Toxic Egg 2"},{"floor":31,"key":"Red Mask"}],"event_choices":[{"damage_healed":0,"gold_gain":55,"player_choice":"Gained Gold","damage_taken":0,"max_hp_gain":0,"max_hp_loss":0,"event_name":"Golden Wing","floor":3,"gold_loss":0},{"damage_healed":0,"gold_gain":0,"player_choice":"Success","damage_taken":25,"relics_obtained":["Red Skull"],"max_hp_gain":0,"max_hp_loss":0,"event_name":"Scrap Ooze","floor":4,"gold_loss":0},{"damage_healed":0,"gold_gain":0,"player_choice":"Rummage","damage_taken":0,"relics_obtained":["WarpedTongs"],"max_hp_gain":0,"max_hp_loss":0,"event_name":"Accursed Blacksmith","floor":6,"gold_loss":0,"cards_obtained":["Pain"]},{"damage_healed":0,"gold_gain":0,"player_choice":"Shed Blood","damage_taken":23,"max_hp_gain":5,"max_hp_loss":0,"event_name":"Forgotten Altar","floor":20,"gold_loss":0},{"damage_healed":0,"gold_gain":0,"player_choice":"Inject Mutagens","damage_taken":0,"relics_obtained":["MutagenicStrength"],"max_hp_gain":0,"max_hp_loss":0,"event_name":"Drug Dealer","floor":22,"gold_loss":0},{"damage_healed":0,"gold_gain":0,"player_choice":"Bought 0 Potions","damage_taken":0,"max_hp_gain":0,"max_hp_loss":0,"event_name":"The Woman in Blue","floor":24,"gold_loss":0},{"damage_healed":0,"gold_gain":0,"player_choice":"Fought Bandits","damage_taken":0,"max_hp_gain":0,"max_hp_loss":0,"event_name":"Masked Bandits","floor":31,"gold_loss":0}],"is_beta":false,"boss_relics":[{"not_picked":["Black Star","Calling Bell"],"picked":"Cursed Key"}],"items_purged_floors":[2,28],"is_endless":false,"potions_floor_spawned":[1,12,13,30,31],"killed_by":"Champ","ascension_level":1}