{"gold_per_floor":[118,128,147,33,43,377,396,396,464,498,498],"floor_reached":11,"playtime":904,"items_purged":["Regret"],"score":85,"play_id":"38137886-6f1a-4019-9119-9225e2a44aba","local_time":"20180818013801","is_ascension_mode":false,"campfire_choices":[{"floor":8,"key":"REST"}],"neow_cost":"CURSE","seed_source_timestamp":1971450953226,"circlet_count":0,"master_deck":["Strike_B","Strike_B","Strike_B","Strike_B","Defend_B","Defend_B","Defend_B","Defend_B","Zap","Dualcast","Coolheaded","Compile Driver","Turbo","Scrape","Turbo","Coolheaded","Steam","Electrodynamics"],"relics":["Cracked Core","Sundial","Old Coin","Smiling Mask","Ice Cream"],"potions_floor_usage":[6,7,10],"damage_taken":[{"damage":8,"enemies":"2 Louse","floor":1,"turns":2},{"damage":11,"enemies":"Cultist","floor":2,"turns":4},{"damage":12,"enemies":"Small Slimes","floor":3,"turns":3},{"damage":1,"enemies":"Exordium Thugs","floor":5,"turns":3},{"damage":35,"enemies":"Lagavulin","floor":6,"turns":7},{"damage":3,"enemies":"Looter","floor":7,"turns":2},{"damage":23,"enemies":"Gremlin Nob","floor":10,"turns":5},{"damage":5,"enemies":"Lots of Slimes","floor":11,"turns":1}],"seed_played":"9065772558176234947","potions_obtained":[{"floor":2,"key":"Weak Potion"},{"floor":6,"key":"LiquidBronze"},{"floor":7,"key":"FocusPotion"}],"is_trial":false,"path_per_floor":["M","M","M","$","M","E","M","R","T","E"],"character_chosen":"DEFECT","items_purchased":["Scrape"],"campfire_rested":1,"item_purchase_floors":[4],"current_hp_per_floor":[67,56,44,44,43,8,5,27,27,4,0],"gold":498,"neow_bonus":"ONE_RARE_RELIC","is_prod":false,"is_daily":false,"chose_seed":false,"campfire_upgraded":0,"win_rate":0,"timestamp":1534549081,"path_taken":["M","M","M","$","M","E","M","R","T","E","M"],"build_version":"2018-08-16","purchased_purges":1,"victory":false,"max_hp_per_floor":[75,75,75,75,75,75,75,75,75,75,75],"card_choices":[{"not_picked":["Heatsinks","Gash"],"picked":"Coolheaded","floor":1},{"not_picked":["Storm","Sweeping Beam"],"picked":"Compile Driver","floor":2},{"not_picked":["Redo","Reinforced Body"],"picked":"Turbo","floor":3},{"not_picked":["Doom and Gloom","Steam"],"picked":"Turbo","floor":5},{"not_picked":["Amplify","Ball Lightning"],"picked":"Coolheaded","floor":6},{"not_picked":["Turbo","Hello World"],"picked":"Steam","floor":7},{"not_picked":["Reprogram","Static Discharge"],"picked":"Electrodynamics","floor":10}],"player_experience":481745,"relics_obtained":[{"floor":6,"key":"Old Coin"},{"floor":9,"key":"Smiling Mask"},{"floor":10,"key":"Ice Cream"}],"event_choices":[],"is_beta":false,"boss_relics":[],"items_purged_floors":[4],"is_endless":false,"potions_floor_spawned":[2,6,7],"killed_by":"Lots of Slimes","ascension_level":0}