{"path_per_floor":["M","$","?","M","M","M","E","M","T","?","$","R","?","M","R","B",null,"M","$","?","M","M","E","R","M","T","M","M","M","R"],"character_chosen":"IRONCLAD","items_purchased":[],"gold_per_floor":[111,36,36,49,63,79,150,174,174,174,74,74,74,88,88,219,219,234,109,109,130,155,188,188,209,209,224,249,263,263,263],"floor_reached":31,"campfire_rested":0,"playtime":4519,"current_hp_per_floor":[76,76,74,69,74,74,13,13,13,18,18,18,37,36,36,7,79,79,76,76,76,66,67,67,56,56,35,28,26,26,0],"items_purged":["Strike_R","Strike_R","Parasite"],"gold":263,"score":286,"play_id":"a21a9eee-42d3-4d66-b207-01c6df9b9da0","local_time":"20180402183819","is_prod":false,"is_daily":false,"is_ascension_mode":false,"campfire_upgraded":4,"timestamp":1522687099,"path_taken":["M","$","?","M","?","M","E","M","T","?","?","R","?","M","R","BOSS","M","$","?","M","?","E","R","?","T","M","M","?","R","?"],"build_version":"2018-03-29v2","purchased_purges":3,"victory":false,"master_deck":["Strike_R","Strike_R","Strike_R","Defend_R","Defend_R","Defend_R","Defend_R","Bash","Entrench+1","Power Through","Spot Weakness","Burning Pact","Armaments+1","Shrug It Off","Brutality+1","Pommel Strike+1","Body Slam+1","Feel No Pain","Shrug It Off+1","True Grit+1","Twin Strike+1"],"max_hp_per_floor":[80,80,74,74,74,74,74,74,74,79,79,79,79,79,79,79,79,79,76,76,76,76,76,76,76,76,76,76,76,76,76],"relics":["Burning Blood","Bag of Preparation","Golden Idol","Tiny Chest","Art of War","Snecko Eye","Omamori","Pen Nib"],"card_choices":[{"not_picked":["Headbutt","Combust"],"picked":"Entrench","floor":1},{"not_picked":["Wild Strike","Hemokinesis"],"picked":"Power Through","floor":4},{"not_picked":["Headbutt","Battle Trance"],"picked":"Spot Weakness","floor":5},{"not_picked":["Twin Strike","Heavy Blade"],"picked":"Burning Pact","floor":6},{"not_picked":["Warcry","Thunderclap"],"picked":"Armaments","floor":7},{"not_picked":["Double Tap","Clothesline"],"picked":"Shrug It Off","floor":8},{"not_picked":["Fiend Fire","Exhume"],"picked":"Brutality","floor":16},{"not_picked":["Clash","Warcry"],"picked":"Pommel Strike","floor":18},{"not_picked":["Warcry","Shrug It Off"],"picked":"Body Slam","floor":21},{"not_picked":["Armaments","Blood for Blood"],"picked":"Feel No Pain","floor":23},{"not_picked":["Sentinel","Body Slam"],"picked":"Shrug It Off","floor":27},{"not_picked":["Heavy Blade","Rage"],"picked":"True Grit","floor":28},{"not_picked":["Power Through","Exhume"],"picked":"Twin Strike","floor":29}],"player_experience":263955,"potions_floor_usage":[5,6,8,16,23,23,25,29],"damage_taken":[{"damage":10,"enemies":"Small Slimes","floor":1,"turns":4},{"damage":11,"enemies":"Jaw Worm","floor":4,"turns":4},{"damage":0,"enemies":"Cultist","floor":5,"turns":3},{"damage":0,"enemies":"Large Slime","floor":6,"turns":6},{"damage":67,"enemies":"Lagavulin","floor":7,"turns":11},{"damage":6,"enemies":"3 Louse","floor":8,"turns":4},{"damage":7,"enemies":"Looter","floor":14,"turns":4},{"damage":35,"enemies":"The Guardian","floor":16,"turns":19},{"damage":4,"enemies":"Shell Parasite","floor":18,"turns":6},{"damage":2,"enemies":"Spheric Guardian","floor":21,"turns":3},{"damage":16,"enemies":"Snake Plant","floor":22,"turns":5},{"damage":5,"enemies":"Gremlin Leader","floor":23,"turns":7},{"damage":17,"enemies":"Centurion and Healer","floor":25,"turns":6},{"damage":27,"enemies":"Slaver and Parasite","floor":27,"turns":7},{"damage":13,"enemies":"Chosen and Byrds","floor":28,"turns":6},{"damage":8,"enemies":"Centurion and Healer","floor":29,"turns":6},{"damage":26,"enemies":"Snake Plant","floor":31,"turns":7}],"event_choices":[{"event_name":"Golden Idol","player_choice":"Lose Max HP","floor":3,"damage_taken":0},{"event_name":"Big Fish","player_choice":"Donut","floor":10,"damage_taken":0},{"event_name":"Mushrooms","player_choice":"Healed and dodged fight","floor":13,"damage_taken":0},{"event_name":"The Woman in Blue","player_choice":"Bought 0 Potions","floor":20,"damage_taken":0}],"boss_relics":[{"not_picked":["Eternal Feather","Black Star"],"picked":"Snecko Eye"}],"potions_floor_spawned":[1,4,5,7,18,21,22,27],"seed_played":"-2581928155835599473","killed_by":"Snake Plant","ascension_level":0,"is_trial":false}