{"path_per_floor":["M","?","?","?","T","E","R","M","T","?","$","E","R","M","R","B",null,"M","?","?","M","?","M","T","?","T","$","M","M","R","M","R"],"character_chosen":"IRONCLAD","items_purchased":["Paper Frog","Burning Pact","Feel No Pain"],"gold_per_floor":[111,111,186,361,361,395,395,411,411,411,17,46,46,57,57,160,160,170,170,170,185,185,197,197,197,224,56,70,83,83,95,95,95],"floor_reached":33,"campfire_rested":1,"playtime":3066,"current_hp_per_floor":[88,88,77,77,77,39,39,55,55,37,37,29,55,61,61,25,88,82,82,82,88,88,51,51,34,34,34,41,24,24,42,42,0],"items_purged":["Normality","Strike_R"],"gold":95,"score":253,"play_id":"9a345879-e9e6-45db-9bf4-638c36f65f23","local_time":"20180401233520","is_prod":false,"is_daily":false,"is_ascension_mode":false,"campfire_upgraded":4,"timestamp":1522618520,"path_taken":["M","?","?","?","?","E","R","M","T","?","$","E","R","M","R","BOSS","M","?","?","?","?","M","?","?","T","$","M","?","R","M","R","BOSS"],"build_version":"2018-03-29v2","purchased_purges":2,"victory":false,"master_deck":["Strike_R+1","Strike_R","Strike_R","Strike_R","Defend_R","Defend_R","Defend_R","Defend_R","Bash+1","Shrug It Off","Battle Trance+1","Burning Pact","Flame Barrier+1","Immolate","Thunderclap+1","Headbutt","Feel No Pain+1","Armaments+1","Body Slam+1","Entrench+1"],"max_hp_per_floor":[88,88,88,88,88,88,88,88,88,88,88,88,88,88,88,88,88,88,88,88,88,88,88,88,93,93,93,93,93,93,93,93,93],"relics":["Burning Blood","Meat on the Bone","Ginger","Anchor","Art of War","Paper Frog","Ancient Tea Set","Philosopher\u0027s Stone","Molten Egg 2","Orichalcum"],"card_choices":[{"not_picked":["Dual Wield","True Grit"],"picked":"Shrug It Off","floor":1},{"not_picked":["Combust","Iron Wave"],"picked":"Battle Trance","floor":6},{"not_picked":["Rupture","Perfected Strike"],"picked":"Flame Barrier","floor":14},{"not_picked":["Limit Break","Reaper"],"picked":"Immolate","floor":16},{"not_picked":["Clash","Bloodletting"],"picked":"Thunderclap","floor":21},{"not_picked":["True Grit","Infernal Blade"],"picked":"Headbutt","floor":23},{"not_picked":["Bloodletting","Rage"],"picked":"Armaments","floor":28},{"not_picked":["Clash","True Grit"],"picked":"Body Slam","floor":29},{"not_picked":["Perfected Strike","Sentinel"],"picked":"Entrench","floor":31}],"player_experience":257399,"potions_floor_usage":[16,23,29,33],"damage_taken":[{"damage":3,"enemies":"Jaw Worm","floor":1,"turns":4},{"damage":56,"enemies":"Gremlin Nob","floor":6,"turns":6},{"damage":2,"enemies":"Cultist","floor":8,"turns":4},{"damage":26,"enemies":"3 Sentries","floor":12,"turns":12},{"damage":0,"enemies":"2 Louse","floor":14,"turns":2},{"damage":54,"enemies":"Slime Boss","floor":16,"turns":14},{"damage":12,"enemies":"Shell Parasite","floor":18,"turns":10},{"damage":0,"enemies":"3 Byrds","floor":21,"turns":3},{"damage":70,"enemies":"Centurion and Healer","floor":23,"turns":8},{"damage":11,"enemies":"Snecko","floor":28,"turns":4},{"damage":35,"enemies":"Sentry and Sphere","floor":29,"turns":7},{"damage":0,"enemies":"Snake Plant","floor":31,"turns":3},{"damage":58,"enemies":"Automaton","floor":33,"turns":6}],"event_choices":[{"event_name":"Accursed Blacksmith","player_choice":"Rummage","floor":2,"damage_taken":0},{"event_name":"World of Goop","player_choice":"Gather Gold","floor":3,"damage_taken":0},{"event_name":"Liars Game","player_choice":"agreed","floor":4,"damage_taken":0},{"event_name":"Shining Light","player_choice":"Entered Light","floor":10,"damage_taken":0},{"event_name":"Ghosts","player_choice":"Ignored","floor":19,"damage_taken":0},{"event_name":"Drug Dealer","player_choice":"Ignored","floor":20,"damage_taken":0},{"event_name":"Fountain of Cleansing","player_choice":"Removed Curse","floor":22,"damage_taken":0},{"event_name":"Forgotten Altar","player_choice":"Shed Blood","floor":25,"damage_taken":0}],"boss_relics":[{"not_picked":["Runic Pyramid","Ectoplasm"],"picked":"Philosopher\u0027s Stone"}],"potions_floor_spawned":[8,12,14,21,31],"seed_played":"4721202044243903573","killed_by":"Automaton","ascension_level":0,"is_trial":false}