{"path_per_floor":["M","?","?","M","M","E","$","R","T","M","$","M","$","E","R","B",null,"M","M","?","?","?","R","M","?","T","M"],"character_chosen":"THE_SILENT","items_purchased":["All Out Attack","Deadly Poison"],"gold_per_floor":[99,99,99,99,99,99,4,4,4,0,0,0,0,0,0,0,0,0,0,0,0,0,0,0,0,0,0],"floor_reached":28,"campfire_rested":2,"playtime":3438,"current_hp_per_floor":[70,70,70,69,63,64,64,84,84,84,84,83,83,72,72,54,84,55,38,38,38,38,63,51,51,51,15],"items_purged":[],"gold":0,"score":228,"play_id":"a43774c8-f2e3-42e5-8333-c09ebd58fb81","is_prod":false,"is_daily":false,"is_ascension_mode":false,"campfire_upgraded":1,"path_taken":["M","?","?","M","M","E","$","R","T","M","?","M","$","E","R","BOSS","M","M","?","?","?","R","M","?","T","M","E"],"build_version":"2018-02-08-PROD1","purchased_purges":0,"victory":false,"master_deck":["Defend_G","Defend_G","Defend_G","Defend_G","Strike_G","Strike_G","Strike_G","Strike_G","Strike_G","Survivor","Neutralize","Masterful Stab","Noxious Fumes+1","Acrobatics","Footwork","All Out Attack","Deadly Poison","Outmaneuver","Backflip","Unload","A Thousand Cuts","Flying Knee","Backflip","Finisher","Expertise","Bane"],"max_hp_per_floor":[70,70,70,70,70,84,84,84,84,84,84,84,84,84,84,84,84,84,84,84,84,84,84,84,84,84,84],"relics":["Ectoplasm","Juzu Bracelet","Ancient Tea Set","Black Star","Nloth\u0027s Gift","Anchor"],"card_choices":[{"not_picked":["Escape Plan","Outmaneuver"],"picked":"Masterful Stab"},{"not_picked":["Choke","Dodge and Roll"],"picked":"Noxious Fumes"},{"not_picked":["Prepared","Bane"],"picked":"Acrobatics"},{"not_picked":["PiercingWail","Masterful Stab"],"picked":"Footwork"},{"not_picked":["PiercingWail","Dodge and Roll"],"picked":"Outmaneuver"},{"not_picked":["Deflect","Predator"],"picked":"Backflip"},{"not_picked":["Bouncing Flask","Dagger Throw"],"picked":"Unload"},{"not_picked":["Corpse Explosion","Tools of the Trade"],"picked":"A Thousand Cuts"},{"not_picked":["Footwork","Poisoned Stab"],"picked":"Flying Knee"},{"not_picked":["Choke","All Out Attack"],"picked":"Backflip"},{"not_picked":["Eviscerate","Sucker Punch"],"picked":"Expertise"},{"not_picked":["Slice","Venomology"],"picked":"Bane"}],"player_experience":19819,"potions_floor_usage":[6,6,14,28,28],"damage_taken":[{"damage":0,"enemies":"Blue Slaver","floor":1,"turns":5},{"damage":1,"enemies":"2 Louse","floor":4,"turns":2},{"damage":6,"enemies":"Jaw Worm","floor":5,"turns":3},{"damage":13,"enemies":"Gremlin Nob","floor":6,"turns":4},{"damage":0,"enemies":"Exordium Thugs","floor":10,"turns":4},{"damage":1,"enemies":"Gremlin Gang","floor":12,"turns":4},{"damage":11,"enemies":"3 Sentries","floor":14,"turns":6},{"damage":18,"enemies":"The Guardian","floor":16,"turns":9},{"damage":29,"enemies":"Spheric Guardian","floor":18,"turns":6},{"damage":17,"enemies":"3 Byrds","floor":19,"turns":5},{"damage":12,"enemies":"Centurion and Healer","floor":24,"turns":6},{"damage":36,"enemies":"3 Cultists","floor":27,"turns":6},{"damage":17,"enemies":"Book of Stabbing","floor":28,"turns":4}],"event_choices":[{"event_name":"Golden Shrine","player_choice":"Skipped","floor":2,"damage_taken":0},{"event_name":"Purifier","player_choice":"One Purge","floor":3,"damage_taken":0},{"event_name":"N\u0027loth","player_choice":"Traded a Mango","floor":20,"damage_taken":0},{"event_name":"Drug Dealer","player_choice":"Ignored","floor":21,"damage_taken":0},{"event_name":"The Library","player_choice":"Read","floor":22,"damage_taken":0},{"event_name":"Addict","player_choice":"Ignored","floor":25,"damage_taken":0}],"boss_relics":[{"not_picked":["Sozu","Orrery"],"picked":"Black Star"}],"potions_floor_spawned":[1,5,10,19,27],"seed_played":"-7077346342552175621","killed_by":"Book of Stabbing","ascension_level":0,"is_trial":false}