{"path_per_floor":["M","?","M","M","M","R","E","?","T","R","?","M","$","M","R","B",null,"M","M","T","$","M"],"character_chosen":"IRONCLAD","items_purchased":[],"gold_per_floor":[11,11,28,45,63,63,92,92,92,92,92,112,52,68,68,165,165,178,197,197,117,136,136],"floor_reached":23,"campfire_rested":1,"playtime":2213,"current_hp_per_floor":[74,74,74,74,57,57,44,44,44,44,37,20,20,13,37,21,80,75,65,75,75,64,0],"items_purged":["Defend_R","Strike_R"],"gold":136,"score":222,"play_id":"5e4a70cb-6718-4d05-91c4-78676693f9b2","local_time":"20180430201114","is_prod":false,"is_daily":false,"chose_seed":false,"is_ascension_mode":true,"campfire_upgraded":2,"timestamp":1525111874,"path_taken":["M","?","M","M","M","R","E","?","T","R","?","M","$","?","R","BOSS","M","M","?","?","M","E"],"build_version":"2018-04-28v2","seed_source_timestamp":0,"purchased_purges":2,"victory":false,"master_deck":["Strike_R","Strike_R","Defend_R","Defend_R","Defend_R","Bash","Metallicize+1","Body Slam+1","Feel No Pain","Flame Barrier","Impervious","Pommel Strike+1","Entrench"],"max_hp_per_floor":[80,80,80,80,80,80,80,80,80,80,80,80,80,80,80,80,80,80,80,90,90,90,90],"relics":["Burning Blood","Ginger","Torii","The Courier","Runic Cube","Pear"],"card_choices":[{"not_picked":["Headbutt","Searing Blow"],"picked":"Metallicize","floor":1.0},{"not_picked":["True Grit","Pommel Strike"],"picked":"Body Slam","floor":3.0},{"not_picked":["Sword Boomerang","Spot Weakness"],"picked":"Feel No Pain","floor":4.0},{"not_picked":["Thunderclap","Sword Boomerang"],"picked":"Flame Barrier","floor":14.0},{"not_picked":["Reaper","Demon Form"],"picked":"Impervious","floor":16},{"not_picked":["Wild Strike","Iron Wave"],"picked":"Pommel Strike","floor":18},{"not_picked":["Clash","Combust"],"picked":"Entrench","floor":19}],"player_experience":390019,"potions_floor_usage":[23,23],"damage_taken":[{"damage":12.0,"enemies":"Jaw Worm","floor":1.0,"turns":2.0},{"damage":6.0,"enemies":"2 Louse","floor":3.0,"turns":4.0},{"damage":6.0,"enemies":"Small Slimes","floor":4.0,"turns":3.0},{"damage":23.0,"enemies":"Blue Slaver","floor":5.0,"turns":5.0},{"damage":19.0,"enemies":"3 Sentries","floor":7.0,"turns":10.0},{"damage":23.0,"enemies":"Looter","floor":12.0,"turns":4.0},{"damage":13.0,"enemies":"2 Fungi Beasts","floor":14.0,"turns":4.0},{"damage":22,"enemies":"The Guardian","floor":16,"turns":15},{"damage":11,"enemies":"Chosen","floor":18,"turns":7},{"damage":16,"enemies":"Shell Parasite","floor":19,"turns":8},{"damage":17,"enemies":"Snake Plant","floor":22,"turns":4},{"damage":78,"enemies":"Gremlin Leader","floor":23,"turns":9}],"event_choices":[{"event_name":"The Cleric","player_choice":"Leave","floor":2.0,"damage_taken":0.0},{"event_name":"Living Wall","player_choice":"Forget","floor":8.0,"damage_taken":0.0},{"event_name":"Golden Wing","player_choice":"Card Removal","floor":11.0,"damage_taken":0.0}],"boss_relics":[{"not_picked":["Runic Dome","Ectoplasm"],"picked":"Runic Cube"}],"potions_floor_spawned":[4,5,16,18,22],"seed_played":"4813715389553386364","killed_by":"Gremlin Leader","ascension_level":3,"is_trial":false}