{"gold_per_floor":[111,128,53,53,53,53,72,72,119,19,19,52,64,77,77,178,178,195,90,105,105,136,171,171,171,171,189,208,83,102,102,102,102],"floor_reached":33,"playtime":2283,"items_purged":["Strike_R","Strike_R","Defend_R"],"score":315,"play_id":"5543d43f-e1e6-4555-8f16-6c2686d1157b","local_time":"20190122230703","is_ascension_mode":false,"campfire_choices":[{"data":"Pommel Strike","floor":6,"key":"SMITH"},{"data":"Shrug It Off","floor":11,"key":"SMITH"},{"data":"Pommel Strike","floor":15,"key":"SMITH"},{"data":"Burning Pact","floor":24,"key":"SMITH"},{"data":"Sentinel","floor":32,"key":"SMITH"}],"neow_cost":"NONE","seed_source_timestamp":31743142395456,"circlet_count":0,"master_deck":["Strike_R","Strike_R+1","Strike_R","Defend_R","Defend_R","Bash","Pommel Strike+1","Shrug It Off+1","Heavy Blade","Spot Weakness","Pommel Strike+1","Limit Break","Burning Pact+1","Thunderclap","Whirlwind+1","RitualDagger","Metallicize+1","Sentinel+1"],"relics":["Burning Blood","NeowsBlessing","FaceOfCleric","Pen Nib","Strawberry","Coffee Dripper","Red Mask","Kunai","MutagenicStrength","Whetstone","Nilry\u0027s Codex"],"potions_floor_usage":[12,18,27,28,30],"damage_taken":[{"damage":0,"enemies":"Cultist","floor":1,"turns":1},{"damage":0,"enemies":"2 Louse","floor":2,"turns":1},{"damage":0,"enemies":"Jaw Worm","floor":7,"turns":1},{"damage":20,"enemies":"3 Sentries","floor":12,"turns":9},{"damage":0,"enemies":"Large Slime","floor":13,"turns":4},{"damage":0,"enemies":"Looter","floor":14,"turns":3},{"damage":17,"enemies":"Slime Boss","floor":16,"turns":8},{"damage":27,"enemies":"3 Byrds","floor":18,"turns":5},{"damage":15,"enemies":"Shell Parasite","floor":20,"turns":4},{"damage":0,"enemies":"Masked Bandits","floor":22,"turns":2},{"damage":44,"enemies":"Book of Stabbing","floor":23,"turns":5},{"damage":0,"enemies":"Snake Plant","floor":27,"turns":1},{"damage":10,"enemies":"Sentry and Sphere","floor":28,"turns":4},{"damage":0,"enemies":"Shelled Parasite and Fungi","floor":30,"turns":2},{"damage":37,"enemies":"Champ","floor":33,"turns":5}],"seed_played":"2598826452764323274","potions_obtained":[{"floor":1,"key":"Block Potion"},{"floor":13,"key":"BloodPotion"},{"floor":23,"key":"Energy Potion"},{"floor":27,"key":"Block Potion"},{"floor":28,"key":"SteroidPotion"}],"is_trial":false,"path_per_floor":["M","M","$","?","?","R","M","?","T","$","R","E","M","M","R","B",null,"M","$","M","?","?","E","R","?","T","M","M","$","M","?","R","B"],"character_chosen":"IRONCLAD","items_purchased":["Thunderclap","Whirlwind"],"campfire_rested":0,"item_purchase_floors":[19,19],"current_hp_per_floor":[80,80,80,80,80,80,80,80,80,80,80,74,81,88,88,78,91,80,80,72,66,73,36,36,36,36,43,40,40,47,31,31,0],"gold":102,"neow_bonus":"THREE_ENEMY_KILL","is_prod":false,"is_daily":false,"chose_seed":false,"campfire_upgraded":5,"win_rate":0,"timestamp":1548194823,"path_taken":["M","M","$","?","?","R","?","?","T","?","R","E","M","?","R","BOSS","M","$","M","?","?","E","R","?","T","?","M","$","M","?","R","BOSS"],"build_version":"2019-01-17v2","purchased_purges":3,"victory":false,"max_hp_per_floor":[80,80,80,80,80,80,80,80,80,80,80,88,89,90,90,91,91,92,92,93,93,94,95,95,95,95,96,97,97,98,98,98,98],"card_choices":[{"not_picked":["Sever Soul","Dropkick"],"picked":"Pommel Strike","floor":1},{"not_picked":["Power Through","Feel No Pain"],"picked":"Shrug It Off","floor":2},{"not_picked":["Pummel","Twin Strike"],"picked":"Heavy Blade","floor":7},{"not_picked":["Perfected Strike","Battle Trance","Warcry"],"picked":"SKIP","floor":12},{"not_picked":["Anger","Sentinel"],"picked":"Spot Weakness","floor":13},{"not_picked":["Twin Strike","Inflame"],"picked":"Pommel Strike","floor":14},{"not_picked":["Dark Embrace","Fiend Fire"],"picked":"Limit Break","floor":16},{"not_picked":["Heavy Blade+1","Armaments"],"picked":"Burning Pact","floor":18},{"not_picked":["Body Slam","Flame Barrier","Uppercut"],"picked":"SKIP","floor":20},{"not_picked":["Wild Strike","Battle Trance"],"picked":"Metallicize+1","floor":23},{"not_picked":["Ghostly Armor","Combust+1","Flame Barrier+1"],"picked":"SKIP","floor":27},{"not_picked":["Anger+1","Evolve","Sever Soul"],"picked":"SKIP","floor":28},{"not_picked":["True Grit","Clash+1"],"picked":"Sentinel","floor":30}],"player_experience":578838,"relics_obtained":[{"floor":9,"key":"Pen Nib"},{"floor":12,"key":"Strawberry"},{"floor":22,"key":"Red Mask"},{"floor":23,"key":"Kunai"},{"floor":26,"key":"Whetstone"},{"floor":31,"key":"Nilry\u0027s Codex"}],"event_choices":[{"cards_removed":["Defend_R"],"damage_healed":0,"gold_gain":0,"player_choice":"Forget","damage_taken":0,"max_hp_gain":0,"max_hp_loss":0,"event_name":"Living Wall","floor":4,"gold_loss":0},{"damage_healed":0,"gold_gain":0,"player_choice":"Full Heal","damage_taken":0,"max_hp_gain":0,"max_hp_loss":0,"event_name":"Wheel of Change","floor":5,"gold_loss":0},{"damage_healed":0,"gold_gain":0,"player_choice":"Trade","damage_taken":0,"relics_obtained":["FaceOfCleric"],"max_hp_gain":0,"max_hp_loss":0,"event_name":"FaceTrader","floor":8,"gold_loss":0},{"damage_healed":0,"gold_gain":0,"player_choice":"Joined the Cult","damage_taken":6,"max_hp_gain":0,"max_hp_loss":0,"event_name":"Nest","floor":21,"gold_loss":0,"cards_obtained":["RitualDagger"]},{"damage_healed":0,"gold_gain":0,"player_choice":"Fought Bandits","damage_taken":0,"max_hp_gain":0,"max_hp_loss":0,"event_name":"Masked Bandits","floor":22,"gold_loss":0},{"damage_healed":0,"gold_gain":0,"player_choice":"Inject Mutagens","damage_taken":0,"relics_obtained":["MutagenicStrength"],"max_hp_gain":0,"max_hp_loss":0,"event_name":"Drug Dealer","floor":25,"gold_loss":0},{"damage_healed":0,"gold_gain":0,"player_choice":"Obtained Book","damage_taken":16,"max_hp_gain":0,"max_hp_loss":0,"event_name":"Cursed Tome","floor":31,"gold_loss":0}],"is_beta":false,"boss_relics":[{"not_picked":["Eternal Feather","Snecko Eye"],"picked":"Coffee Dripper"}],"items_purged_floors":[3,10,29],"is_endless":false,"potions_floor_spawned":[1,13,23,27,28],"killed_by":"Champ","ascension_level":0}