{"path_per_floor":["M","M","$","M","$","R","E","M","T","?","E","?","R","M","R","B",null,"M","?","M","?","$","E","$","R","T","E","R","M","R","M","R"],"character_chosen":"THE_SILENT","items_purchased":["Choke","Flying Knee","Dagger Spray","Ornamental Fan","Molten Egg 2","Bane","Blade Dance"],"gold_per_floor":[112,130,51,68,17,17,43,58,358,458,488,468,468,485,485,581,581,596,596,606,606,41,73,34,34,34,65,65,79,79,95,95],"floor_reached":33,"campfire_rested":4,"playtime":2929,"current_hp_per_floor":[68,68,68,64,64,64,55,55,55,55,46,46,67,61,61,41,70,50,50,46,46,46,24,24,45,45,35,70,70,70,36,70],"items_purged":[],"gold":95,"score":293,"play_id":"d882083c-6d19-482a-9cdc-52ebd012628e","is_prod":false,"is_daily":false,"is_ascension_mode":false,"campfire_upgraded":3,"path_taken":["M","M","$","M","$","R","E","M","T","?","E","?","R","M","R","BOSS","M","?","M","?","$","E","$","R","T","E","R","M","R","M","R","BOSS"],"build_version":"2018-02-08-PROD1","purchased_purges":0,"victory":false,"master_deck":["Defend_G","Defend_G","Defend_G","Defend_G","Defend_G","Strike_G","Strike_G","Strike_G","Strike_G","Strike_G","Survivor","Neutralize","Blur","Dagger Spray","Choke","Flying Knee","Outmaneuver","Dagger Spray+1","Blade Dance","Infinite Blades","Adrenaline+1","Choke+1","Adrenaline","Quick Slash+1","Jack Of All Trades","Corpse Explosion","Outmaneuver","Endless Agony","Bane+1","Poisoned Stab+1","Blade Dance","Dagger Spray+1","Prepared","Slice+1"],"max_hp_per_floor":[70,70,70,70,70,70,70,70,70,70,70,70,70,70,70,70,70,70,70,70,70,70,70,70,70,70,70,70,70,70,70,70],"relics":["Question Card","Shuriken","Old Coin","Bottled Tornado","The Specimen","Ornamental Fan","Molten Egg 2","Peace Pipe","Regal Pillow","Frozen Egg 2"],"card_choices":[{"not_picked":["Acrobatics","Calculated Gamble","Deadly Poison"],"picked":"Blur"},{"not_picked":["Skewer","Sucker Punch","PiercingWail"],"picked":"Dagger Spray"},{"not_picked":["Glass Knife","Deadly Poison","Leg Sweep"],"picked":"Outmaneuver"},{"not_picked":["Acrobatics","Distraction","Noxious Fumes"],"picked":"Blade Dance"},{"not_picked":["Dodge and Roll","Prepared","Expertise"],"picked":"Infinite Blades"},{"not_picked":["Dagger Throw","Malaise","Dagger Spray"],"picked":"Adrenaline"},{"not_picked":["Sucker Punch","Blur","Crippling Poison"],"picked":"Choke"},{"not_picked":["Envenom","Burst","Venomology"],"picked":"Adrenaline"},{"not_picked":["Dagger Spray","Expertise","Heel Hook"],"picked":"Quick Slash"},{"not_picked":["Terror","Catalyst","Bouncing Flask"],"picked":"Outmaneuver"},{"not_picked":["Catalyst","Well Laid Plans","PiercingWail"],"picked":"Poisoned Stab"},{"not_picked":["Catalyst","Deflect","Reflex"],"picked":"Dagger Spray"},{"not_picked":["Deflect","Bouncing Flask","PiercingWail"],"picked":"Prepared"},{"not_picked":["Dagger Spray","Die Die Die","Flying Knee"],"picked":"Slice"}],"player_experience":33144,"potions_floor_usage":[11,16,16,20,23,27,29,29],"damage_taken":[{"damage":2,"enemies":"Blue Slaver","floor":1,"turns":5},{"damage":0,"enemies":"2 Louse","floor":2,"turns":3},{"damage":4,"enemies":"Jaw Worm","floor":4,"turns":4},{"damage":9,"enemies":"3 Sentries","floor":7,"turns":7},{"damage":0,"enemies":"Gremlin Gang","floor":8,"turns":2},{"damage":18,"enemies":"Lagavulin","floor":11,"turns":5},{"damage":6,"enemies":"2 Fungi Beasts","floor":14,"turns":2},{"damage":20,"enemies":"Hexaghost","floor":16,"turns":7},{"damage":20,"enemies":"Spheric Guardian","floor":18,"turns":4},{"damage":10,"enemies":"Chosen","floor":20,"turns":3},{"damage":22,"enemies":"Book of Stabbing","floor":23,"turns":3},{"damage":10,"enemies":"Gremlin Leader","floor":27,"turns":4},{"damage":0,"enemies":"Snecko","floor":29,"turns":3},{"damage":34,"enemies":"Cultist and Chosen","floor":31,"turns":4},{"damage":72,"enemies":"Champ","floor":33,"turns":8}],"event_choices":[{"event_name":"Wheel of Change","player_choice":"Gold","floor":10,"damage_taken":0},{"event_name":"The Woman in Blue","player_choice":"Bought 1 Potion","floor":12,"damage_taken":0},{"event_name":"Match and Keep!","player_choice":"2 cards matched","floor":19,"damage_taken":0},{"event_name":"The Library","player_choice":"Read","floor":21,"damage_taken":0}],"boss_relics":[{"not_picked":["Tiny House","Astrolabe"],"picked":"The Specimen"}],"potions_floor_spawned":[7,8,14,16,18,23,27],"seed_played":"-1994225265045673044","killed_by":"Champ","ascension_level":0,"is_trial":false}