{"path_per_floor":["M","?","?","M","?","R","$","M","T","M","M","T","M","M","R","B",null,"M","?","M","?","?","E","R","E","T","$","M","M","$","M","R","B",null,"M","M","M","?","$","E","?","E","T","?","?","M","?","?","R"],"character_chosen":"IRONCLAD","items_purchased":["Purity","Fiend Fire"],"gold_per_floor":[119,69,69,81,81,81,6,19,19,30,42,42,60,79,79,184,184,196,196,209,209,209,235,235,264,290,86,106,117,38,51,51,153,153,172,190,207,207,82,111,111,143,194,194,194,210,210,210,210,210],"floor_reached":50,"campfire_rested":0,"playtime":3655,"current_hp_per_floor":[88,88,70,72,60,60,60,66,66,71,77,77,80,86,86,88,88,88,88,88,88,88,69,69,67,67,67,73,78,78,84,84,63,88,88,67,45,45,45,51,73,27,27,27,77,75,75,75,75,0],"items_purged":["Defend_R","Strike_R","Flex"],"gold":210,"score":698,"play_id":"b2959cbd-726a-4d96-8075-4c4dc7377166","local_time":"20180513150802","is_prod":false,"is_daily":false,"chose_seed":false,"is_ascension_mode":true,"campfire_upgraded":5,"timestamp":1526216882,"path_taken":["M","?","?","M","?","R","$","M","T","M","M","?","?","M","R","BOSS","M","?","M","?","?","E","R","E","T","$","M","M","$","M","R","BOSS","M","M","M","?","$","E","?","E","T","?","?","M","?","?","R","BOSS"],"build_version":"2018-05-10","seed_source_timestamp":2069043736210,"purchased_purges":3,"victory":false,"master_deck":["Strike_R","Strike_R","Strike_R","Defend_R+1","Defend_R+1","Bash","Spot Weakness+1","Pommel Strike+1","Thunderclap","Warcry","Impervious","Immolate","Burning Pact+1","Shrug It Off+1","Heavy Blade","Heavy Blade","Purity","Dropkick","Fiend Fire+1","Evolve+1","Havoc+1","Writhe","Dramatic Entrance"],"max_hp_per_floor":[88,88,88,88,88,88,88,88,88,88,88,88,88,88,88,88,88,88,88,88,88,88,88,88,88,88,88,88,88,88,88,88,88,88,88,88,88,88,88,88,88,88,88,88,77,77,77,77,77,77],"relics":["Burning Blood","Thread and Needle","Charon\u0027s Ashes","Bag of Marbles","Mark of Pain","Juzu Bracelet","Dream Catcher","Anchor","Snecko Eye","Toolbox","Pen Nib","Happy Flower"],"card_choices":[{"not_picked":["Carnage","Sword Boomerang"],"picked":"Spot Weakness","floor":4},{"not_picked":["Anger","Combust"],"picked":"Pommel Strike","floor":8},{"not_picked":["Twin Strike","Clash"],"picked":"Thunderclap","floor":10},{"not_picked":["Spot Weakness","Blood for Blood"],"picked":"Warcry","floor":11},{"not_picked":["Perfected Strike","Anger"],"picked":"Seeing Red","floor":13},{"not_picked":["Seeing Red","Dual Wield"],"picked":"Impervious","floor":14},{"not_picked":["Double Tap","Brutality"],"picked":"Immolate","floor":16},{"not_picked":["Carnage","Reckless Charge"],"picked":"Burning Pact","floor":18},{"not_picked":["Thunderclap","Seeing Red"],"picked":"Shrug It Off","floor":20},{"not_picked":["Armaments","Perfected Strike"],"picked":"Heavy Blade","floor":23},{"not_picked":["Entrench","Hemokinesis"],"picked":"Heavy Blade","floor":25},{"not_picked":["True Grit","Feel No Pain"],"picked":"Flex","floor":28},{"not_picked":["Flex","Flame Barrier"],"picked":"Dropkick","floor":29},{"not_picked":["Headbutt","Flex"],"picked":"Evolve","floor":31},{"not_picked":["Rage","Armaments"],"picked":"Havoc","floor":40},{"not_picked":["Flash of Steel","Secret Technique"],"picked":"Dramatic Entrance","floor":48}],"player_experience":406998,"potions_floor_usage":[11,16,16,18,25,33,33,37,42,42,42,42,42,50],"damage_taken":[{"damage":6,"enemies":"Cultist","floor":1,"turns":3},{"damage":4,"enemies":"Jaw Worm","floor":4,"turns":3},{"damage":0,"enemies":"Small Slimes","floor":8,"turns":3},{"damage":1,"enemies":"Red Slaver","floor":10,"turns":4},{"damage":0,"enemies":"Looter","floor":11,"turns":2},{"damage":3,"enemies":"3 Louse","floor":13,"turns":2},{"damage":0,"enemies":"Large Slime","floor":14,"turns":3},{"damage":3,"enemies":"Slime Boss","floor":16,"turns":7},{"damage":0,"enemies":"Spheric Guardian","floor":18,"turns":3},{"damage":0,"enemies":"3 Byrds","floor":20,"turns":2},{"damage":25,"enemies":"Slavers","floor":23,"turns":3},{"damage":8,"enemies":"Book of Stabbing","floor":25,"turns":5},{"damage":0,"enemies":"Snake Plant","floor":28,"turns":2},{"damage":1,"enemies":"Centurion and Healer","floor":29,"turns":4},{"damage":0,"enemies":"Cultist and Chosen","floor":31,"turns":3},{"damage":27,"enemies":"Collector","floor":33,"turns":5},{"damage":0,"enemies":"Orb Walker","floor":35,"turns":2},{"damage":27,"enemies":"3 Darklings","floor":36,"turns":4},{"damage":28,"enemies":"Maw","floor":37,"turns":6},{"damage":0,"enemies":"2 Orb Walkers","floor":40,"turns":2},{"damage":60,"enemies":"Giant Head","floor":42,"turns":7},{"damage":8,"enemies":"4 Shapes","floor":46,"turns":2},{"damage":84,"enemies":"Time Eater","floor":50,"turns":6}],"event_choices":[{"event_name":"The Cleric","player_choice":"Card Removal","floor":2,"damage_taken":0},{"event_name":"Shining Light","player_choice":"Entered Light","floor":3,"damage_taken":0},{"event_name":"Scrap Ooze","player_choice":"success","floor":5,"damage_taken":12},{"event_name":"Back to Basics","player_choice":"Elegance","floor":19,"damage_taken":0},{"event_name":"N\u0027loth","player_choice":"Ignored","floor":21,"damage_taken":0},{"event_name":"Drug Dealer","player_choice":"Ignored","floor":22,"damage_taken":0},{"event_name":"Mysterious Sphere","player_choice":"Ignore","floor":38,"damage_taken":0},{"event_name":"Winding Halls","player_choice":"Writhe","floor":41,"damage_taken":0},{"event_name":"The Moai Head","player_choice":"Heal","floor":45,"damage_taken":0},{"event_name":"SecretPortal","player_choice":"Rejected Portal.","floor":47,"damage_taken":0},{"event_name":"SensoryStone","player_choice":"Memory 1","floor":48,"damage_taken":0}],"boss_relics":[{"not_picked":["Black Star","Pandora\u0027s Box"],"picked":"Mark of Pain"},{"not_picked":["Eternal Feather","Orrery"],"picked":"Snecko Eye"}],"potions_floor_spawned":[1,8,10,16,20,23,29,31,36,40,46],"seed_played":"-1032479585769616764","killed_by":"Time Eater","ascension_level":3,"is_trial":false}