{"path_per_floor":["M","?","$","M","M","R","M","?","T","M","?","M","M","M","R","B",null,"M","M","$","?","?","?","M","R","T","R","?","T","$","M","R"],"character_chosen":"IRONCLAD","items_purchased":["Vajra"],"gold_per_floor":[15,15,15,30,41,41,59,59,59,72,22,38,48,59,59,161,161,177,191,116,116,116,116,126,126,173,173,173,199,45,62,62,62],"floor_reached":33,"campfire_rested":2,"playtime":2653,"current_hp_per_floor":[79,72,72,68,73,73,79,79,79,75,75,80,70,63,63,27,80,42,44,44,44,44,44,24,50,50,50,33,33,33,32,61,0],"items_purged":["Defend_R"],"gold":62,"score":264,"play_id":"6cc2710e-347c-4d17-92dc-3b09c2d81455","local_time":"20180329205325","is_prod":false,"is_daily":false,"is_ascension_mode":false,"campfire_upgraded":3,"timestamp":1522349605,"path_taken":["M","?","?","?","M","R","M","?","T","M","?","M","?","M","R","BOSS","M","M","$","?","?","?","M","R","T","R","?","?","$","M","R","BOSS"],"build_version":"2018-03-22v2","purchased_purges":1,"victory":false,"master_deck":["Strike_R","Strike_R","Strike_R","Defend_R","Defend_R","Bash","Flex+1","Thunderclap+1","Thunderclap","Pommel Strike+1","Feed","Headbutt+1","Heavy Blade+1","Demon Form"],"max_hp_per_floor":[80,80,80,80,80,80,80,80,80,80,80,80,80,80,80,80,80,83,86,86,86,86,86,89,89,89,89,94,94,94,97,97,97],"relics":["Burning Blood","Red Skull","Bronze Scales","Torii","Question Card","Bag of Marbles","Dream Catcher","Vajra"],"card_choices":[{"not_picked":["Headbutt","Pummel"],"picked":"Flex","floor":1},{"not_picked":["Perfected Strike","Twin Strike"],"picked":"Thunderclap","floor":4},{"not_picked":["Dual Wield","Headbutt"],"picked":"Thunderclap","floor":7},{"not_picked":["Clothesline","Disarm"],"picked":"Pommel Strike","floor":10},{"not_picked":["Demon Form","Limit Break"],"picked":"Feed","floor":16},{"not_picked":["Shrug It Off","Iron Wave","Warcry"],"picked":"Headbutt","floor":24},{"not_picked":["Clothesline","Blood for Blood","Havoc"],"picked":"Heavy Blade","floor":31},{"not_picked":["Iron Wave","Shrug It Off","Twin Strike"],"picked":"Demon Form","floor":32}],"player_experience":216846,"potions_floor_usage":[7,12,14,16,16,19,33],"damage_taken":[{"damage":7,"enemies":"Small Slimes","floor":1,"turns":4},{"damage":10,"enemies":"Jaw Worm","floor":4,"turns":4},{"damage":1,"enemies":"Cultist","floor":5,"turns":3},{"damage":0,"enemies":"Gremlin Gang","floor":7,"turns":2},{"damage":10,"enemies":"Looter","floor":10,"turns":2},{"damage":8,"enemies":"Exordium Thugs","floor":12,"turns":5},{"damage":16,"enemies":"Large Slime","floor":13,"turns":3},{"damage":13,"enemies":"Blue Slaver","floor":14,"turns":3},{"damage":42,"enemies":"Hexaghost","floor":16,"turns":7},{"damage":47,"enemies":"Shell Parasite","floor":18,"turns":5},{"damage":7,"enemies":"Chosen","floor":19,"turns":3},{"damage":29,"enemies":"Centurion and Healer","floor":24,"turns":5},{"damage":10,"enemies":"Cultist and Chosen","floor":31,"turns":3},{"damage":107,"enemies":"Automaton","floor":33,"turns":6}],"event_choices":[{"event_name":"Golden Wing","player_choice":"Card Removal","floor":2,"damage_taken":0},{"event_name":"Accursed Blacksmith","player_choice":"Rummage","floor":8,"damage_taken":0},{"event_name":"The Cleric","player_choice":"Card Removal","floor":11,"damage_taken":0},{"event_name":"Back to Basics","player_choice":"Elegance","floor":21,"damage_taken":0},{"event_name":"Drug Dealer","player_choice":"Ignored","floor":22,"damage_taken":0},{"event_name":"Upgrade Shrine","player_choice":"Upgraded","floor":23,"damage_taken":0},{"event_name":"Forgotten Altar","player_choice":"Shed Blood","floor":28,"damage_taken":0}],"boss_relics":[{"not_picked":["Orrery","Philosopher\u0027s Stone"],"picked":"Question Card"}],"potions_floor_spawned":[4,5,7,12,13,18,31],"seed_played":"-8236704200405315398","killed_by":"Automaton","ascension_level":0,"is_trial":false}