{"path_per_floor":["M","M","?","?","M","R","?","R","T","R","M","M","M","M","R","B",null,"M"],"character_chosen":"IRONCLAD","items_purchased":[],"gold_per_floor":[18,35,35,35,55,55,5,5,5,5,24,43,66,79,79,204,204,220],"floor_reached":19,"campfire_rested":1,"playtime":1264,"current_hp_per_floor":[79,80,60,60,60,80,80,80,80,80,79,80,80,80,80,65,80,35],"items_purged":[],"gold":220,"score":161,"play_id":"3a7f2ef2-7218-4bbb-bdc9-06257b2405f2","is_prod":false,"is_daily":false,"is_ascension_mode":false,"campfire_upgraded":3,"path_taken":["M","M","?","?","M","R","?","R","T","R","M","M","?","M","R","BOSS","M","M"],"build_version":"2018-02-15-PROD1","purchased_purges":0,"victory":false,"master_deck":["Strike_R","Strike_R","Strike_R","Strike_R","Strike_R","Defend_R","Bash+1","Shrug It Off+1","Dropkick","Headbutt","Perfected Strike","Warcry","Cleave","Seeing Red+1","Demon Form","Writhe","Writhe","Normality","Dropkick+1"],"max_hp_per_floor":[80,80,80,80,80,80,80,80,80,80,80,80,80,80,80,80,80,80],"relics":["Burning Blood","Golden Idol","Unceasing Top","Calling Bell","Bag of Marbles","Torii","Toxic Egg 2"],"card_choices":[{"not_picked":["Disarm","Flame Barrier"],"picked":"Shrug It Off"},{"not_picked":["Combust","Rupture"],"picked":"Dropkick"},{"not_picked":["Body Slam","Burning Pact"],"picked":"Headbutt"},{"not_picked":["Corruption","Limit Break"],"picked":"Perfected Strike"},{"not_picked":["Sword Boomerang","Burning Pact"],"picked":"Warcry"},{"not_picked":["Burning Pact","Shrug It Off"],"picked":"Cleave"},{"not_picked":["Cleave","Rupture"],"picked":"Seeing Red"},{"not_picked":["Reaper","Brutality"],"picked":"Demon Form"},{"not_picked":["Pommel Strike","Corruption"],"picked":"Dropkick"}],"player_experience":149832,"potions_floor_usage":[11,11,12,16,18],"damage_taken":[{"damage":7,"enemies":"2 Louse","floor":1,"turns":3},{"damage":2,"enemies":"Small Slimes","floor":2,"turns":3},{"damage":6,"enemies":"Jaw Worm","floor":5,"turns":3},{"damage":7,"enemies":"Blue Slaver","floor":11,"turns":2},{"damage":0,"enemies":"Lots of Slimes","floor":12,"turns":1},{"damage":5,"enemies":"Looter","floor":13,"turns":2},{"damage":0,"enemies":"Large Slime","floor":14,"turns":4},{"damage":21,"enemies":"Slime Boss","floor":16,"turns":8},{"damage":51,"enemies":"Shell Parasite","floor":18,"turns":7},{"damage":35,"enemies":"3 Byrds","floor":19,"turns":4}],"event_choices":[{"event_name":"Golden Idol","player_choice":"Take Damage","floor":3,"damage_taken":0},{"event_name":"The Lab","player_choice":"Got Potions","floor":4,"damage_taken":0},{"event_name":"The Cleric","player_choice":"Card Removal","floor":7,"damage_taken":0}],"boss_relics":[{"not_picked":["Black Blood","Cursed Key"],"picked":"Calling Bell"}],"potions_floor_spawned":[5,13,14,16],"seed_played":"3842897056591398637","killed_by":"3 Byrds","ascension_level":0,"is_trial":false}