{"path_per_floor":["M","?","?","M","$","R","E","M","T","?","?","R","$","T","R","B",null,"M","?","$","?","M","R","?","?","T","$","R","E","M","$","R"],"character_chosen":"IRONCLAD","items_purchased":["Limit Break"],"gold_per_floor":[113,113,113,126,126,126,151,169,193,220,220,220,70,70,70,166,166,183,283,208,123,139,139,139,139,139,39,39,70,80,80,80,80],"floor_reached":33,"campfire_rested":2,"playtime":1801,"current_hp_per_floor":[80,73,73,71,71,71,55,51,51,57,57,57,57,64,87,87,87,79,79,79,79,68,68,68,51,51,51,51,39,7,7,49,0],"items_purged":["Strike_R","Strike_R"],"gold":80,"score":353,"play_id":"f7e5b116-7a4c-4b43-9d3e-9c06c3dcc0b6","local_time":"20180417101828","is_prod":false,"is_daily":false,"chose_seed":false,"is_ascension_mode":true,"campfire_upgraded":4,"timestamp":1523953108,"path_taken":["M","?","?","M","?","R","E","?","T","?","?","R","$","?","R","BOSS","M","?","$","?","M","R","?","?","T","?","R","E","?","$","R","BOSS"],"build_version":"2018-04-12","seed_source_timestamp":2135141222292,"purchased_purges":2,"victory":false,"master_deck":["Strike_R","Strike_R","Defend_R","Defend_R","Defend_R","Bash","Flex+1","Cleave","Double Tap","Twin Strike","Bloodletting+1","Limit Break+1","Thunderclap","Offering","Seeing Red+1","Heavy Blade","Flex"],"max_hp_per_floor":[80,80,80,80,80,80,80,80,80,80,80,80,80,87,87,87,87,87,87,87,87,87,87,87,92,92,92,92,92,92,92,92,92],"relics":["Burning Blood","Matryoshka","Dream Catcher","Orichalcum","Odd Mushroom","Strawberry","Anchor","Sozu","Letter Opener","Bottled Lightning","Regal Pillow"],"card_choices":[{"not_picked":["Sever Soul","Shockwave"],"picked":"Flex","floor":1},{"not_picked":["Shockwave","Pommel Strike"],"picked":"Cleave","floor":4},{"not_picked":["Thunderclap","Sword Boomerang"],"picked":"Double Tap","floor":7},{"not_picked":["Sword Boomerang","Burning Pact"],"picked":"Twin Strike","floor":8},{"not_picked":["Body Slam","Reckless Charge"],"picked":"Bloodletting","floor":10},{"not_picked":["Blood for Blood","Corruption"],"picked":"Thunderclap","floor":15},{"not_picked":["Reaper","Fiend Fire"],"picked":"Offering","floor":16},{"not_picked":["Body Slam","Infernal Blade"],"picked":"Seeing Red","floor":18},{"not_picked":["Iron Wave","Perfected Strike"],"picked":"Heavy Blade","floor":30},{"not_picked":["Reckless Charge","Pommel Strike"],"picked":"Flex","floor":32}],"player_experience":362044,"potions_floor_usage":[4,10,30],"damage_taken":[{"damage":1,"enemies":"Cultist","floor":1,"turns":3},{"damage":8,"enemies":"2 Louse","floor":4,"turns":3},{"damage":22,"enemies":"3 Sentries","floor":7,"turns":6},{"damage":10,"enemies":"Small Slimes","floor":8,"turns":3},{"damage":0,"enemies":"The Mushroom Lair","floor":10,"turns":2},{"damage":3,"enemies":"Slime Boss","floor":16,"turns":5},{"damage":14,"enemies":"Chosen","floor":18,"turns":3},{"damage":17,"enemies":"3 Byrds","floor":22,"turns":3},{"damage":18,"enemies":"Slavers","floor":29,"turns":4},{"damage":38,"enemies":"Snake Plant","floor":30,"turns":5},{"damage":51,"enemies":"Automaton","floor":33,"turns":4}],"event_choices":[{"event_name":"Golden Wing","player_choice":"Card Removal","floor":2,"damage_taken":0},{"event_name":"Liars Game","player_choice":"disagreed","floor":3,"damage_taken":0},{"event_name":"Mushrooms","player_choice":"Fought Mushrooms","floor":10,"damage_taken":0},{"event_name":"Living Wall","player_choice":"Forget","floor":11,"damage_taken":0},{"event_name":"Golden Shrine","player_choice":"Pray","floor":19,"damage_taken":0},{"event_name":"Addict","player_choice":"Obtained Relic","floor":21,"damage_taken":0},{"event_name":"Vampires","player_choice":"Ignored","floor":24,"damage_taken":0},{"event_name":"Forgotten Altar","player_choice":"Shed Blood","floor":25,"damage_taken":0}],"boss_relics":[{"not_picked":["Orrery","Black Star"],"picked":"Sozu"}],"potions_floor_spawned":[1,8,10,30],"seed_played":"8206757540113423722","killed_by":"Automaton","ascension_level":3,"is_trial":false}