{"path_per_floor":["M","M","?","$","M","R","M","M","T","M","E","$","E","?","R","B",null,"M","M","M","M","$","R","E","R","T","M","?","M","E","T","R"],"character_chosen":"IRONCLAD","items_purchased":["Dramatic Entrance","Deep Breath","Thunderclap","Battle Trance","Inflame"],"gold_per_floor":[116,131,131,37,50,50,70,80,103,115,144,2,28,28,28,126,126,140,159,172,185,73,73,105,105,105,122,122,136,170,170,170],"floor_reached":33,"campfire_rested":3,"playtime":2201,"current_hp_per_floor":[80,80,73,73,73,73,66,72,72,78,73,73,63,63,80,70,80,76,80,70,62,62,80,79,79,93,82,87,88,40,40,68],"items_purged":[],"gold":170,"score":299,"play_id":"09384245-d6e3-4983-84d3-36c8f34ac8de","is_prod":false,"is_daily":false,"is_ascension_mode":false,"campfire_upgraded":2,"path_taken":["M","M","?","$","M","R","?","M","T","M","E","$","E","?","R","BOSS","M","M","M","M","$","R","E","R","T","M","?","M","E","?","R","BOSS"],"build_version":"2018-02-15-PROD1","purchased_purges":0,"victory":false,"master_deck":["Strike_R","Strike_R","Strike_R","Strike_R","Strike_R","Defend_R","Defend_R","Defend_R","Bash","Warcry+1","Pommel Strike","Dramatic Entrance","Pommel Strike","Spot Weakness","Seeing Red","Perfected Strike+1","Deep Breath","Thunderclap","Searing Blow","Brutality","Wild Strike+1","Twin Strike+1","Twin Strike+1","Perfected Strike","Battle Trance","Inflame","Seeing Red","Shrug It Off","Cleave","Shrug It Off","Perfected Strike"],"max_hp_per_floor":[80,80,80,80,80,80,80,80,80,80,80,80,80,80,80,80,80,80,80,80,80,80,80,80,80,94,94,94,94,94,94,94],"relics":["Burning Blood","Happy Flower","Lantern","Sundial","Bronze Scales","Mark of Pain","Vajra","Mango","Prayer Wheel","Unceasing Top"],"card_choices":[{"not_picked":["Sever Soul","Body Slam"],"picked":"Warcry"},{"not_picked":["Shrug It Off","Iron Wave"],"picked":"Pommel Strike"},{"not_picked":["Rage","Sword Boomerang"],"picked":"Pommel Strike"},{"not_picked":["Heavy Blade","Anger"],"picked":"Spot Weakness"},{"not_picked":["Wild Strike","Evolve"],"picked":"Seeing Red"},{"not_picked":["Infernal Blade","Headbutt"],"picked":"Twin Strike"},{"not_picked":["Berserk","Thunderclap"],"picked":"Perfected Strike"},{"not_picked":["Seeing Red","Dual Wield"],"picked":"Searing Blow"},{"not_picked":["Bludgeon","Impervious"],"picked":"Brutality"},{"not_picked":["Clothesline","Perfected Strike"],"picked":"Wild Strike"},{"not_picked":["Pommel Strike","Feel No Pain"],"picked":"Twin Strike"},{"not_picked":["Sword Boomerang","Body Slam"],"picked":"Twin Strike"},{"not_picked":["Flame Barrier","Combust"],"picked":"Perfected Strike"},{"not_picked":["Warcry","True Grit"],"picked":"Seeing Red"},{"not_picked":["Inflame","Spot Weakness"],"picked":"Shrug It Off"},{"not_picked":["Searing Blow","Armaments"],"picked":"Cleave"},{"not_picked":["Double Tap","Burning Pact"],"picked":"Shrug It Off"},{"not_picked":["Heavy Blade","Cleave"],"picked":"Perfected Strike"}],"player_experience":147631,"potions_floor_usage":[10,11,18,19,21,24,33],"damage_taken":[{"damage":5,"enemies":"Jaw Worm","floor":1,"turns":4},{"damage":0,"enemies":"Small Slimes","floor":2,"turns":2},{"damage":6,"enemies":"2 Louse","floor":5,"turns":3},{"damage":13,"enemies":"Red Slaver","floor":7,"turns":2},{"damage":0,"enemies":"Looter","floor":8,"turns":2},{"damage":0,"enemies":"Exordium Wildlife","floor":10,"turns":2},{"damage":11,"enemies":"3 Sentries","floor":11,"turns":5},{"damage":16,"enemies":"Gremlin Nob","floor":13,"turns":3},{"damage":16,"enemies":"Slime Boss","floor":16,"turns":7},{"damage":10,"enemies":"Spheric Guardian","floor":18,"turns":3},{"damage":0,"enemies":"Chosen","floor":19,"turns":2},{"damage":16,"enemies":"Snecko","floor":20,"turns":4},{"damage":14,"enemies":"Centurion and Healer","floor":21,"turns":3},{"damage":7,"enemies":"Slavers","floor":24,"turns":2},{"damage":17,"enemies":"Snake Plant","floor":27,"turns":2},{"damage":5,"enemies":"Chosen and Byrds","floor":29,"turns":2},{"damage":54,"enemies":"Gremlin Leader","floor":30,"turns":3},{"damage":69,"enemies":"Champ","floor":33,"turns":5}],"event_choices":[{"event_name":"Golden Wing","player_choice":"Card Removal","floor":3,"damage_taken":0},{"event_name":"The Cleric","player_choice":"Leave","floor":14,"damage_taken":0},{"event_name":"Bonfire Elementals","player_choice":"COMMON","floor":28,"damage_taken":0}],"boss_relics":[{"not_picked":["Philosopher\u0027s Stone","Ectoplasm"],"picked":"Mark of Pain"}],"potions_floor_spawned":[1,5,10,16,20,21,24,29],"seed_played":"-4672195420528351333","killed_by":"Champ","ascension_level":0,"is_trial":false}