{"gold_per_floor":[116,116,134,134,134,178,178,213,288,308,328,351,351,25,25,25],"floor_reached":16,"playtime":798,"items_purged":["Regret"],"score":135,"play_id":"1582f3f0-f05f-4cdb-8ffc-1bd65bfd510a","local_time":"20190204032936","is_ascension_mode":false,"campfire_choices":[{"data":"Dagger Spray","floor":7,"key":"SMITH"},{"floor":15,"key":"REST"}],"neow_cost":"NONE","seed_source_timestamp":31169547586209,"circlet_count":0,"master_deck":["Defend_G","Defend_G","Defend_G","Defend_G","Defend_G","Strike_G","Strike_G","Strike_G","Strike_G","Survivor","Neutralize","Dagger Spray+1","Dodge and Roll","Quick Slash","Expertise","Poisoned Stab","Backflip"],"relics":["Ring of the Snake","NeowsBlessing","Golden Idol","Juzu Bracelet","Dead Branch","Lantern","Nunchaku","Meat on the Bone"],"potions_floor_usage":[8,16,16],"damage_taken":[{"damage":0,"enemies":"Small Slimes","floor":1,"turns":1},{"damage":0,"enemies":"Jaw Worm","floor":3,"turns":1},{"damage":0,"enemies":"Gremlin Nob","floor":6,"turns":1},{"damage":33,"enemies":"3 Sentries","floor":8,"turns":7},{"damage":0,"enemies":"2 Louse","floor":10,"turns":2},{"damage":0,"enemies":"Exordium Wildlife","floor":11,"turns":4},{"damage":0,"enemies":"Blue Slaver","floor":12,"turns":4},{"damage":32,"enemies":"The Guardian","floor":16,"turns":8}],"seed_played":"-2464824933422555300","potions_obtained":[{"floor":3,"key":"LiquidBronze"},{"floor":8,"key":"LiquidBronze"},{"floor":12,"key":"SteroidPotion"}],"is_trial":false,"path_per_floor":["M","?","M","?","?","E","R","E","T","M","M","M","?","$","R","B"],"character_chosen":"THE_SILENT","items_purchased":["Meat on the Bone"],"campfire_rested":1,"item_purchase_floors":[14],"current_hp_per_floor":[70,63,63,46,43,43,43,10,10,10,10,10,10,10,31,0],"gold":25,"neow_bonus":"THREE_ENEMY_KILL","is_prod":false,"is_daily":false,"chose_seed":false,"campfire_upgraded":1,"win_rate":0,"timestamp":1549247376,"path_taken":["M","?","M","?","?","E","R","E","T","M","M","M","?","$","R","BOSS"],"build_version":"2019-01-23","purchased_purges":1,"victory":false,"max_hp_per_floor":[70,70,70,70,70,70,70,70,70,70,70,70,70,70,70,70],"card_choices":[{"not_picked":["Cloak And Dagger","Acrobatics"],"picked":"Dagger Spray","floor":1},{"not_picked":["Underhanded Strike","Dagger Spray","Heel Hook"],"picked":"SKIP","floor":3},{"not_picked":["Outmaneuver","Concentrate"],"picked":"Dodge and Roll","floor":6},{"not_picked":["Dagger Throw","Poisoned Stab"],"picked":"Quick Slash","floor":8},{"not_picked":["Reflex","Bouncing Flask"],"picked":"Expertise","floor":10},{"not_picked":["PiercingWail","Catalyst"],"picked":"Poisoned Stab","floor":11},{"not_picked":["Underhanded Strike","Acrobatics"],"picked":"Backflip","floor":12}],"player_experience":724271,"relics_obtained":[{"floor":6,"key":"Dead Branch"},{"floor":8,"key":"Lantern"}],"event_choices":[{"cards_removed":["Strike_G"],"damage_healed":0,"gold_gain":0,"player_choice":"Card Removal","damage_taken":7,"max_hp_gain":0,"max_hp_loss":0,"event_name":"Golden Wing","floor":2,"gold_loss":0},{"damage_healed":0,"gold_gain":0,"player_choice":"Take Damage","damage_taken":17,"relics_obtained":["Golden Idol"],"max_hp_gain":0,"max_hp_loss":0,"event_name":"Golden Idol","floor":4,"gold_loss":0},{"damage_healed":0,"gold_gain":0,"player_choice":"Success","damage_taken":3,"relics_obtained":["Juzu Bracelet"],"max_hp_gain":0,"max_hp_loss":0,"event_name":"Scrap Ooze","floor":5,"gold_loss":0},{"damage_healed":0,"gold_gain":0,"player_choice":"Box","damage_taken":0,"relics_obtained":["Nunchaku"],"max_hp_gain":0,"max_hp_loss":0,"event_name":"Big Fish","floor":13,"gold_loss":0,"cards_obtained":["Regret"]}],"is_beta":false,"boss_relics":[],"items_purged_floors":[14],"is_endless":false,"potions_floor_spawned":[3,8,12],"killed_by":"The Guardian","ascension_level":0}