{"path_per_floor":["M","?","M","M","M","R","M","M","T","$","M","R","M","$","R","B",null,"M","$","M","?","?","R"],"character_chosen":"IRONCLAD","items_purchased":["Rupture"],"gold_per_floor":[116,66,85,95,106,106,119,137,163,20,31,31,44,44,44,145,145,160,60,40,40,40,40,40],"floor_reached":24,"campfire_rested":1,"playtime":2434,"current_hp_per_floor":[75,75,80,80,68,68,58,55,55,55,57,57,65,65,65,29,82,38,38,28,28,28,52,0],"items_purged":["Strike_R","Normality"],"gold":40,"score":219,"play_id":"e995f8a5-ab22-4bc3-8944-a724e6b766d8","local_time":"20180412155839","is_prod":false,"is_daily":false,"is_ascension_mode":true,"campfire_upgraded":3,"timestamp":1523541519,"path_taken":["M","?","M","?","M","R","M","M","T","$","?","R","M","$","R","BOSS","M","$","M","?","?","R","E"],"build_version":"2018-04-05v2","purchased_purges":2,"victory":false,"master_deck":["Strike_R","Strike_R","Strike_R","Defend_R+1","Defend_R","Defend_R","Bash","True Grit+1","Brutality","Armaments+1","Power Through","Body Slam+1","Thunderclap","Rupture","Sentinel+1","Feed","Doubt","Iron Wave+1","Feel No Pain"],"max_hp_per_floor":[80,80,80,80,80,80,80,80,80,80,80,80,82,82,82,82,82,82,82,82,82,82,82,82],"relics":["Burning Blood","Singing Bowl","Calling Bell","Bag of Marbles","Ornamental Fan","War Paint"],"card_choices":[{"not_picked":["Second Wind","Carnage"],"picked":"Armaments","floor":1},{"not_picked":["Clothesline","Armaments"],"picked":"Power Through","floor":3},{"not_picked":["Armaments","Hemokinesis"],"picked":"Body Slam","floor":4},{"not_picked":["Shockwave","Burning Pact"],"picked":"Thunderclap","floor":8},{"not_picked":["Armaments","Evolve"],"picked":"Sentinel","floor":11},{"not_picked":["Limit Break","Juggernaut"],"picked":"Feed","floor":16},{"not_picked":["Disarm","Perfected Strike"],"picked":"Iron Wave","floor":18},{"not_picked":["Body Slam","Havoc"],"picked":"Feel No Pain","floor":20}],"player_experience":346356,"potions_floor_usage":[5,7,13,16],"damage_taken":[{"damage":11,"enemies":"2 Louse","floor":1,"turns":3},{"damage":1,"enemies":"Small Slimes","floor":3,"turns":3},{"damage":1,"enemies":"Cultist","floor":4,"turns":4},{"damage":18,"enemies":"Lots of Slimes","floor":5,"turns":9},{"damage":16,"enemies":"Gremlin Gang","floor":7,"turns":6},{"damage":9,"enemies":"Looter","floor":8,"turns":4},{"damage":4,"enemies":"Exordium Wildlife","floor":11,"turns":4},{"damage":0,"enemies":"2 Fungi Beasts","floor":13,"turns":3},{"damage":42,"enemies":"Hexaghost","floor":16,"turns":11},{"damage":50,"enemies":"Shell Parasite","floor":18,"turns":9},{"damage":16,"enemies":"2 Thieves","floor":20,"turns":4},{"damage":52,"enemies":"Slavers","floor":24,"turns":4}],"event_choices":[{"event_name":"The Cleric","player_choice":"Card Removal","floor":2,"damage_taken":0},{"event_name":"Back to Basics","player_choice":"Elegance","floor":21,"damage_taken":0},{"event_name":"Vampires","player_choice":"Ignored","floor":22,"damage_taken":0}],"boss_relics":[{"not_picked":["Tiny House","Mark of Pain"],"picked":"Calling Bell"}],"potions_floor_spawned":[1,5,8,11],"seed_played":"-7094254951348016533","killed_by":"Slavers","ascension_level":3,"is_trial":false}