{"path_per_floor":["M","$","M","M","$","E","R","?","T","M","R","M","M","M","R","B",null,"M","$","?","M","M","M","R","M","T"],"character_chosen":"THE_SILENT","items_purchased":["Slice","Quick Slash","Backflip","Finisher","Choke"],"gold_per_floor":[119,47,62,76,25,56,56,16,43,57,57,77,92,102,102,202,202,220,80,80,100,113,131,131,144,174],"floor_reached":27,"campfire_rested":2,"playtime":2098,"current_hp_per_floor":[63,63,62,62,62,51,51,51,51,51,70,70,67,67,67,35,70,59,59,59,41,6,2,50,26,26],"items_purged":[],"gold":174,"score":219,"play_id":"db67ccae-b0a2-44cc-8e27-0a4136471c0f","is_prod":false,"is_daily":false,"is_ascension_mode":false,"campfire_upgraded":2,"path_taken":["M","$","M","M","$","E","R","?","T","M","R","M","M","M","R","BOSS","M","$","?","M","M","M","R","M","T","E"],"build_version":"2018-02-12-PROD1","purchased_purges":0,"victory":false,"master_deck":["Defend_G","Defend_G","Defend_G","Defend_G","Defend_G","Strike_G","Strike_G","Strike_G","Strike_G","Strike_G","Survivor","Neutralize","All Out Attack","Slice","Quick Slash","Flying Knee","Sucker Punch","Backflip","A Thousand Cuts+1","Skewer+1","Backflip","Sucker Punch","Flying Knee","After Image","Acrobatics","Finisher","Choke","Dagger Throw+1","Sucker Punch","Dagger Throw+1","Footwork"],"max_hp_per_floor":[70,70,70,70,70,70,70,70,70,70,70,70,70,70,70,70,70,70,70,70,70,70,70,70,70,70],"relics":["Runic Dome","Bird Faced Urn","Regal Pillow","Eternal Feather","Tiny Chest"],"card_choices":[{"not_picked":["Flechettes","Calculated Gamble"],"picked":"All Out Attack"},{"not_picked":["Slice","Quick Slash"],"picked":"Flying Knee"},{"not_picked":["Underhanded Strike","Cloak And Dagger"],"picked":"Sucker Punch"},{"not_picked":["Poisoned Stab","Backstab"],"picked":"A Thousand Cuts"},{"not_picked":["Sucker Punch","Slice"],"picked":"Skewer"},{"not_picked":["Bane","Dagger Spray"],"picked":"Backflip"},{"not_picked":["Malaise","Slice"],"picked":"Sucker Punch"},{"not_picked":["Deflect","Prepared"],"picked":"Flying Knee"},{"not_picked":["Die Die Die","Tools of the Trade"],"picked":"After Image"},{"not_picked":["Backflip","Deadly Poison"],"picked":"Acrobatics"},{"not_picked":["Dodge and Roll","Slice"],"picked":"Dagger Throw"},{"not_picked":["Acrobatics","Bane"],"picked":"Sucker Punch"},{"not_picked":["Backflip","Setup"],"picked":"Dagger Throw"},{"not_picked":["Underhanded Strike","Deadly Poison"],"picked":"Footwork"}],"player_experience":107629,"potions_floor_usage":[6,6,12,13,14,16,22,22,23,25,27],"damage_taken":[{"damage":7,"enemies":"Jaw Worm","floor":1,"turns":6},{"damage":1,"enemies":"Cultist","floor":3,"turns":3},{"damage":0,"enemies":"Blue Slaver","floor":4,"turns":3},{"damage":11,"enemies":"3 Sentries","floor":6,"turns":6},{"damage":2,"enemies":"Looter","floor":10,"turns":3},{"damage":0,"enemies":"Exordium Wildlife","floor":12,"turns":1},{"damage":3,"enemies":"3 Louse","floor":13,"turns":2},{"damage":2,"enemies":"Gremlin Gang","floor":14,"turns":3},{"damage":34,"enemies":"The Guardian","floor":16,"turns":7},{"damage":11,"enemies":"Chosen","floor":18,"turns":4},{"damage":20,"enemies":"Spheric Guardian","floor":21,"turns":4},{"damage":39,"enemies":"Chosen and Byrds","floor":22,"turns":7},{"damage":6,"enemies":"Snake Plant","floor":23,"turns":3},{"damage":28,"enemies":"Cultist and Chosen","floor":25,"turns":5},{"damage":33,"enemies":"Gremlin Leader","floor":27,"turns":4}],"event_choices":[{"event_name":"The Woman in Blue","player_choice":"Bought 3 Potions","floor":8,"damage_taken":0},{"event_name":"Vampires","player_choice":"Ignored","floor":20,"damage_taken":0}],"boss_relics":[{"not_picked":["Runic Pyramid","Question Card"],"picked":"Eternal Feather"}],"potions_floor_spawned":[1,4,12,14,16,22,23,25],"seed_played":"-3373439204279699566","killed_by":"Gremlin Leader","ascension_level":0,"is_trial":false}