{"gold_per_floor":[118,133,54,66,66,66,96,96,96,96,171,96,121,150,150,150],"floor_reached":16,"playtime":407,"items_purged":[],"score":212,"play_id":"9139c308-cdb2-4ae7-9ea2-dca4adac4181","local_time":"20190908134115","is_ascension_mode":true,"campfire_choices":[{"data":"Skewer","floor":6,"key":"SMITH"},{"data":"Noxious Fumes","floor":8,"key":"SMITH"},{"data":"Neutralize","floor":10,"key":"SMITH"},{"floor":15,"key":"REST"}],"neow_cost":"NONE","seed_source_timestamp":1927151713378000,"circlet_count":0,"master_deck":["AscendersBane","Strike_G+1","Strike_G","Strike_G","Strike_G+1","Defend_G","Defend_G","Defend_G","Defend_G","Defend_G","Survivor","Neutralize+1","Skewer+1","Noxious Fumes+1","Footwork","PiercingWail+1","After Image"],"relics":["Ring of the Snake","Bag of Preparation","Toxic Egg 2","Matryoshka","Strawberry","Oddly Smooth Stone","Whetstone"],"potions_floor_usage":[7,16],"damage_taken":[{"damage":0,"enemies":"2 Louse","floor":1,"turns":2},{"damage":4,"enemies":"Small Slimes","floor":2,"turns":4},{"damage":0,"enemies":"Jaw Worm","floor":4,"turns":5},{"damage":20,"enemies":"Lagavulin","floor":7,"turns":6},{"damage":30,"enemies":"Gremlin Nob","floor":14,"turns":4},{"damage":33,"enemies":"Slime Boss","floor":16,"turns":7}],"seed_played":"-2929735232329683426","potions_obtained":[{"floor":1,"key":"Fire Potion"},{"floor":2,"key":"GamblersBrew"}],"is_trial":false,"path_per_floor":["M","M","$","M","?","R","E","R","T","R","?","?","T","E","R","B"],"character_chosen":"THE_SILENT","items_purchased":["Footwork"],"campfire_rested":1,"item_purchase_floors":[3],"current_hp_per_floor":[59,55,55,55,55,55,35,35,35,35,24,24,31,1,22,0],"gold":150,"neow_bonus":"RANDOM_COMMON_RELIC","is_prod":false,"is_daily":false,"chose_seed":false,"campfire_upgraded":3,"win_rate":0,"timestamp":1567964475,"path_taken":["M","M","$","M","?","R","E","R","T","R","?","?","?","E","R","BOSS"],"build_version":"2019-07-17","purchased_purges":0,"victory":false,"max_hp_per_floor":[66,66,66,66,66,66,66,66,66,66,66,66,73,73,73,73],"card_choices":[{"not_picked":["Masterful Stab","Deflect"],"picked":"Skewer","floor":1},{"not_picked":["Flying Knee","Dagger Throw"],"picked":"Noxious Fumes","floor":2},{"not_picked":["Quick Slash","Bane","Caltrops"],"picked":"SKIP","floor":4},{"not_picked":["Escape Plan","Backflip"],"picked":"PiercingWail","floor":7},{"not_picked":["Bullet Time+1","Leg Sweep+1"],"picked":"After Image","floor":14}],"player_experience":496786,"relics_obtained":[{"floor":7,"key":"Toxic Egg 2"},{"floor":9,"key":"Matryoshka"},{"floor":13,"key":"Strawberry"},{"floor":13,"key":"Oddly Smooth Stone"},{"floor":14,"key":"Whetstone"}],"event_choices":[{"damage_healed":0,"gold_gain":0,"player_choice":"Ignored","damage_taken":0,"max_hp_gain":0,"max_hp_loss":0,"event_name":"Liars Game","floor":5,"gold_loss":0},{"damage_healed":0,"gold_gain":75,"player_choice":"Gather Gold","damage_taken":11,"max_hp_gain":0,"max_hp_loss":0,"event_name":"World of Goop","floor":11,"gold_loss":0},{"cards_removed":["Strike_G"],"damage_healed":0,"gold_gain":0,"player_choice":"Card Removal","damage_taken":0,"max_hp_gain":0,"max_hp_loss":0,"event_name":"The Cleric","floor":12,"gold_loss":75}],"is_beta":false,"boss_relics":[],"items_purged_floors":[],"is_endless":false,"potions_floor_spawned":[1,2],"killed_by":"Slime Boss","ascension_level":20}