{"gold_per_floor":[216,67,87,87,52,52,82,82,82,114,114,142,142,158,158,263,313,333,35,0,0,14,14,41,41,65,65,76,76,91,102,102,206,206,220,48,65,79,92,92,127,127,154,154,107,126,136,0,0,0],"floor_reached":51,"playtime":3470,"items_purged":["Strike_G","Strike_G","Strike_G"],"score":738,"play_id":"e40b9d0a-3af4-4cf5-b7ce-966f4ab9533e","local_time":"20190827173644","is_ascension_mode":false,"campfire_choices":[{"data":"Neutralize","floor":6,"key":"SMITH"},{"floor":8,"key":"REST"},{"data":"1","floor":15,"key":"LIFT"},{"data":"Bane","floor":23,"key":"SMITH"},{"data":"After Image","floor":25,"key":"SMITH"},{"data":"Survivor","floor":27,"key":"SMITH"},{"floor":32,"key":"REST"},{"data":"2","floor":40,"key":"LIFT"},{"data":"3","floor":42,"key":"LIFT"},{"floor":44,"key":"REST"},{"floor":49,"key":"REST"}],"neow_cost":"NONE","seed_source_timestamp":1186345711464292,"circlet_count":0,"master_deck":["Strike_G+1","Strike_G+1","Defend_G","Defend_G","Defend_G","Defend_G","Defend_G","Survivor+1","Neutralize+1","Poisoned Stab","Quick Slash","PiercingWail","Catalyst+1","Poisoned Stab+1","Sucker Punch+1","Heel Hook","Outmaneuver","Adrenaline","Bouncing Flask+1","Well Laid Plans","Bane+1","RitualDagger","Cloak And Dagger+1","After Image+1","Crippling Poison+1","Bane+1","Dodge and Roll+1","Adrenaline","Backflip+1","PiercingWail","Prepared","Footwork+1"],"relics":["Ring of the Snake","Regal Pillow","Thread and Needle","Mummified Hand","Girya","Potion Belt","Tiny House","Molten Egg 2","Omamori","Fusion Hammer","Whetstone","Bag of Marbles","Red Mask"],"potions_floor_usage":[7,12,24,38,50,50,50,50,50],"damage_taken":[{"damage":0,"enemies":"2 Louse","floor":1,"turns":4},{"damage":0,"enemies":"Jaw Worm","floor":3,"turns":5},{"damage":17,"enemies":"3 Sentries","floor":7,"turns":10},{"damage":10,"enemies":"Lagavulin","floor":10,"turns":6},{"damage":3,"enemies":"Gremlin Nob","floor":12,"turns":3},{"damage":0,"enemies":"Small Slimes","floor":14,"turns":3},{"damage":21,"enemies":"Hexaghost","floor":16,"turns":10},{"damage":0,"enemies":"Shell Parasite","floor":18,"turns":6},{"damage":0,"enemies":"Chosen","floor":22,"turns":3},{"damage":25,"enemies":"Slavers","floor":24,"turns":6},{"damage":0,"enemies":"Centurion and Healer","floor":28,"turns":9},{"damage":4,"enemies":"Shelled Parasite and Fungi","floor":30,"turns":6},{"damage":17,"enemies":"Snake Plant","floor":31,"turns":6},{"damage":21,"enemies":"Collector","floor":33,"turns":8},{"damage":0,"enemies":"Orb Walker","floor":35,"turns":3},{"damage":4,"enemies":"3 Darklings","floor":37,"turns":4},{"damage":0,"enemies":"Writhing Mass","floor":38,"turns":5},{"damage":12,"enemies":"4 Shapes","floor":39,"turns":3},{"damage":0,"enemies":"Nemesis","floor":41,"turns":5},{"damage":0,"enemies":"Transient","floor":46,"turns":5},{"damage":10,"enemies":"Spire Growth","floor":47,"turns":5},{"damage":63,"enemies":"Time Eater","floor":50,"turns":14}],"seed_played":"8677521898992846945","potions_obtained":[{"floor":3,"key":"Fire Potion"},{"floor":7,"key":"Poison Potion"},{"floor":10,"key":"Swift Potion"},{"floor":12,"key":"Ancient Potion"},{"floor":17,"key":"Swift Potion"},{"floor":24,"key":"Fire Potion"},{"floor":30,"key":"LiquidBronze"},{"floor":33,"key":"Block Potion"},{"floor":47,"key":"SpeedPotion"}],"is_trial":false,"path_per_floor":["M","$","M","?","?","R","E","R","T","E","?","E","?","M","R","B",null,"M","$","?","?","M","R","E","R","T","R","M","?","M","M","R","B",null,"M","$","M","M","M","R","E","R","T","R","$","M","M","?","R","B",null],"character_chosen":"THE_SILENT","items_purchased":["Quick Slash","PiercingWail","Well Laid Plans","Bane","EssenceOfSteel","PiercingWail","Prepared"],"campfire_rested":4,"item_purchase_floors":[2,2,19,19,19,36,45],"current_hp_per_floor":[70,70,70,28,45,45,28,64,64,54,54,51,51,51,51,30,75,75,75,75,69,69,69,44,44,44,44,44,44,40,23,60,39,75,75,75,71,71,59,59,59,59,59,75,75,75,65,65,75,12],"gold":0,"neow_bonus":"HUNDRED_GOLD","is_prod":false,"is_daily":false,"chose_seed":false,"campfire_upgraded":4,"win_rate":0.0,"timestamp":1566920204,"path_taken":["M","$","M","?","?","R","E","R","T","E","?","E","?","?","R","BOSS","M","$","?","?","M","R","E","R","T","R","M","?","M","M","R","BOSS","M","$","M","M","M","R","E","R","T","R","$","?","M","?","R","BOSS"],"build_version":"2019-07-17","purchased_purges":3,"victory":true,"max_hp_per_floor":[70,70,70,70,70,70,70,70,70,70,70,70,70,70,70,70,75,75,75,75,75,75,75,75,75,75,75,75,75,75,75,75,75,75,75,75,75,75,75,75,75,75,75,75,75,75,75,75,75,75],"card_choices":[{"not_picked":["Bouncing Flask","Dodge and Roll"],"picked":"Poisoned Stab","floor":1},{"not_picked":["Infinite Blades","Blade Dance"],"picked":"Catalyst","floor":3},{"not_picked":["Blade Dance","Distraction"],"picked":"Poisoned Stab","floor":7},{"not_picked":["Dagger Spray","Outmaneuver"],"picked":"Sucker Punch","floor":10},{"not_picked":["Night Terror","Slice"],"picked":"Heel Hook","floor":12},{"not_picked":["All Out Attack","Dagger Spray"],"picked":"Outmaneuver","floor":14},{"not_picked":["Storm of Steel","Glass Knife"],"picked":"Adrenaline","floor":16},{"not_picked":["Backstab","Terror"],"picked":"Bouncing Flask+1","floor":18},{"not_picked":["Finisher+1","Skewer"],"picked":"Cloak And Dagger+1","floor":22},{"not_picked":["Bouncing Flask","Dodge and Roll"],"picked":"After Image","floor":24},{"not_picked":["Distraction","All Out Attack+1"],"picked":"Crippling Poison+1","floor":28},{"not_picked":["Calculated Gamble","Blade Dance"],"picked":"Bane+1","floor":30},{"not_picked":["Sucker Punch+1","Skewer+1"],"picked":"Dodge and Roll+1","floor":31},{"not_picked":["Storm of Steel","Unload+1"],"picked":"Adrenaline","floor":33},{"not_picked":["All Out Attack+1","PiercingWail"],"picked":"Backflip+1","floor":35},{"not_picked":["Expertise","Backflip","Eviscerate+1"],"picked":"SKIP","floor":37},{"not_picked":["Dagger Spray+1","Outmaneuver","Blade Dance+1"],"picked":"SKIP","floor":38},{"not_picked":["Underhanded Strike+1","Dagger Spray+1","Expertise+1"],"picked":"SKIP","floor":39},{"not_picked":["Outmaneuver+1","Backflip+1","Acrobatics+1"],"picked":"SKIP","floor":41},{"not_picked":["Cloak And Dagger+1","Endless Agony+1"],"picked":"Footwork+1","floor":46},{"not_picked":["Poisoned Stab+1","Sucker Punch+1","Riddle With Holes+1"],"picked":"SKIP","floor":47}],"player_experience":45251,"relics_obtained":[{"floor":7,"key":"Thread and Needle"},{"floor":9,"key":"Mummified Hand"},{"floor":10,"key":"Girya"},{"floor":12,"key":"Potion Belt"},{"floor":24,"key":"Molten Egg 2"},{"floor":26,"key":"Omamori"},{"floor":41,"key":"Whetstone"},{"floor":43,"key":"Bag of Marbles"}],"event_choices":[{"damage_healed":0,"gold_gain":0,"player_choice":"Success","damage_taken":42,"relics_obtained":["Regal Pillow"],"max_hp_gain":0,"max_hp_loss":0,"event_name":"Scrap Ooze","floor":4,"gold_loss":0},{"damage_healed":17,"gold_gain":0,"player_choice":"Healed","damage_taken":0,"max_hp_gain":0,"max_hp_loss":0,"event_name":"The Cleric","floor":5,"gold_loss":35},{"damage_healed":0,"gold_gain":0,"player_choice":"Grow","damage_taken":0,"max_hp_gain":0,"max_hp_loss":0,"event_name":"Living Wall","floor":11,"gold_loss":0,"cards_upgraded":["Sucker Punch"]},{"damage_healed":0,"gold_gain":0,"player_choice":"Upgraded","damage_taken":0,"max_hp_gain":0,"max_hp_loss":0,"event_name":"Upgrade Shrine","floor":13,"gold_loss":0,"cards_upgraded":["Catalyst"]},{"damage_healed":0,"gold_gain":0,"player_choice":"Paid Fearfully","damage_taken":0,"max_hp_gain":0,"max_hp_loss":0,"event_name":"Masked Bandits","floor":20,"gold_loss":35},{"damage_healed":0,"gold_gain":0,"player_choice":"Joined the Cult","damage_taken":6,"max_hp_gain":0,"max_hp_loss":0,"event_name":"Nest","floor":21,"gold_loss":0,"cards_obtained":["RitualDagger"]},{"damage_healed":0,"gold_gain":0,"player_choice":"Leave","damage_taken":0,"max_hp_gain":0,"max_hp_loss":0,"event_name":"FaceTrader","floor":29,"gold_loss":0},{"damage_healed":0,"gold_gain":0,"player_choice":"Paid","damage_taken":0,"relics_obtained":["Red Mask"],"max_hp_gain":0,"max_hp_loss":0,"event_name":"Tomb of Lord Red Mask","floor":48,"gold_loss":136}],"is_beta":false,"boss_relics":[{"not_picked":["Runic Pyramid","Calling Bell"],"picked":"Tiny House"},{"not_picked":["Lizard Tail","Coffee Dripper"],"picked":"Fusion Hammer"}],"items_purged_floors":[2,19,36],"is_endless":false,"potions_floor_spawned":[3,7,10,12,24,30,31,33,41,47],"ascension_level":0}