{"gold_per_floor":[115,126,142,142,29,29,63,63,63,63,63,63,13,30,30,132,132,143,143,233,233,249,249,283,283,310,321,337,357,375,390,390,494,494,511,528,528,528],"floor_reached":38,"playtime":3527,"items_purged":["Strike_B"],"score":396,"play_id":"a2924943-d54d-4c55-b9a4-6da98a30602d","local_time":"20180820002551","is_ascension_mode":false,"campfire_choices":[{"data":"Self Repair","floor":6,"key":"SMITH"},{"data":"Machine Learning","floor":8,"key":"SMITH"},{"data":"Tempest","floor":10,"key":"SMITH"},{"data":"Zap","floor":15,"key":"SMITH"},{"data":"Scrape","floor":23,"key":"SMITH"},{"data":"Double Energy","floor":25,"key":"SMITH"},{"data":"Seek","floor":32,"key":"SMITH"}],"neow_cost":"","seed_source_timestamp":45034159241135,"circlet_count":0,"master_deck":["Strike_B","Strike_B","Defend_B+1","Defend_B","Defend_B+1","Zap+1","Dualcast","Self Repair+1","Tempest+1","Machine Learning+1","Gash","Seek+1","Conserve Battery","Scrape+1","Double Energy+1","Gash","Gash+1","Tempest+1","Creative AI","Self Repair+1","Self Repair+1"],"relics":["Cracked Core","Question Card","Anchor","Pantograph","Coffee Dripper","Bottled Flame","War Paint","Black Star"],"potions_floor_usage":[7,16,22,22,24,29,33,38,38],"damage_taken":[{"damage":4,"enemies":"Cultist","floor":1,"turns":4},{"damage":6,"enemies":"Jaw Worm","floor":2,"turns":3},{"damage":12,"enemies":"Small Slimes","floor":3,"turns":4},{"damage":30,"enemies":"3 Sentries","floor":7,"turns":7},{"damage":17,"enemies":"Looter","floor":14,"turns":4},{"damage":37,"enemies":"The Guardian","floor":16,"turns":10},{"damage":10,"enemies":"Spheric Guardian","floor":18,"turns":3},{"damage":8,"enemies":"2 Thieves","floor":22,"turns":3},{"damage":17,"enemies":"Gremlin Leader","floor":24,"turns":7},{"damage":41,"enemies":"3 Cultists","floor":27,"turns":6},{"damage":23,"enemies":"Sentry and Sphere","floor":28,"turns":4},{"damage":4,"enemies":"Snake Plant","floor":29,"turns":3},{"damage":17,"enemies":"Centurion and Healer","floor":30,"turns":5},{"damage":19,"enemies":"3 Cultists","floor":31,"turns":5},{"damage":34,"enemies":"Champ","floor":33,"turns":7},{"damage":59,"enemies":"3 Darklings","floor":35,"turns":4},{"damage":7,"enemies":"3 Shapes","floor":36,"turns":4},{"damage":45,"enemies":"Spire Growth","floor":38,"turns":4}],"seed_played":"-395885610009075926","potions_obtained":[{"floor":1,"key":"Block Potion"},{"floor":14,"key":"Regen Potion"},{"floor":18,"key":"FairyPotion"},{"floor":19,"key":"LiquidBronze"},{"floor":19,"key":"Block Potion"},{"floor":22,"key":"Swift Potion"},{"floor":27,"key":"Poison Potion"},{"floor":31,"key":"AttackPotion"},{"floor":33,"key":"GamblersBrew"},{"floor":36,"key":"SkillPotion"}],"is_trial":false,"path_per_floor":["M","M","M","?","$","R","E","R","T","R","?","$","?","M","R","B",null,"M","?","?","?","M","R","E","R","T","M","M","M","M","M","R","B",null,"M","M","?"],"character_chosen":"DEFECT","items_purchased":["Tempest"],"campfire_rested":0,"item_purchase_floors":[5],"current_hp_per_floor":[71,72,67,64,64,64,44,44,44,44,37,37,37,30,30,43,75,75,75,61,61,63,63,56,56,56,25,12,18,11,13,13,14,75,26,39,39,0],"gold":528,"neow_bonus":"","is_prod":false,"is_daily":false,"chose_seed":false,"campfire_upgraded":7,"win_rate":0,"timestamp":1534717551,"path_taken":["M","M","M","?","$","R","E","R","T","R","?","$","?","M","R","BOSS","M","?","?","?","M","R","E","R","T","M","M","?","M","M","R","BOSS","M","M","?","?"],"build_version":"2018-08-16","purchased_purges":1,"victory":false,"max_hp_per_floor":[75,75,75,75,75,75,75,75,75,75,75,75,75,75,75,75,75,75,75,75,75,75,75,75,75,75,75,75,75,75,75,75,75,75,75,75,75,75],"card_choices":[{"not_picked":["Redo","Conserve Battery"],"picked":"Self Repair","floor":1},{"not_picked":["Compile Driver","Darkness","Steam"],"picked":"SKIP","floor":2},{"not_picked":["Ball Lightning","Rebound","Leap"],"picked":"SKIP","floor":3},{"not_picked":["Auto Shields","BootSequence","Static Discharge"],"picked":"Machine Learning","floor":7},{"not_picked":["Steam","Ball Lightning","Chill"],"picked":"Gash","floor":14},{"not_picked":["Biased Cognition","Core Surge","Rainbow"],"picked":"Seek","floor":16},{"not_picked":["Chill","Sweeping Beam+1","Glacier"],"picked":"Conserve Battery","floor":18},{"not_picked":["Double Energy","Streamline+1","Sweeping Beam"],"picked":"Scrape","floor":22},{"not_picked":["Rip and Tear","Ball Lightning","Hologram"],"picked":"Double Energy","floor":24},{"not_picked":["Conserve Battery","Amplify","Leap","Barrage"],"picked":"SKIP","floor":27},{"not_picked":["Barrage","Rebound","Steam","Lockon"],"picked":"SKIP","floor":28},{"not_picked":["Steam","Genetic Algorithm","Hologram"],"picked":"Gash","floor":29},{"not_picked":["Force Field","Go for the Eyes","Redo+1"],"picked":"Gash+1","floor":30},{"not_picked":["Beam Cell","Gash","Doom and Gloom"],"picked":"Tempest+1","floor":31},{"not_picked":["Multi-Cast","Reboot","Hyperbeam"],"picked":"Creative AI","floor":33},{"not_picked":["Rebound","Redo+1","Hologram"],"picked":"Self Repair+1","floor":35},{"not_picked":["Beam Cell","Cold Snap+1","Leap"],"picked":"Self Repair+1","floor":36}],"player_experience":489402,"relics_obtained":[{"floor":7,"key":"Anchor"},{"floor":9,"key":"Pantograph"},{"floor":24,"key":"Bottled Flame"},{"floor":26,"key":"War Paint"}],"event_choices":[{"event_name":"Scrap Ooze","player_choice":"success","floor":4,"damage_taken":3},{"event_name":"Golden Wing","player_choice":"Card Removal","floor":11,"damage_taken":0},{"event_name":"The Cleric","player_choice":"Card Removal","floor":13,"damage_taken":0},{"event_name":"The Lab","player_choice":"Got Potions","floor":19,"damage_taken":0},{"event_name":"Knowing Skull","player_choice":"GOLD ","floor":20,"damage_taken":0},{"event_name":"Drug Dealer","player_choice":"Ignored","floor":21,"damage_taken":0},{"event_name":"Tomb of Lord Red Mask","player_choice":"Ignored","floor":37,"damage_taken":0}],"is_beta":false,"boss_relics":[{"not_picked":["White Beast Statue","Eternal Feather"],"picked":"Coffee Dripper"},{"not_picked":["Philosopher\u0027s Stone","Astrolabe"],"picked":"Black Star"}],"items_purged_floors":[5],"is_endless":false,"potions_floor_spawned":[1,14,18,22,27,31,33,36],"killed_by":"Spire Growth","ascension_level":0}