{"path_per_floor":["M","$","M","?","?","E","?","E","T","R","$","R","M","E","R","B",null,"M","M","$","M","T","R","E","R","T","R","M","?","M","?","R"],"character_chosen":"IRONCLAD","items_purchased":[],"gold_per_floor":[113,38,49,49,49,90,90,131,131,131,31,31,51,82,82,212,212,226,247,122,142,142,142,178,178,202,202,225,150,174,174,174,174],"floor_reached":33,"campfire_rested":1,"playtime":1817,"current_hp_per_floor":[76,76,78,74,59,44,44,16,16,53,53,53,53,47,47,41,74,73,70,70,58,58,58,49,49,49,49,53,53,47,47,47,0],"items_purged":["Defend_R","Strike_R","Defend_R"],"gold":174,"score":323,"play_id":"4a27568d-754c-4b14-a7b5-2649286ae6a0","local_time":"20180405155423","is_prod":false,"is_daily":false,"is_ascension_mode":true,"campfire_upgraded":2,"timestamp":1522936463,"path_taken":["M","$","M","?","?","E","?","E","T","R","?","R","M","E","R","BOSS","M","?","$","M","?","R","E","R","T","R","M","?","M","?","R","BOSS"],"build_version":"2018-03-29v2","purchased_purges":3,"victory":false,"master_deck":["Strike_R","Defend_R","Bash+1","Headbutt","Seeing Red+1","Spot Weakness","Whirlwind+1","Flex+1","Pummel","Fiend Fire","Metallicize+1","Headbutt+1","Intimidate+1","Whirlwind","Seeing Red"],"max_hp_per_floor":[80,80,80,74,74,74,74,74,74,74,74,74,74,74,74,74,74,74,74,74,74,74,74,74,74,74,74,74,74,74,74,74,74],"relics":["Burning Blood","Oddly Smooth Stone","Golden Idol","Regal Pillow","Charon\u0027s Ashes","Shovel","Omamori","Astrolabe","Champion Belt","Anchor","Dream Catcher","Juzu Bracelet","Lantern","Bronze Scales","Girya"],"card_choices":[{"not_picked":["Sword Boomerang","Combust"],"picked":"Headbutt","floor":1},{"not_picked":["Battle Trance","Flame Barrier"],"picked":"Seeing Red","floor":3},{"not_picked":["Twin Strike","Sentinel"],"picked":"Spot Weakness","floor":6},{"not_picked":["Twin Strike","Havoc"],"picked":"Flex","floor":8},{"not_picked":["Inflame","Cleave"],"picked":"Pummel","floor":13},{"not_picked":["Juggernaut","Exhume"],"picked":"Fiend Fire","floor":16},{"not_picked":["Iron Wave","Body Slam"],"picked":"Whirlwind","floor":19},{"not_picked":["Rage","True Grit"],"picked":"Seeing Red","floor":30}],"player_experience":309185,"potions_floor_usage":[14,30,33,33],"damage_taken":[{"damage":10,"enemies":"Jaw Worm","floor":1,"turns":4},{"damage":4,"enemies":"2 Louse","floor":3,"turns":3},{"damage":21,"enemies":"3 Sentries","floor":6,"turns":9},{"damage":34,"enemies":"Lagavulin","floor":8,"turns":4},{"damage":6,"enemies":"Small Slimes","floor":13,"turns":2},{"damage":12,"enemies":"3 Sentries","floor":14,"turns":3},{"damage":12,"enemies":"Slime Boss","floor":16,"turns":6},{"damage":7,"enemies":"Spheric Guardian","floor":18,"turns":3},{"damage":9,"enemies":"3 Byrds","floor":19,"turns":3},{"damage":18,"enemies":"Cultist and Chosen","floor":21,"turns":4},{"damage":15,"enemies":"Gremlin Leader","floor":24,"turns":4},{"damage":2,"enemies":"Chosen and Byrds","floor":28,"turns":3},{"damage":12,"enemies":"Snake Plant","floor":30,"turns":3},{"damage":73,"enemies":"Automaton","floor":33,"turns":6}],"event_choices":[{"event_name":"Golden Idol","player_choice":"Lose Max HP","floor":4,"damage_taken":0},{"event_name":"Shining Light","player_choice":"Entered Light","floor":5,"damage_taken":0},{"event_name":"Match and Keep!","player_choice":"1 cards matched","floor":7,"damage_taken":0},{"event_name":"Beggar","player_choice":"Gave Gold","floor":29,"damage_taken":0},{"event_name":"Cursed Tome","player_choice":"Ignored","floor":31,"damage_taken":0}],"boss_relics":[{"not_picked":["Orrery","Runic Pyramid"],"picked":"Astrolabe"}],"potions_floor_spawned":[1,8,24,28,30],"seed_played":"-5697917003469889721","killed_by":"Automaton","ascension_level":3,"is_trial":false}