{"gold_per_floor":[116,116,127,277,27,27,40,40,40,67,67,98,53,70,70,144,144,164,164,164,164,125,153,153,33,57,57,72,83,113,132,132,132],"floor_reached":33,"playtime":55597,"items_purged":["Doubt"],"score":611,"play_id":"ead6fcfa-5291-4beb-85e2-f2ef31f8c132","local_time":"20190804014500","is_ascension_mode":true,"campfire_choices":[{"data":"Bash","floor":6.0,"key":"SMITH"},{"data":"Perfected Strike","floor":8.0,"key":"SMITH"},{"data":"Twin Strike","floor":11.0,"key":"SMITH"},{"data":"Hemokinesis","floor":15.0,"key":"SMITH"},{"floor":24.0,"key":"RECALL"},{"floor":27.0,"key":"REST"},{"floor":32,"key":"REST"}],"neow_cost":"NONE","seed_source_timestamp":147241375995300,"circlet_count":0,"master_deck":["AscendersBane","Strike_R","Strike_R","Strike_R","Strike_R","Strike_R","Defend_R","Defend_R+1","Defend_R+1","Defend_R","Bash+1","Twin Strike+1","Perfected Strike+1","Sword Boomerang","Pommel Strike","Hemokinesis+1","Ghostly Armor","Immolate","Pommel Strike","Flame Barrier","Battle Trance","Power Through","Inflame","Evolve"],"special_seed":0,"relics":["Burning Blood","Membership Card","Sundial","PreservedInsect","Dream Catcher","Fusion Hammer","Regal Pillow","Spirit Poop","Matryoshka","Lantern","War Paint","Happy Flower","Gremlin Horn"],"potions_floor_usage":[33,33],"damage_taken":[{"damage":1.0,"enemies":"2 Louse","floor":1.0,"turns":4.0},{"damage":4.0,"enemies":"Small Slimes","floor":3.0,"turns":3.0},{"damage":2.0,"enemies":"Jaw Worm","floor":7.0,"turns":3.0},{"damage":15.0,"enemies":"3 Sentries","floor":12.0,"turns":5.0},{"damage":3.0,"enemies":"Blue Slaver","floor":14.0,"turns":2.0},{"damage":60.0,"enemies":"Hexaghost","floor":16.0,"turns":7.0},{"damage":11.0,"enemies":"2 Thieves","floor":18.0,"turns":2.0},{"damage":15.0,"enemies":"Slavers","floor":23.0,"turns":3.0},{"damage":7.0,"enemies":"Shell Parasite","floor":28.0,"turns":4.0},{"damage":33,"enemies":"Cultist and Chosen","floor":29,"turns":5},{"damage":2,"enemies":"Gremlin Leader","floor":30,"turns":3},{"damage":17,"enemies":"Snecko","floor":31,"turns":4},{"damage":128,"enemies":"Collector","floor":33,"turns":9}],"seed_played":"6254534340215460079","potions_obtained":[{"floor":0.0,"key":"Strength Potion"},{"floor":0.0,"key":"Dexterity Potion"},{"floor":16.0,"key":"Weak Potion"},{"floor":23.0,"key":"Block Potion"},{"floor":31,"key":"GamblersBrew"}],"is_trial":false,"path_per_floor":["M","?","M","?","$","R","M","R","T","T","R","E","$","M","R","B",null,"M","?","?","?","$","E","R","$","T","R","M","M","E","M","R","B"],"character_chosen":"IRONCLAD","items_purchased":["Membership Card","Hemokinesis","Battle Trance","Inflame","Lantern"],"campfire_rested":2,"item_purchase_floors":[5,13,22,25,25],"current_hp_per_floor":[73,78,80,80,80,80,80,80,80,80,80,71,71,74,74,20,65,60,60,60,60,60,51,51,51,51,80,79,52,56,45,80,0],"gold":132,"neow_bonus":"THREE_SMALL_POTIONS","is_prod":false,"is_daily":false,"chose_seed":false,"campfire_upgraded":4,"win_rate":0,"timestamp":1564897500,"path_taken":["M","?","M","?","$","R","M","R","T","?","R","E","$","M","R","BOSS","M","?","?","?","$","E","R","$","T","R","?","M","E","M","R","BOSS"],"build_version":"2019-07-17","purchased_purges":1,"victory":false,"max_hp_per_floor":[75,80,80,80,80,80,80,80,80,80,80,80,80,80,80,80,80,80,80,80,80,80,80,80,80,80,80,80,80,80,80,80,80],"card_choices":[{"not_picked":["Flex","Infernal Blade"],"picked":"Twin Strike","floor":1.0},{"not_picked":["Burning Pact","Bloodletting"],"picked":"Perfected Strike","floor":3.0},{"not_picked":["Armaments","Bloodletting"],"picked":"Sword Boomerang","floor":7.0},{"not_picked":["Bludgeon","Pummel"],"picked":"Pommel Strike","floor":12.0},{"not_picked":["Warcry","Heavy Blade"],"picked":"Ghostly Armor","floor":14.0},{"not_picked":["Impervious","Demon Form"],"picked":"Immolate","floor":16.0},{"not_picked":["Infernal Blade","Iron Wave+1"],"picked":"Pommel Strike","floor":18.0},{"not_picked":["Pommel Strike","Iron Wave"],"picked":"Power Through","floor":23.0},{"not_picked":["Seeing Red+1","Dual Wield+1","Clothesline+1"],"picked":"SKIP","floor":28.0},{"not_picked":["Seeing Red+1","Dual Wield+1","Clothesline+1"],"picked":"SKIP","floor":28.0},{"not_picked":["Havoc","Body Slam","Anger"],"picked":"SKIP","floor":29},{"not_picked":["Rampage","Twin Strike","Body Slam"],"picked":"SKIP","floor":30},{"not_picked":["Flex","Dual Wield","Warcry"],"picked":"SKIP","floor":31},{"not_picked":["Carnage","Sword Boomerang+1"],"picked":"Evolve","floor":32}],"player_experience":2542509,"relics_obtained":[{"floor":9.0,"key":"Sundial"},{"floor":10.0,"key":"PreservedInsect"},{"floor":12.0,"key":"Dream Catcher"},{"floor":23.0,"key":"Matryoshka"},{"floor":26.0,"key":"War Paint"},{"floor":26.0,"key":"Happy Flower"},{"floor":30,"key":"Gremlin Horn"}],"event_choices":[{"damage_healed":0.0,"max_hp_gain":5.0,"max_hp_loss":0.0,"gold_gain":0.0,"event_name":"Big Fish","player_choice":"Donut","floor":2.0,"gold_loss":0.0,"damage_taken":0.0},{"damage_healed":0.0,"max_hp_gain":0.0,"max_hp_loss":0.0,"gold_gain":150.0,"event_name":"Liars Game","player_choice":"AGREE","floor":4.0,"gold_loss":0.0,"damage_taken":0.0,"cards_obtained":["Doubt"]},{"damage_healed":0.0,"max_hp_gain":0.0,"max_hp_loss":0.0,"gold_gain":0.0,"event_name":"The Library","player_choice":"Read","floor":19.0,"gold_loss":0.0,"damage_taken":0.0,"cards_obtained":["Flame Barrier"]},{"damage_healed":0.0,"max_hp_gain":0.0,"max_hp_loss":0.0,"gold_gain":0.0,"event_name":"The Mausoleum","player_choice":"Opened","floor":20.0,"gold_loss":0.0,"damage_taken":0.0,"relics_obtained":["Regal Pillow"],"cards_obtained":["Writhe"]},{"cards_removed":["Writhe"],"damage_healed":0.0,"max_hp_gain":0.0,"max_hp_loss":0.0,"gold_gain":0.0,"event_name":"Bonfire Elementals","player_choice":"Offered Curse","floor":21.0,"gold_loss":0.0,"damage_taken":0.0,"relics_obtained":["Spirit Poop"]}],"is_beta":false,"boss_relics":[{"not_picked":["Black Blood","Astrolabe"],"picked":"Fusion Hammer"}],"items_purged_floors":[5],"is_endless":false,"potions_floor_spawned":[12,16,23,31],"killed_by":"Collector","ascension_level":20}