{"gold_per_floor":[117,128,128,143,24,59,59,75,75,75,225,225,252,311,311,383,383,403,11,30,30,30,57,3,3],"floor_reached":25,"playtime":904,"items_purged":["Strike_R","Strike_R"],"score":445,"play_id":"b1cd6dc4-242f-47f4-a3a6-3c0caaa815e0","local_time":"20190906223033","is_ascension_mode":true,"campfire_choices":[{"data":"Metallicize","floor":7,"key":"SMITH"},{"data":"Bash","floor":10,"key":"SMITH"},{"data":"Clothesline","floor":12,"key":"SMITH"},{"floor":15,"key":"REST"}],"neow_cost":"NONE","seed_source_timestamp":227637905609800,"circlet_count":0,"master_deck":["AscendersBane","Defend_R","Defend_R","Defend_R","Defend_R","Bash+1","Pommel Strike","Clothesline+1","Pommel Strike","Metallicize+1","Iron Wave","Shrug It Off","Doubt","Cleave","Battle Trance+1","Immolate","Rage+1","Flame Barrier+1","Shame","Bite","Bite","Bite","Bite","Bite","Inflame+1","Shrug It Off+1"],"relics":["Burning Blood","NeowsBlessing","Bronze Scales","Pear","Nunchaku","Toxic Egg 2","Mark of Pain","Lee\u0027s Waffle","Ornamental Fan","Self Forming Clay"],"potions_floor_usage":[6,6,16],"damage_taken":[{"damage":0,"enemies":"Jaw Worm","floor":1,"turns":1},{"damage":0,"enemies":"Cultist","floor":2,"turns":1},{"damage":0,"enemies":"Small Slimes","floor":4,"turns":1},{"damage":56,"enemies":"Lagavulin","floor":6,"turns":7},{"damage":23,"enemies":"3 Louse","floor":8,"turns":4},{"damage":14,"enemies":"3 Sentries","floor":13,"turns":10},{"damage":14,"enemies":"3 Sentries","floor":14,"turns":7},{"damage":32,"enemies":"The Guardian","floor":16,"turns":15},{"damage":21,"enemies":"Shell Parasite","floor":18,"turns":5},{"damage":0,"enemies":"3 Byrds","floor":20,"turns":2},{"damage":39,"enemies":"Book of Stabbing","floor":23,"turns":7},{"damage":51,"enemies":"Gremlin Leader","floor":25,"turns":6}],"seed_played":"-1786315873542142999","potions_obtained":[{"floor":1,"key":"FearPotion"},{"floor":4,"key":"Regen Potion"},{"floor":6,"key":"LiquidBronze"},{"floor":14,"key":"Swift Potion"},{"floor":18,"key":"LiquidBronze"}],"is_trial":false,"path_per_floor":["M","M","?","M","$","E","R","M","T","R","?","R","E","?","R","B",null,"M","$","M","?","?","E","$","E"],"character_chosen":"IRONCLAD","items_purchased":["Metallicize","Lee\u0027s Waffle","Flame Barrier+1","Shrug It Off+1"],"campfire_rested":1,"item_purchase_floors":[5,19,19,24],"current_hp_per_floor":[74,75,75,75,75,39,39,22,32,32,32,32,24,16,41,15,68,53,92,92,92,64,35,35,0],"gold":3,"neow_bonus":"THREE_ENEMY_KILL","is_prod":false,"is_daily":false,"chose_seed":false,"campfire_upgraded":3,"win_rate":0,"timestamp":1567834233,"path_taken":["M","M","?","?","$","E","R","M","T","R","?","R","E","?","R","BOSS","M","$","M","?","?","E","?","E"],"build_version":"2019-07-17","purchased_purges":2,"victory":false,"max_hp_per_floor":[75,75,75,75,75,75,75,75,85,85,85,85,85,85,85,85,85,85,92,92,92,64,64,64,64],"card_choices":[{"not_picked":["Rupture","Clothesline"],"picked":"Pommel Strike","floor":1},{"not_picked":["Warcry","Rupture"],"picked":"Clothesline","floor":2},{"not_picked":["Bludgeon","Pummel"],"picked":"Pommel Strike","floor":4},{"not_picked":["Twin Strike","Combust"],"picked":"Iron Wave","floor":6},{"not_picked":["Heavy Blade","Corruption"],"picked":"Shrug It Off","floor":8},{"not_picked":["Dark Embrace","Thunderclap"],"picked":"Cleave","floor":13},{"not_picked":["Burning Pact","Sword Boomerang"],"picked":"Battle Trance","floor":14},{"not_picked":["Bludgeon","Brutality"],"picked":"Immolate","floor":16},{"not_picked":["Body Slam","Twin Strike"],"picked":"Rage+1","floor":18},{"not_picked":["Rupture","Heavy Blade","Sword Boomerang"],"picked":"SKIP","floor":20},{"not_picked":["Clash","Carnage"],"picked":"Inflame+1","floor":23}],"player_experience":1402780,"relics_obtained":[{"floor":6,"key":"Bronze Scales"},{"floor":9,"key":"Pear"},{"floor":13,"key":"Nunchaku"},{"floor":14,"key":"Toxic Egg 2"},{"floor":23,"key":"Self Forming Clay"}],"event_choices":[{"damage_healed":0,"gold_gain":0,"player_choice":"0 cards matched","damage_taken":0,"max_hp_gain":0,"max_hp_loss":0,"event_name":"Match and Keep!","floor":3,"gold_loss":0,"cards_obtained":[]},{"damage_healed":0,"gold_gain":150,"player_choice":"AGREE","damage_taken":0,"max_hp_gain":0,"max_hp_loss":0,"event_name":"Liars Game","floor":11,"gold_loss":0,"cards_obtained":["Doubt"]},{"damage_healed":0,"gold_gain":0,"player_choice":"Searched \u00271\u0027 times","damage_taken":0,"max_hp_gain":0,"max_hp_loss":0,"event_name":"Dead Adventurer","floor":14,"gold_loss":0},{"damage_healed":0,"gold_gain":0,"player_choice":"Stole Relic","damage_taken":0,"relics_obtained":["Ornamental Fan"],"max_hp_gain":0,"max_hp_loss":0,"event_name":"Addict","floor":21,"gold_loss":0,"cards_obtained":["Shame"]},{"damage_healed":0,"gold_gain":0,"player_choice":"Became a vampire","damage_taken":0,"max_hp_gain":0,"max_hp_loss":28,"event_name":"Vampires","floor":22,"gold_loss":0,"cards_obtained":["Bite","Bite","Bite","Bite","Bite"]}],"is_beta":false,"boss_relics":[{"not_picked":["Runic Dome","Cursed Key"],"picked":"Mark of Pain"}],"items_purged_floors":[5,19],"is_endless":false,"potions_floor_spawned":[1,4,6,14,18,20],"killed_by":"Gremlin Leader","ascension_level":17}