{"gold_per_floor":[112,38,49,49,49,82,82,111,111,111,121,148,148,163,163,163],"floor_reached":16,"playtime":714,"items_purged":[],"score":266,"play_id":"3bb74091-d3e6-43fa-94fe-af64f4a9903d","local_time":"20190802234225","is_ascension_mode":true,"campfire_choices":[{"data":"Bash","floor":7.0,"key":"SMITH"},{"data":"Inflame","floor":10.0,"key":"SMITH"},{"data":"Perfected Strike","floor":13.0,"key":"SMITH"},{"data":"Hemokinesis","floor":15,"key":"SMITH"}],"neow_cost":"NONE","seed_source_timestamp":108435205247900,"circlet_count":0,"master_deck":["AscendersBane","Strike_R","Strike_R","Strike_R","Strike_R","Strike_R","Defend_R","Defend_R","Defend_R","Defend_R","Bash+1","Flame Barrier","Inflame+1","Hemokinesis+1","Iron Wave","Spot Weakness","Perfected Strike+1"],"special_seed":0,"relics":["Burning Blood","NeowsBlessing","Art of War","Potion Belt","Odd Mushroom"],"potions_floor_usage":[14,16,16,16],"damage_taken":[{"damage":0.0,"enemies":"2 Louse","floor":1.0,"turns":1.0},{"damage":0.0,"enemies":"Jaw Worm","floor":3.0,"turns":1.0},{"damage":0.0,"enemies":"Lagavulin","floor":6.0,"turns":1.0},{"damage":41.0,"enemies":"3 Sentries","floor":8.0,"turns":9.0},{"damage":3.0,"enemies":"Small Slimes","floor":11.0,"turns":2.0},{"damage":22.0,"enemies":"The Mushroom Lair","floor":12.0,"turns":4.0},{"damage":0,"enemies":"3 Louse","floor":14,"turns":2},{"damage":39,"enemies":"Slime Boss","floor":16,"turns":10}],"seed_played":"-1265256172458546426","potions_obtained":[{"floor":1.0,"key":"EssenceOfSteel"},{"floor":8.0,"key":"Explosive Potion"},{"floor":12.0,"key":"Dexterity Potion"},{"floor":14,"key":"EssenceOfSteel"}],"is_trial":false,"path_per_floor":["M","$","M","?","?","E","R","E","T","R","M","?","R","M","R","B"],"character_chosen":"IRONCLAD","items_purchased":["Inflame"],"campfire_rested":0,"item_purchase_floors":[2],"current_hp_per_floor":[74,74,75,75,80,80,80,45,45,45,48,32,32,38,38,0],"gold":163,"neow_bonus":"THREE_ENEMY_KILL","is_prod":false,"is_daily":false,"chose_seed":false,"campfire_upgraded":4,"win_rate":0,"timestamp":1564803745,"path_taken":["M","$","M","?","?","E","R","E","T","R","M","?","R","M","R","BOSS"],"build_version":"2019-07-17","purchased_purges":0,"victory":false,"max_hp_per_floor":[75,75,75,75,80,80,80,80,80,80,80,80,80,80,80,80],"card_choices":[{"not_picked":["Seeing Red","Rupture"],"picked":"Flame Barrier","floor":1.0},{"not_picked":["Wild Strike","True Grit"],"picked":"Hemokinesis","floor":3.0},{"not_picked":["Burning Pact","Sentinel"],"picked":"Iron Wave","floor":6.0},{"not_picked":["Headbutt","True Grit"],"picked":"Spot Weakness","floor":8.0},{"not_picked":["Sword Boomerang","Corruption","Heavy Blade"],"picked":"SKIP","floor":11.0},{"not_picked":["Warcry","Flex"],"picked":"Perfected Strike","floor":12.0},{"not_picked":["Iron Wave","Havoc","Headbutt"],"picked":"SKIP","floor":14}],"player_experience":2541795,"relics_obtained":[{"floor":8.0,"key":"Art of War"},{"floor":9.0,"key":"Potion Belt"},{"floor":12.0,"key":"Odd Mushroom"}],"event_choices":[{"damage_healed":0.0,"max_hp_gain":0.0,"max_hp_loss":0.0,"gold_gain":0.0,"event_name":"The Cleric","player_choice":"Leave","floor":4.0,"gold_loss":0.0,"damage_taken":0.0},{"damage_healed":0.0,"max_hp_gain":5.0,"max_hp_loss":0.0,"gold_gain":0.0,"event_name":"Big Fish","player_choice":"Donut","floor":5.0,"gold_loss":0.0,"damage_taken":0.0},{"damage_healed":0.0,"max_hp_gain":0.0,"max_hp_loss":0.0,"gold_gain":0.0,"event_name":"Mushrooms","player_choice":"Fought Mushrooms","floor":12.0,"gold_loss":0.0,"damage_taken":0.0}],"is_beta":false,"boss_relics":[],"items_purged_floors":[],"is_endless":false,"potions_floor_spawned":[1,8,12,14],"killed_by":"Slime Boss","ascension_level":20}