{"gold_per_floor":[18,18,18,18,18,18,87,125,125,125,148,148,35,69,69,162,162,183,208,64,64,64],"floor_reached":22,"playtime":814,"items_purged":["Strike_R"],"score":320,"play_id":"d12ee51c-21bc-4c27-b13d-ccaafa7ec6b8","local_time":"20190719082100","is_ascension_mode":true,"campfire_choices":[{"floor":6,"key":"REST"},{"floor":10,"key":"REST"},{"data":"Bash","floor":12,"key":"SMITH"},{"data":"Iron Wave","floor":15,"key":"SMITH"}],"neow_cost":"NO_GOLD","seed_source_timestamp":691155407459900,"circlet_count":0,"master_deck":["AscendersBane","Defend_R","Defend_R","Defend_R+1","Defend_R","Bash+1","Armaments+1","Fiend Fire","Uppercut+1","Shrug It Off","Dropkick","Iron Wave+1","Limit Break","Carnage","Whirlwind"],"relics":["Burning Blood","Golden Idol","Anchor","Happy Flower","Paper Frog","StoneCalendar","Empty Cage","Bag of Marbles"],"potions_floor_usage":[14,22,22],"damage_taken":[{"damage":7,"enemies":"Jaw Worm","floor":1,"turns":2},{"damage":29,"enemies":"3 Sentries","floor":8,"turns":11},{"damage":0,"enemies":"2 Louse","floor":11,"turns":2},{"damage":15,"enemies":"Lagavulin","floor":14,"turns":5},{"damage":26,"enemies":"Slime Boss","floor":16,"turns":7},{"damage":38,"enemies":"3 Byrds","floor":18,"turns":7},{"damage":0,"enemies":"Chosen","floor":19,"turns":6},{"damage":47,"enemies":"Sentry and Sphere","floor":22,"turns":6}],"seed_played":"-2870776628866284829","potions_obtained":[{"floor":11,"key":"SneckoOil"},{"floor":18,"key":"SpeedPotion"}],"is_trial":false,"path_per_floor":["M","?","?","?","?","R","?","E","T","R","M","R","$","E","R","B",null,"M","M","$","?","M"],"character_chosen":"IRONCLAD","items_purchased":["BloodPotion","Dropkick","Whirlwind"],"campfire_rested":2,"item_purchase_floors":[13,13,20],"current_hp_per_floor":[67,67,49,31,16,38,38,15,15,37,43,43,43,52,52,32,64,32,38,38,38,0],"gold":64,"neow_bonus":"TRANSFORM_TWO_CARDS","is_prod":false,"is_daily":false,"chose_seed":false,"campfire_upgraded":2,"win_rate":0,"timestamp":1563549660,"path_taken":["M","?","?","?","?","R","?","E","T","R","?","R","$","E","R","BOSS","M","M","$","?","M"],"build_version":"2019-07-17","purchased_purges":1,"victory":false,"max_hp_per_floor":[75,75,75,75,75,75,75,75,75,75,75,75,75,75,75,75,75,75,75,75,75,75],"card_choices":[{"not_picked":["Sword Boomerang","Thunderclap"],"picked":"Uppercut","floor":1},{"not_picked":["Anger","Sentinel","Sword Boomerang"],"picked":"SKIP","floor":8},{"not_picked":["Sword Boomerang","Iron Wave"],"picked":"Shrug It Off","floor":11},{"not_picked":["Carnage","Power Through"],"picked":"Iron Wave","floor":14},{"not_picked":["Berserk","Brutality"],"picked":"Limit Break","floor":16},{"not_picked":["Clash+1","Armaments"],"picked":"Carnage","floor":18},{"not_picked":["Clash+1","Blood for Blood","Body Slam"],"picked":"SKIP","floor":19}],"player_experience":1378732,"relics_obtained":[{"floor":8,"key":"Happy Flower"},{"floor":9,"key":"Paper Frog"},{"floor":14,"key":"StoneCalendar"}],"event_choices":[{"damage_healed":0,"gold_gain":0,"player_choice":"Grow","damage_taken":0,"max_hp_gain":0,"max_hp_loss":0,"event_name":"Living Wall","floor":2,"gold_loss":0,"cards_upgraded":["Armaments"]},{"damage_healed":0,"gold_gain":0,"player_choice":"Take Damage","damage_taken":18,"relics_obtained":["Golden Idol"],"max_hp_gain":0,"max_hp_loss":0,"event_name":"Golden Idol","floor":3,"gold_loss":0},{"damage_healed":0,"gold_gain":0,"player_choice":"Success","damage_taken":18,"relics_obtained":["Anchor"],"max_hp_gain":0,"max_hp_loss":0,"event_name":"Scrap Ooze","floor":4,"gold_loss":0},{"damage_healed":0,"gold_gain":0,"player_choice":"Entered Light","damage_taken":15,"max_hp_gain":0,"max_hp_loss":0,"event_name":"Shining Light","floor":5,"gold_loss":0,"cards_upgraded":["Uppercut","Defend_R"]},{"damage_healed":0,"gold_gain":69,"player_choice":"Gained Gold","damage_taken":0,"max_hp_gain":0,"max_hp_loss":0,"event_name":"Golden Wing","floor":7,"gold_loss":0},{"damage_healed":0,"gold_gain":0,"player_choice":"Opened","damage_taken":0,"relics_obtained":["Bag of Marbles"],"max_hp_gain":0,"max_hp_loss":0,"event_name":"The Mausoleum","floor":21,"gold_loss":0}],"is_beta":false,"boss_relics":[{"not_picked":["Calling Bell","White Beast Statue"],"picked":"Empty Cage"}],"items_purged_floors":[20],"is_endless":false,"potions_floor_spawned":[11,18],"killed_by":"Sentry and Sphere","ascension_level":14}