{"path_per_floor":["M","?","M","?","?","E","M","R","T","M","T","R","$","M","R","B",null,"M","?","M","M","M","E","R","?","T","R","$","M","R"],"character_chosen":"THE_SILENT","items_purchased":["Die Die Die","Dodge and Roll","Outmaneuver","Sucker Punch","Dagger Throw","Escape Plan"],"gold_per_floor":[146,126,136,86,86,117,135,135,135,147,170,170,50,65,65,160,160,173,98,116,134,154,188,188,188,213,213,16,36,36],"floor_reached":31,"campfire_rested":2,"playtime":3015,"current_hp_per_floor":[74,74,67,67,67,40,42,75,75,65,65,65,65,55,55,46,75,59,59,50,39,40,33,70,70,70,70,70,46,46],"items_purged":[],"gold":36,"score":255,"play_id":"e4981c3d-f9d6-41e8-9313-50d5e28858d3","is_prod":false,"is_daily":false,"is_ascension_mode":false,"campfire_upgraded":2,"path_taken":["M","?","M","?","?","E","M","R","T","M","?","R","$","M","R","BOSS","M","?","M","M","M","E","R","?","T","R","$","M","R","E"],"build_version":"2018-02-08-PROD1","purchased_purges":0,"victory":false,"master_deck":["Defend_G","Defend_G","Defend_G","Strike_G","Strike_G","Strike_G","Strike_G","Strike_G","Survivor","Neutralize","Noxious Fumes+1","Terror","Masterful Stab","Quick Slash","Dash","Dagger Spray+1","Die Die Die","Dodge and Roll","Flechettes","Corpse Explosion","Clumsy","Clumsy","Crippling Poison","Bane+1","Deadly Poison+1","Dagger Throw","Skewer","Expertise","Outmaneuver","Sucker Punch","Dagger Throw","Escape Plan","Backflip+1"],"max_hp_per_floor":[75,75,75,75,75,75,75,75,75,75,75,75,75,75,75,75,75,75,75,75,75,75,75,75,75,75,75,75,75,75],"relics":["Tiny House","Regal Pillow","Meat on the Bone","Torii","Vajra","Calling Bell","Blood Vial","Thread and Needle","Lantern","Peace Pipe","Pen Nib"],"card_choices":[{"not_picked":["Infinite Blades","Endless Agony"],"picked":"Noxious Fumes"},{"not_picked":["Slice","Deadly Poison"],"picked":"Terror"},{"not_picked":["PiercingWail","Riddle With Holes"],"picked":"Masterful Stab"},{"not_picked":["Sucker Punch","Acrobatics"],"picked":"Quick Slash"},{"not_picked":["Backflip","Leg Sweep"],"picked":"Dash"},{"not_picked":["Footwork","Prepared"],"picked":"Dagger Spray"},{"not_picked":["Escape Plan","Bane"],"picked":"Flechettes"},{"not_picked":["Envenom","Unload"],"picked":"Corpse Explosion"},{"not_picked":["Malaise","Dodge and Roll"],"picked":"Crippling Poison"},{"not_picked":["Deflect","Infinite Blades"],"picked":"Bane"},{"not_picked":["Terror","Deflect"],"picked":"Deadly Poison"},{"not_picked":["Calculated Gamble","Slice"],"picked":"Dagger Throw"},{"not_picked":["Dodge and Roll","Slice"],"picked":"Skewer"},{"not_picked":["Flechettes","Sucker Punch"],"picked":"Backflip"}],"player_experience":11345,"potions_floor_usage":[20,21,21,22,23],"damage_taken":[{"damage":1,"enemies":"Cultist","floor":1,"turns":5},{"damage":7,"enemies":"Blue Slaver","floor":3,"turns":5},{"damage":27,"enemies":"3 Sentries","floor":6,"turns":8},{"damage":10,"enemies":"Jaw Worm","floor":7,"turns":3},{"damage":10,"enemies":"3 Louse","floor":10,"turns":3},{"damage":10,"enemies":"Large Slime","floor":14,"turns":5},{"damage":21,"enemies":"Hexaghost","floor":16,"turns":10},{"damage":16,"enemies":"Spheric Guardian","floor":18,"turns":6},{"damage":20,"enemies":"Chosen","floor":20,"turns":5},{"damage":13,"enemies":"Snake Plant","floor":21,"turns":5},{"damage":13,"enemies":"Snecko","floor":22,"turns":5},{"damage":21,"enemies":"Book of Stabbing","floor":23,"turns":6},{"damage":26,"enemies":"Cultist and Chosen","floor":29,"turns":6},{"damage":50,"enemies":"Slavers","floor":31,"turns":4}],"event_choices":[{"event_name":"The Woman in Blue","player_choice":"Bought 1 Potion","floor":2,"damage_taken":0},{"event_name":"The Cleric","player_choice":"Card Removal","floor":4,"damage_taken":0},{"event_name":"Big Fish","player_choice":"Box","floor":5,"damage_taken":0},{"event_name":"Beggar","player_choice":"Gave Gold","floor":19,"damage_taken":0},{"event_name":"The Library","player_choice":"Read","floor":25,"damage_taken":0}],"boss_relics":[{"not_picked":["Runic Dome","White Beast Statue"],"picked":"Calling Bell"}],"potions_floor_spawned":[1,3,6,16,18,20,21,23],"seed_played":"-8619840165068417420","killed_by":"Slavers","ascension_level":0,"is_trial":false}