{"path_per_floor":["M","M","?","M","M","E","$","R","T","M","?","E","R","M","R","B",null,"M","?","$","M","?","R"],"character_chosen":"IRONCLAD","items_purchased":["Second Wind","Meat on the Bone"],"gold_per_floor":[119,139,139,153,163,193,69,69,69,87,87,116,116,130,130,228,228,241,221,19,38,38,38,38],"floor_reached":24,"campfire_rested":1,"playtime":1901,"current_hp_per_floor":[76,80,80,80,74,39,39,78,78,71,71,55,55,44,44,8,80,47,47,47,45,45,51,0],"items_purged":["Strike_R"],"gold":38,"score":206,"play_id":"6c7c8bee-9fb1-49ca-b8f3-a001ca901bfc","local_time":"20180501235956","is_prod":false,"is_daily":false,"chose_seed":false,"is_ascension_mode":false,"campfire_upgraded":3,"timestamp":1525211996,"path_taken":["M","M","?","M","M","E","$","R","T","M","?","E","R","M","R","BOSS","M","?","$","M","?","R","E"],"build_version":"2018-04-28v2","seed_source_timestamp":0,"purchased_purges":1,"victory":false,"master_deck":["Strike_R","Strike_R","Strike_R","Strike_R","Defend_R","Defend_R","Defend_R","Defend_R","Bash","Metallicize","Wild Strike","Body Slam+1","Second Wind","Headbutt","Regret","Evolve+1","Metallicize+1","Immolate"],"max_hp_per_floor":[80,80,80,80,80,80,80,80,80,80,80,80,80,80,80,80,80,80,80,80,80,80,80,80],"relics":["Burning Blood","Regal Pillow","Smiling Mask","Paper Frog","Self Forming Clay","The Courier","Eternal Feather","Meat on the Bone"],"card_choices":[{"not_picked":["Cleave","Wild Strike"],"picked":"Metallicize","floor":1.0},{"not_picked":["Sword Boomerang","Clash"],"picked":"Wild Strike","floor":5.0},{"not_picked":["Headbutt","Pommel Strike"],"picked":"Body Slam","floor":6.0},{"not_picked":["Warcry","Rampage"],"picked":"Headbutt","floor":10.0},{"not_picked":["Flex","Clothesline"],"picked":"Evolve","floor":12.0},{"not_picked":["Flex","Seeing Red"],"picked":"Metallicize","floor":14},{"not_picked":["Berserk","Brutality"],"picked":"Immolate","floor":16}],"player_experience":393890,"potions_floor_usage":[14,21],"damage_taken":[{"damage":10.0,"enemies":"Cultist","floor":1.0,"turns":4.0},{"damage":0.0,"enemies":"Small Slimes","floor":2.0,"turns":3.0},{"damage":3.0,"enemies":"Jaw Worm","floor":4.0,"turns":5.0},{"damage":12.0,"enemies":"3 Louse","floor":5.0,"turns":4.0},{"damage":41.0,"enemies":"Lagavulin","floor":6.0,"turns":8.0},{"damage":13.0,"enemies":"Red Slaver","floor":10.0,"turns":2.0},{"damage":22.0,"enemies":"Gremlin Nob","floor":12.0,"turns":5.0},{"damage":17,"enemies":"Lots of Slimes","floor":14,"turns":5},{"damage":42,"enemies":"The Guardian","floor":16,"turns":11},{"damage":39,"enemies":"Spheric Guardian","floor":18,"turns":10},{"damage":20,"enemies":"Shell Parasite","floor":21,"turns":5},{"damage":52,"enemies":"Gremlin Leader","floor":24,"turns":5}],"event_choices":[{"event_name":"Liars Game","player_choice":"disagreed","floor":3.0,"damage_taken":0.0},{"event_name":"Big Fish","player_choice":"Box","floor":11.0,"damage_taken":0.0},{"event_name":"The Woman in Blue","player_choice":"Bought 1 Potion","floor":19,"damage_taken":0},{"event_name":"The Lab","player_choice":"Got Potions","floor":22,"damage_taken":0}],"boss_relics":[{"not_picked":["Runic Dome","Ectoplasm"],"picked":"Eternal Feather"}],"potions_floor_spawned":[4,5,12,16,21],"seed_played":"-5205636009465752735","killed_by":"Gremlin Leader","ascension_level":0,"is_trial":false}