{"path_per_floor":["M","$","M","?","M","R","?","E","T","?","$","M","M","M","R","B",null,"M","?","$","?","M","R","M","M","T","E","M","?","$","M","R"],"character_chosen":"IRONCLAD","items_purchased":["Twin Strike","Vajra","Metallicize","Flame Barrier"],"gold_per_floor":[110,10,30,205,221,221,221,254,281,281,181,199,211,221,221,319,319,330,330,56,56,75,75,89,106,106,132,142,142,25,35,35,35],"floor_reached":33,"campfire_rested":2,"playtime":2804,"current_hp_per_floor":[78,78,72,72,66,66,50,30,30,30,30,25,31,27,27,9,80,57,71,71,71,55,85,64,45,45,59,32,32,32,33,64,0],"items_purged":["Defend_R","Doubt","Writhe"],"gold":35,"score":334,"play_id":"8a5bfaf7-bba7-4cd2-adde-c627ca90102b","local_time":"20180412202659","is_prod":false,"is_daily":false,"is_ascension_mode":true,"campfire_upgraded":2,"timestamp":1523557619,"path_taken":["M","$","M","?","M","R","?","E","T","?","?","M","M","M","R","BOSS","M","?","$","?","M","R","M","?","T","E","M","?","$","M","R","BOSS"],"build_version":"2018-04-05v2","purchased_purges":3,"victory":false,"master_deck":["Strike_R","Strike_R+1","Strike_R","Strike_R","Defend_R","Defend_R","Defend_R","Bash+1","Demon Form+1","Twin Strike","Twin Strike+1","Shrug It Off","Clothesline","Shrug It Off","Spot Weakness","Feed","Thunderclap+1","Cleave","Pommel Strike+1","Decay","Metallicize","Flame Barrier"],"max_hp_per_floor":[80,80,80,80,80,80,80,80,80,80,80,80,80,80,80,80,80,83,97,97,97,100,100,103,106,106,106,106,106,106,106,106,106],"relics":["Burning Blood","Du-Vu Doll","Ancient Tea Set","Lizard Tail","Mango","Vajra","Bird Faced Urn","Meat on the Bone"],"card_choices":[{"not_picked":["Corruption","Clothesline"],"picked":"Demon Form","floor":1},{"not_picked":["Iron Wave","Combust"],"picked":"Twin Strike","floor":5},{"not_picked":["Disarm","Twin Strike"],"picked":"Shrug It Off","floor":8},{"not_picked":["Sword Boomerang","Searing Blow"],"picked":"Shrug It Off","floor":12},{"not_picked":["Clash","True Grit"],"picked":"Spot Weakness","floor":13},{"not_picked":["Fiend Fire","Double Tap"],"picked":"Feed","floor":16},{"not_picked":["Perfected Strike","Pummel"],"picked":"Thunderclap","floor":22},{"not_picked":["True Grit","Sever Soul"],"picked":"Cleave","floor":24},{"not_picked":["Corruption","Fiend Fire"],"picked":"Pommel Strike","floor":28}],"player_experience":350507,"potions_floor_usage":[8,16,16,22,24,27,27,33],"damage_taken":[{"damage":8,"enemies":"2 Louse","floor":1,"turns":4},{"damage":12,"enemies":"Small Slimes","floor":3,"turns":2},{"damage":12,"enemies":"Jaw Worm","floor":5,"turns":4},{"damage":26,"enemies":"3 Sentries","floor":8,"turns":7},{"damage":11,"enemies":"Looter","floor":12,"turns":2},{"damage":0,"enemies":"Exordium Wildlife","floor":13,"turns":3},{"damage":10,"enemies":"2 Fungi Beasts","floor":14,"turns":3},{"damage":24,"enemies":"The Guardian","floor":16,"turns":10},{"damage":32,"enemies":"Spheric Guardian","floor":18,"turns":5},{"damage":25,"enemies":"2 Thieves","floor":22,"turns":4},{"damage":42,"enemies":"3 Cultists","floor":24,"turns":5},{"damage":28,"enemies":"Chosen and Byrds","floor":25,"turns":8},{"damage":61,"enemies":"Gremlin Leader","floor":27,"turns":8},{"damage":45,"enemies":"Centurion and Healer","floor":28,"turns":5},{"damage":19,"enemies":"Cultist and Chosen","floor":31,"turns":7},{"damage":89,"enemies":"Automaton","floor":33,"turns":6}],"event_choices":[{"event_name":"Liars Game","player_choice":"agreed","floor":4,"damage_taken":0},{"event_name":"Shining Light","player_choice":"Entered Light","floor":7,"damage_taken":0},{"event_name":"Transmorgrifier","player_choice":"Transform","floor":10,"damage_taken":0},{"event_name":"The Mausoleum","player_choice":"Yes","floor":19,"damage_taken":0},{"event_name":"Drug Dealer","player_choice":"Ignored","floor":21,"damage_taken":0},{"event_name":"Forgotten Altar","player_choice":"Smashed Altar","floor":29,"damage_taken":0}],"boss_relics":[{"not_picked":["Cursed Key","Mark of Pain"],"picked":"Lizard Tail"}],"potions_floor_spawned":[1,13,14,16,22,24,25,31],"seed_played":"4453362376562162070","killed_by":"Automaton","ascension_level":3,"is_trial":false}