{"gold_per_floor":[113,113,188,188,204,204,224,241,241,259,273,273,300,330,342,354],"floor_reached":16,"playtime":1013,"items_purged":[],"score":109,"play_id":"1d071a56-5709-417e-b8dc-84ca2678f206","local_time":"20190827220949","is_ascension_mode":true,"campfire_choices":[{"floor":6,"key":"RECALL"},{"data":"Corruption","floor":15,"key":"SMITH"}],"neow_cost":"NONE","seed_source_timestamp":78459818682700,"circlet_count":0,"master_deck":["Strike_R","Strike_R","Strike_R","Strike_R","Defend_R","Defend_R","Defend_R","Defend_R","Bash","Shockwave","Uppercut","Warcry","Ghostly Armor","Corruption+1","Inflame","True Grit"],"relics":["Burning Blood","Happy Flower","MawBank"],"potions_floor_usage":[16,16,16],"damage_taken":[{"damage":0,"enemies":"Small Slimes","floor":1,"turns":3},{"damage":1,"enemies":"Cultist","floor":5,"turns":3},{"damage":0,"enemies":"2 Louse","floor":7,"turns":3},{"damage":5,"enemies":"2 Fungi Beasts","floor":8,"turns":4},{"damage":4,"enemies":"3 Louse","floor":10,"turns":4},{"damage":0,"enemies":"Looter","floor":11,"turns":4},{"damage":21,"enemies":"Gremlin Nob","floor":13,"turns":5},{"damage":4,"enemies":"Red Slaver","floor":14,"turns":5},{"damage":73,"enemies":"Hexaghost","floor":16,"turns":14}],"seed_played":"-4615521230078532525","potions_obtained":[{"floor":1,"key":"Ancient Potion"},{"floor":5,"key":"Block Potion"},{"floor":11,"key":"EssenceOfSteel"}],"is_trial":false,"path_per_floor":["M","$","?","?","M","R","M","M","T","M","M","?","E","M","R","B"],"character_chosen":"IRONCLAD","items_purchased":[],"campfire_rested":0,"item_purchase_floors":[],"current_hp_per_floor":[88,88,77,77,82,82,88,88,88,88,88,81,66,68,68,0],"gold":354,"neow_bonus":"TEN_PERCENT_HP_BONUS","is_prod":false,"is_daily":false,"chose_seed":false,"campfire_upgraded":1,"win_rate":0,"timestamp":1566961789,"path_taken":["M","$","?","?","M","R","?","M","T","M","M","?","E","M","R","BOSS"],"build_version":"2019-07-17","purchased_purges":0,"victory":false,"max_hp_per_floor":[88,88,88,88,88,88,88,88,88,88,88,88,88,88,88,88],"card_choices":[{"not_picked":["Hemokinesis","Iron Wave"],"picked":"True Grit","floor":1},{"not_picked":["Heavy Blade","Anger"],"picked":"Shockwave","floor":5},{"not_picked":["Shockwave","Havoc"],"picked":"Uppercut","floor":7},{"not_picked":["True Grit","Heavy Blade"],"picked":"Warcry","floor":8},{"not_picked":["Armaments","Fiend Fire"],"picked":"Ghostly Armor","floor":10},{"not_picked":["Sentinel","Havoc"],"picked":"Corruption","floor":11},{"not_picked":["Reckless Charge","Sword Boomerang"],"picked":"Inflame","floor":13},{"not_picked":["Twin Strike","Rage"],"picked":"True Grit","floor":14}],"player_experience":224313,"relics_obtained":[{"floor":13,"key":"MawBank"}],"event_choices":[{"damage_healed":0,"gold_gain":75,"player_choice":"Gather Gold","damage_taken":11,"max_hp_gain":0,"max_hp_loss":0,"event_name":"World of Goop","floor":3,"gold_loss":0},{"cards_removed":["True Grit"],"damage_healed":0,"gold_gain":0,"player_choice":"Gave Card","damage_taken":0,"relics_obtained":["Happy Flower"],"max_hp_gain":0,"max_hp_loss":0,"event_name":"WeMeetAgain","floor":4,"gold_loss":0},{"cards_removed":["Strike_R"],"damage_healed":0,"gold_gain":0,"player_choice":"Card Removal","damage_taken":7,"max_hp_gain":0,"max_hp_loss":0,"event_name":"Golden Wing","floor":12,"gold_loss":0}],"is_beta":false,"boss_relics":[],"items_purged_floors":[],"is_endless":false,"potions_floor_spawned":[1,5,11,13,14],"killed_by":"Hexaghost","ascension_level":1}