{"path_per_floor":["M","M","?","M","$","R","M","R","T","R","M","?","E","$","R","B",null,"M","M","$","M","?","R","M","M","T","?","?","R","M","M","R"],"character_chosen":"THE_SILENT","items_purchased":["Vajra","Bane","Acrobatics","Noxious Fumes","Leg Sweep"],"gold_per_floor":[117,134,134,152,9,9,26,26,26,26,46,46,73,3,3,107,107,125,136,24,44,44,44,54,69,122,122,122,122,141,153,153],"floor_reached":33,"campfire_rested":4,"playtime":2698,"current_hp_per_floor":[66,63,63,62,62,62,57,57,57,70,70,70,69,69,69,51,70,70,50,50,25,25,46,32,19,19,19,19,40,30,8,29],"items_purged":[],"gold":153,"score":248,"play_id":"0bc59342-371c-4cbb-85ff-3b331b9f1337","is_prod":false,"is_daily":false,"is_ascension_mode":false,"campfire_upgraded":3,"path_taken":["M","M","?","M","$","R","M","R","T","R","M","?","E","?","R","BOSS","M","M","$","M","?","R","M","M","T","?","?","R","M","M","R","BOSS"],"build_version":"2018-02-12-PROD1","purchased_purges":0,"victory":false,"master_deck":["Defend_G","Defend_G","Defend_G","Strike_G","Strike_G","Strike_G","Strike_G","Strike_G","Survivor","Neutralize","Corpse Explosion+1","Leg Sweep","Envenom+1","Dagger Throw+1","Adrenaline","Outmaneuver+1","Backstab","Backstab","Bane","Acrobatics","Storm of Steel","Bane","Dash+1","Noxious Fumes","Leg Sweep","Flying Knee+1","Decay","Quick Slash","Cloak And Dagger","Blade Dance+1","Dagger Spray"],"max_hp_per_floor":[70,70,70,70,70,70,70,70,70,70,70,70,70,70,70,70,70,70,70,70,70,70,70,70,70,70,70,70,70,70,70,70],"relics":["Ring of the Snake","Spirit Poop","Vajra","Tingsha","Orichalcum","The Specimen","Happy Flower"],"card_choices":[{"not_picked":["Caltrops","PiercingWail"],"picked":"Envenom"},{"not_picked":["Slice","Outmaneuver"],"picked":"Dagger Throw"},{"not_picked":["Deflect","Distraction"],"picked":"Adrenaline"},{"not_picked":["PiercingWail","Underhanded Strike"],"picked":"Outmaneuver"},{"not_picked":["Bane","Prepared"],"picked":"Backstab"},{"not_picked":["Calculated Gamble","Choke"],"picked":"Backstab"},{"not_picked":["Wraith Form","Glass Knife"],"picked":"Storm of Steel"},{"not_picked":["Dodge and Roll","Well Laid Plans"],"picked":"Bane"},{"not_picked":["PiercingWail","Predator"],"picked":"Dash"},{"not_picked":["Outmaneuver","Slice"],"picked":"Flying Knee"},{"not_picked":["Deflect","Poisoned Stab"],"picked":"Quick Slash"},{"not_picked":["Footwork","Masterful Stab"],"picked":"Cloak And Dagger"},{"not_picked":["Deflect","Masterful Stab"],"picked":"Blade Dance"},{"not_picked":["Catalyst","Envenom"],"picked":"Dagger Spray"}],"player_experience":60421,"potions_floor_usage":[16,16,16,21,24,33],"damage_taken":[{"damage":4,"enemies":"Cultist","floor":1,"turns":4},{"damage":3,"enemies":"Jaw Worm","floor":2,"turns":5},{"damage":1,"enemies":"Blue Slaver","floor":4,"turns":5},{"damage":5,"enemies":"3 Louse","floor":7,"turns":3},{"damage":0,"enemies":"Exordium Wildlife","floor":11,"turns":3},{"damage":1,"enemies":"Lagavulin","floor":13,"turns":6},{"damage":18,"enemies":"Slime Boss","floor":16,"turns":5},{"damage":0,"enemies":"Chosen","floor":18,"turns":4},{"damage":20,"enemies":"3 Byrds","floor":19,"turns":3},{"damage":25,"enemies":"3 Cultists","floor":21,"turns":6},{"damage":14,"enemies":"Snake Plant","floor":24,"turns":4},{"damage":13,"enemies":"Centurion and Healer","floor":25,"turns":5},{"damage":10,"enemies":"Snecko","floor":30,"turns":4},{"damage":22,"enemies":"Snake Plant","floor":31,"turns":5},{"damage":38,"enemies":"Collector","floor":33,"turns":3}],"event_choices":[{"event_name":"Bonfire Elementals","player_choice":"CURSE","floor":3,"damage_taken":0},{"event_name":"Upgrade Shrine","player_choice":"Upgraded","floor":12,"damage_taken":0},{"event_name":"Forgotten Altar","player_choice":"Smashed Altar","floor":22,"damage_taken":0},{"event_name":"Vampires","player_choice":"Ignored","floor":27,"damage_taken":0},{"event_name":"Drug Dealer","player_choice":"Ignored","floor":28,"damage_taken":0}],"boss_relics":[{"not_picked":["Calling Bell","Eternal Feather"],"picked":"The Specimen"}],"potions_floor_spawned":[1,4,11,18,19,31],"seed_played":"6279921444798885721","killed_by":"Collector","ascension_level":0,"is_trial":false}