{"gold_per_floor":[366,366,316,329,39,39,69,83,107,107,182,201,7,21,21,21],"floor_reached":16,"playtime":2151,"items_purged":[],"score":100,"play_id":"d685c636-fa3f-4fb4-8558-fa3b36402740","local_time":"20190809233315","is_ascension_mode":false,"campfire_choices":[{"data":"Blur","floor":6,"key":"SMITH"},{"data":"PiercingWail","floor":10,"key":"SMITH"},{"floor":15,"key":"REST"}],"neow_cost":"TEN_PERCENT_HP_LOSS","seed_source_timestamp":881610560177939,"circlet_count":0,"master_deck":["Strike_G","Strike_G","Strike_G","Strike_G","Defend_G","Defend_G","Defend_G","Defend_G","Defend_G","Survivor","Neutralize","Blur+1","Infinite Blades","PiercingWail+1","Escape Plan","Crippling Poison","Slice"],"relics":["Ring of the Snake","Happy Flower","Snake Skull","Omamori","Bag of Marbles","TwistedFunnel"],"potions_floor_usage":[],"damage_taken":[{"damage":0,"enemies":"Jaw Worm","floor":1,"turns":5},{"damage":0,"enemies":"2 Louse","floor":4,"turns":3},{"damage":15,"enemies":"Lagavulin","floor":7,"turns":12},{"damage":0,"enemies":"Cultist","floor":8,"turns":4},{"damage":1,"enemies":"Blue Slaver","floor":12,"turns":5},{"damage":15,"enemies":"Exordium Wildlife","floor":14,"turns":3},{"damage":60,"enemies":"The Guardian","floor":16,"turns":13}],"seed_played":"1257892152276816199","potions_obtained":[{"floor":1,"key":"AttackPotion"},{"floor":4,"key":"Block Potion"},{"floor":12,"key":"GamblersBrew"}],"is_trial":false,"path_per_floor":["M","?","?","M","$","R","E","M","T","R","?","M","$","M","R","B"],"character_chosen":"THE_SILENT","items_purchased":["Happy Flower","Snake Skull","TwistedFunnel"],"campfire_rested":1,"item_purchase_floors":[5,5,13],"current_hp_per_floor":[63,68,68,68,68,68,53,53,53,53,42,41,41,26,46,0],"gold":21,"neow_bonus":"TWO_FIFTY_GOLD","is_prod":false,"is_daily":false,"chose_seed":false,"campfire_upgraded":2,"win_rate":0.0,"timestamp":1565411595,"path_taken":["M","?","?","M","$","R","E","M","T","R","?","M","?","?","R","BOSS"],"build_version":"2019-07-17","purchased_purges":0,"victory":false,"max_hp_per_floor":[63,68,68,68,68,68,68,68,68,68,68,68,68,68,68,68],"card_choices":[{"not_picked":["Heel Hook","Flechettes"],"picked":"Blur","floor":1},{"not_picked":["Poisoned Stab","Outmaneuver"],"picked":"Infinite Blades","floor":4},{"not_picked":["Slice","Cloak And Dagger"],"picked":"PiercingWail","floor":7},{"not_picked":["Flying Knee","Finisher"],"picked":"Escape Plan","floor":8},{"not_picked":["Unload","Prepared"],"picked":"Crippling Poison","floor":12},{"not_picked":["Underhanded Strike","Riddle With Holes"],"picked":"Slice","floor":14}],"player_experience":100744,"relics_obtained":[{"floor":7,"key":"Omamori"},{"floor":9,"key":"Bag of Marbles"}],"event_choices":[{"damage_healed":0,"gold_gain":0,"player_choice":"Donut","damage_taken":0,"max_hp_gain":5,"max_hp_loss":0,"event_name":"Big Fish","floor":2,"gold_loss":0},{"cards_removed":["Strike_G"],"damage_healed":0,"gold_gain":0,"player_choice":"Card Removal","damage_taken":0,"max_hp_gain":0,"max_hp_loss":0,"event_name":"The Cleric","floor":3,"gold_loss":50},{"damage_healed":0,"gold_gain":75,"player_choice":"Gather Gold","damage_taken":11,"max_hp_gain":0,"max_hp_loss":0,"event_name":"World of Goop","floor":11,"gold_loss":0}],"is_beta":false,"boss_relics":[],"items_purged_floors":[],"is_endless":false,"potions_floor_spawned":[1,4,12],"killed_by":"The Guardian","ascension_level":0}