{"gold_per_floor":[115,40,40,51,51,51,226,226,308,65,99,99,158,172,172,275,275,285,384,395,395,395,395,395,395,395,395,410,210,15,25,25,122,122,138,138,150,150,163,196,43,43,43,61,0,0,14,289,289,289],"floor_reached":51,"playtime":3374,"items_purged":["Strike_R","Defend_R","Doubt"],"score":754,"play_id":"0ef951a5-29e4-4b0e-a915-c26e82ad897f","local_time":"20190124201503","is_ascension_mode":false,"campfire_choices":[{"data":"Bash","floor":6,"key":"SMITH"},{"data":"Second Wind","floor":8,"key":"SMITH"},{"data":"Bludgeon","floor":15,"key":"SMITH"},{"data":"Body Slam","floor":23,"key":"SMITH"},{"data":"Power Through","floor":25,"key":"SMITH"},{"data":"Defend_R","floor":27,"key":"SMITH"},{"data":"Pummel","floor":32,"key":"SMITH"},{"data":"Double Tap","floor":42,"key":"SMITH"},{"data":"Strike_R","floor":46,"key":"SMITH"},{"data":"Strike_R","floor":49,"key":"SMITH"}],"neow_cost":"NONE","seed_source_timestamp":32576017465992,"circlet_count":0,"master_deck":["Strike_R","Strike_R+1","Strike_R+1","Defend_R","Defend_R","Bash+1","Second Wind+1","Bludgeon+1","Body Slam+1","Pummel+1","Feed","Barricade+1","Power Through+1","Iron Wave+1","Corruption+1","Metallicize+1","Double Tap+1","Flame Barrier+1","Body Slam+1","Flex+1","Feel No Pain+1","Regret"],"relics":["Burning Blood","NeowsBlessing","Vajra","Frozen Egg 2","Bronze Scales","Tiny Chest","Lizard Tail","Pocketwatch","MutagenicStrength","Red Skull","Dead Branch","Strange Spoon","Coffee Dripper","Regal Pillow","Anchor","Question Card","Red Mask"],"potions_floor_usage":[13,18,20,28,33,37,44,50],"damage_taken":[{"damage":0,"enemies":"Small Slimes","floor":1,"turns":1},{"damage":0,"enemies":"2 Louse","floor":4,"turns":1},{"damage":0,"enemies":"Lagavulin","floor":11,"turns":1},{"damage":2,"enemies":"Gremlin Nob","floor":13,"turns":3},{"damage":8,"enemies":"Jaw Worm","floor":14,"turns":2},{"damage":51,"enemies":"The Guardian","floor":16,"turns":8},{"damage":21,"enemies":"Chosen","floor":18,"turns":7},{"damage":10,"enemies":"Shell Parasite","floor":20,"turns":3},{"damage":1,"enemies":"Chosen and Byrds","floor":28,"turns":5},{"damage":0,"enemies":"Snecko","floor":31,"turns":2},{"damage":20,"enemies":"Collector","floor":33,"turns":9},{"damage":12,"enemies":"3 Shapes","floor":35,"turns":4},{"damage":26,"enemies":"3 Darklings","floor":37,"turns":4},{"damage":15,"enemies":"Jaw Worm Horde","floor":39,"turns":3},{"damage":9,"enemies":"Reptomancer","floor":40,"turns":4},{"damage":5,"enemies":"Sphere and 2 Shapes","floor":44,"turns":3},{"damage":3,"enemies":"Transient","floor":47,"turns":5},{"damage":54,"enemies":"Time Eater","floor":50,"turns":9}],"seed_played":"8799624091650781004","potions_obtained":[{"floor":1,"key":"Strength Potion"},{"floor":11,"key":"SpeedPotion"},{"floor":14,"key":"Explosive Potion"},{"floor":18,"key":"SteroidPotion"},{"floor":31,"key":"Weak Potion"},{"floor":35,"key":"BloodPotion"},{"floor":40,"key":"PowerPotion"},{"floor":44,"key":"FearPotion"}],"is_trial":false,"path_per_floor":["M","$","?","M","?","R","?","R","T","$","E","?","E","M","R","B",null,"M","?","M","?","?","R","T","R","T","R","M","$","$","M","R","B",null,"M","?","M","?","M","E","$","R","T","M","?","R","M","?","R","B",null],"character_chosen":"IRONCLAD","items_purchased":["Bludgeon","Corruption+1","Strange Spoon","Anchor"],"campfire_rested":0,"item_purchase_floors":[10,29,30,41],"current_hp_per_floor":[80,80,80,80,73,73,73,73,73,73,79,79,80,78,78,33,80,68,68,64,64,64,64,64,64,64,64,69,69,69,75,75,61,83,77,77,63,63,57,57,57,57,57,61,61,61,64,64,64,16],"gold":289,"neow_bonus":"THREE_ENEMY_KILL","is_prod":false,"is_daily":false,"chose_seed":false,"campfire_upgraded":10,"win_rate":0,"timestamp":1548357303,"path_taken":["M","$","?","M","?","R","?","R","T","?","E","?","E","?","R","BOSS","M","?","M","?","?","R","?","R","T","R","M","?","$","M","R","BOSS","M","?","?","?","M","E","$","R","T","M","?","R","M","?","R","BOSS"],"build_version":"2019-01-23","purchased_purges":3,"victory":true,"max_hp_per_floor":[80,80,80,80,80,80,80,80,80,80,80,80,80,80,80,80,80,83,83,83,83,83,83,83,83,83,83,83,83,83,83,83,83,83,83,83,83,83,86,89,89,89,89,92,92,92,92,92,92,92],"card_choices":[{"not_picked":["Power Through","Havoc","Blood for Blood"],"picked":"SKIP","floor":1},{"not_picked":["Perfected Strike","Warcry"],"picked":"Second Wind","floor":4},{"not_picked":["Ghostly Armor","Twin Strike"],"picked":"Body Slam","floor":11},{"not_picked":["Wild Strike","Pommel Strike","Disarm"],"picked":"SKIP","floor":13},{"not_picked":["Carnage","Evolve+1"],"picked":"Feed","floor":14},{"not_picked":["Bludgeon","Feed"],"picked":"Barricade+1","floor":16},{"not_picked":["Evolve+1","Rupture+1","True Grit"],"picked":"SKIP","floor":18},{"not_picked":["Perfected Strike","Cleave"],"picked":"Power Through","floor":20},{"not_picked":["Shrug It Off","Pommel Strike+1"],"picked":"Iron Wave+1","floor":28},{"not_picked":["Warcry","Iron Wave"],"picked":"Metallicize+1","floor":31},{"not_picked":["Exhume","Berserk+1"],"picked":"Double Tap","floor":33},{"not_picked":["Havoc+1","Armaments"],"picked":"Flame Barrier+1","floor":35},{"not_picked":["Reckless Charge+1","Pommel Strike+1"],"picked":"Flex+1","floor":37},{"not_picked":["Wild Strike+1","Twin Strike","Sword Boomerang"],"picked":"SKIP","floor":39},{"not_picked":["Corruption+1","Cleave","Pommel Strike"],"picked":"SKIP","floor":40},{"not_picked":["Headbutt","Twin Strike+1","Battle Trance+1"],"picked":"Feel No Pain+1","floor":44},{"not_picked":["Heavy Blade","Wild Strike","Body Slam","Seeing Red+1"],"picked":"SKIP","floor":47}],"player_experience":605812,"relics_obtained":[{"floor":9,"key":"Frozen Egg 2"},{"floor":11,"key":"Bronze Scales"},{"floor":13,"key":"Tiny Chest"},{"floor":24,"key":"Red Skull"},{"floor":26,"key":"Dead Branch"},{"floor":40,"key":"Regal Pillow"},{"floor":43,"key":"Question Card"}],"event_choices":[{"damage_healed":0,"gold_gain":0,"player_choice":"Box","damage_taken":0,"relics_obtained":["Vajra"],"max_hp_gain":0,"max_hp_loss":0,"event_name":"Big Fish","floor":3,"gold_loss":0,"cards_obtained":["Regret"]},{"cards_removed":["Regret"],"damage_healed":0,"gold_gain":0,"player_choice":"Card Removal","damage_taken":7,"max_hp_gain":0,"max_hp_loss":0,"event_name":"Golden Wing","floor":5,"gold_loss":0},{"damage_healed":0,"gold_gain":175,"player_choice":"AGREE","damage_taken":0,"max_hp_gain":0,"max_hp_loss":0,"event_name":"Liars Game","floor":7,"gold_loss":0,"cards_obtained":["Doubt"]},{"damage_healed":0,"gold_gain":0,"cards_transformed":["Strike_R"],"player_choice":"Transformed","damage_taken":0,"max_hp_gain":0,"max_hp_loss":0,"event_name":"Transmorgrifier","floor":12,"gold_loss":0,"cards_obtained":["Pummel"]},{"damage_healed":0,"gold_gain":99,"player_choice":"Stole From Cult","damage_taken":0,"max_hp_gain":0,"max_hp_loss":0,"event_name":"Nest","floor":19,"gold_loss":0},{"damage_healed":0,"gold_gain":0,"player_choice":"Opened","damage_taken":0,"relics_obtained":["Pocketwatch"],"max_hp_gain":0,"max_hp_loss":0,"event_name":"The Mausoleum","floor":21,"gold_loss":0},{"damage_healed":0,"gold_gain":0,"player_choice":"Inject Mutagens","damage_taken":0,"relics_obtained":["MutagenicStrength"],"max_hp_gain":0,"max_hp_loss":0,"event_name":"Drug Dealer","floor":22,"gold_loss":0},{"damage_healed":0,"gold_gain":0,"player_choice":"Copied","damage_taken":0,"max_hp_gain":0,"max_hp_loss":0,"event_name":"Duplicator","floor":36,"gold_loss":0,"cards_obtained":["Body Slam"]},{"cards_removed":["Defend_R"],"damage_healed":0,"gold_gain":0,"player_choice":"Removed Skill","damage_taken":0,"max_hp_gain":0,"max_hp_loss":0,"event_name":"Falling","floor":38,"gold_loss":0},{"damage_healed":0,"gold_gain":0,"player_choice":"Paid","damage_taken":0,"relics_obtained":["Red Mask"],"max_hp_gain":0,"max_hp_loss":0,"event_name":"Tomb of Lord Red Mask","floor":45,"gold_loss":61},{"damage_healed":0,"gold_gain":275,"player_choice":"Desecrate","damage_taken":0,"max_hp_gain":0,"max_hp_loss":0,"event_name":"Golden Shrine","floor":48,"gold_loss":0,"cards_obtained":["Regret"]}],"is_beta":false,"boss_relics":[{"not_picked":["Runic Dome","Philosopher\u0027s Stone"],"picked":"Lizard Tail"},{"not_picked":["Snecko Eye","Busted Crown"],"picked":"Coffee Dripper"}],"items_purged_floors":[2,10,29],"is_endless":false,"potions_floor_spawned":[1,11,14,18,31,35,40,44],"ascension_level":0}