{"gold_per_floor":[116,191,191,191,191,226,226,240,286,305,305,163,163,177,177,177],"floor_reached":16,"playtime":1073,"items_purged":["Strike_B"],"score":98,"play_id":"ecbdb2d8-75b3-4337-9d30-0be25c02586f","local_time":"20180708233811","is_ascension_mode":false,"campfire_choices":[{"floor":7,"key":"REST"},{"floor":13,"key":"REST"},{"data":"Zap","floor":15,"key":"SMITH"}],"neow_cost":"CURSE","seed_source_timestamp":16154947780085,"circlet_count":0,"master_deck":["Strike_B","Strike_B","Defend_B","Defend_B","Defend_B","Defend_B","Zap+1","Dualcast","Fusion","Blizzard","Electrodynamics+1","Heatsinks+1","Self Repair+1","Streamline"],"relics":["Cracked Core","Torii","Golden Idol","Frozen Egg 2","Ancient Tea Set"],"potions_floor_usage":[6,8,14,14],"damage_taken":[{"damage":1,"enemies":"Cultist","floor":1,"turns":5},{"damage":46,"enemies":"Lagavulin","floor":6,"turns":8},{"damage":8,"enemies":"Jaw Worm","floor":8,"turns":3},{"damage":10,"enemies":"Small Slimes","floor":10,"turns":3},{"damage":3,"enemies":"Gremlin Gang","floor":14,"turns":3},{"damage":48,"enemies":"Hexaghost","floor":16,"turns":12}],"seed_played":"-5187356290741176910","potions_obtained":[{"floor":4,"key":"SmokeBomb"},{"floor":4,"key":"AttackPotion"},{"floor":4,"key":"FocusPotion"},{"floor":6,"key":"Weak Potion"},{"floor":8,"key":"EssenceOfSteel"}],"is_trial":false,"path_per_floor":["M","?","?","?","?","E","R","M","T","M","?","$","R","M","R"],"character_chosen":"DEFECT","items_purchased":["Self Repair+1"],"campfire_rested":2,"item_purchase_floors":[12],"current_hp_per_floor":[74,63,63,63,63,17,37,29,29,19,19,19,39,46,46,0],"gold":177,"neow_bonus":"ONE_RARE_RELIC","is_prod":false,"is_daily":false,"chose_seed":false,"campfire_upgraded":1,"win_rate":0.0,"timestamp":1531085891,"path_taken":["M","?","?","?","?","E","R","?","T","M","?","$","R","M","R","BOSS"],"build_version":"2018-07-05","purchased_purges":1,"victory":false,"max_hp_per_floor":[75,75,75,75,69,69,69,69,69,69,69,69,69,69,69,69],"card_choices":[{"not_picked":["White Noise","Barrage"],"picked":"Fusion","floor":1},{"not_picked":["Gash","All For One"],"picked":"Electrodynamics","floor":6},{"not_picked":["Beam Cell","Hologram"],"picked":"Heatsinks+1","floor":8},{"not_picked":["Stack","Hologram","Undo"],"picked":"SKIP","floor":10},{"not_picked":["Scrape","Steam"],"picked":"Streamline","floor":14}],"player_experience":447094,"relics_obtained":[{"floor":6,"key":"Frozen Egg 2"},{"floor":9,"key":"Ancient Tea Set"}],"event_choices":[{"event_name":"World of Goop","player_choice":"Gather Gold","floor":2,"damage_taken":0},{"event_name":"Transmorgrifier","player_choice":"Transform","floor":3,"damage_taken":0},{"event_name":"The Lab","player_choice":"Got Potions","floor":4,"damage_taken":0},{"event_name":"Golden Idol","player_choice":"Lose Max HP","floor":5,"damage_taken":0},{"event_name":"Living Wall","player_choice":"Forget","floor":11,"damage_taken":0}],"boss_relics":[],"items_purged_floors":[12],"is_endless":false,"potions_floor_spawned":[6,8],"killed_by":"Hexaghost","ascension_level":0}