{"gold_per_floor":[117,42,54,24,42,73,73,148,148,2,21,51,51,51,51,153,153,172,184,184,196,121,121,121,139,165,185,202,202,202],"floor_reached":30,"playtime":2292,"items_purged":["Strike_R","Strike_R"],"score":240,"play_id":"66fb1fbb-e100-4875-8c43-67a42731d286","local_time":"20190126033030","is_ascension_mode":false,"campfire_choices":[{"data":"Pommel Strike","floor":7,"key":"SMITH"},{"floor":13,"key":"REST"},{"floor":15,"key":"REST"},{"data":"Rampage","floor":23,"key":"SMITH"},{"floor":29,"key":"REST"}],"neow_cost":"TEN_PERCENT_HP_LOSS","seed_source_timestamp":34245195087053,"circlet_count":0,"master_deck":["Strike_R","Strike_R","Defend_R","Defend_R","Defend_R","Defend_R","Bash","Rampage+1","Pommel Strike+1","Shrug It Off","Brutality","Rampage+1","Flame Barrier+1","Battle Trance+1","Spot Weakness+1","Whirlwind"],"relics":["Burning Blood","Prayer Wheel","Singing Bowl","Magic Flower","Toxic Egg 2","Lizard Tail","Centennial Puzzle"],"potions_floor_usage":[5,6,6,12,19,21,30],"damage_taken":[{"damage":1,"enemies":"Cultist","floor":1,"turns":3},{"damage":7,"enemies":"2 Louse","floor":3,"turns":3},{"damage":4,"enemies":"Jaw Worm","floor":5,"turns":3},{"damage":47,"enemies":"3 Sentries","floor":6,"turns":11},{"damage":3,"enemies":"Large Slime","floor":11,"turns":5},{"damage":23,"enemies":"Lagavulin","floor":12,"turns":6},{"damage":46,"enemies":"Slime Boss","floor":16,"turns":8},{"damage":21,"enemies":"Chosen","floor":18,"turns":5},{"damage":34,"enemies":"2 Thieves","floor":19,"turns":5},{"damage":59,"enemies":"3 Cultists","floor":21,"turns":7},{"damage":13,"enemies":"Snake Plant","floor":25,"turns":4},{"damage":21,"enemies":"Centurion and Healer","floor":27,"turns":4},{"damage":52,"enemies":"Sentry and Sphere","floor":28,"turns":6},{"damage":46,"enemies":"Gremlin Leader","floor":30,"turns":5}],"seed_played":"820974048489117625","potions_obtained":[{"floor":1,"key":"Dexterity Potion"},{"floor":4,"key":"Ancient Potion"},{"floor":4,"key":"Ancient Potion"},{"floor":11,"key":"SteroidPotion"},{"floor":16,"key":"Ancient Potion"},{"floor":18,"key":"Poison Potion"},{"floor":19,"key":"SteroidPotion"},{"floor":27,"key":"FearPotion"}],"is_trial":false,"path_per_floor":["M","$","M","?","M","E","R","?","T","$","M","E","R","?","R","B",null,"M","M","?","M","?","R","$","M","T","M","M","R","E"],"character_chosen":"IRONCLAD","items_purchased":["Shrug It Off"],"campfire_rested":3,"item_purchase_floors":[10],"current_hp_per_floor":[72,72,71,71,72,31,31,20,20,20,25,10,32,29,51,14,76,66,43,43,70,70,70,70,68,68,58,19,46,0],"gold":202,"neow_bonus":"ONE_RARE_RELIC","is_prod":false,"is_daily":false,"chose_seed":false,"campfire_upgraded":2,"win_rate":0,"timestamp":1548469830,"path_taken":["M","$","?","?","?","E","R","?","T","$","M","E","R","?","R","BOSS","M","M","?","?","?","R","?","M","T","M","M","R","E"],"build_version":"2019-01-23","purchased_purges":2,"victory":false,"max_hp_per_floor":[72,72,72,72,72,72,72,72,72,72,74,76,76,76,76,76,76,78,80,80,82,82,82,82,84,84,86,90,90,90],"card_choices":[{"not_picked":["Shockwave","Clash"],"picked":"Rampage","floor":1},{"not_picked":["Hemokinesis","Heavy Blade","Fire Breathing"],"picked":"SKIP","floor":1},{"not_picked":["Sentinel","Heavy Blade","Warcry"],"picked":"SKIP","floor":3},{"not_picked":["Armaments","Anger","Heavy Blade"],"picked":"SKIP","floor":3},{"not_picked":["Entrench","Perfected Strike","Carnage"],"picked":"SKIP","floor":5},{"not_picked":["Limit Break","Disarm","Fire Breathing"],"picked":"SKIP","floor":5},{"not_picked":["Heavy Blade","Wild Strike"],"picked":"Pommel Strike","floor":6},{"not_picked":["Shrug It Off","Hemokinesis","Clothesline"],"picked":"Singing Bowl","floor":11},{"not_picked":["Pommel Strike","Cleave","Warcry"],"picked":"SKIP","floor":11},{"not_picked":["Warcry","Headbutt","Heavy Blade"],"picked":"Singing Bowl","floor":12},{"not_picked":["Juggernaut","Limit Break+1"],"picked":"Brutality","floor":16},{"not_picked":["Armaments+1","Shockwave+1"],"picked":"Rampage","floor":18},{"not_picked":["Clash+1","Cleave","Wild Strike"],"picked":"Singing Bowl","floor":18},{"not_picked":["Sword Boomerang","Body Slam","Havoc+1"],"picked":"Singing Bowl","floor":19},{"not_picked":["Rampage","Havoc+1"],"picked":"Flame Barrier+1","floor":19},{"not_picked":["Rupture","Iron Wave"],"picked":"Battle Trance+1","floor":21},{"not_picked":["Headbutt","Dropkick","Flex+1"],"picked":"Singing Bowl","floor":21},{"not_picked":["Thunderclap","Armaments+1","Sword Boomerang"],"picked":"Singing Bowl","floor":25},{"not_picked":["Iron Wave","Anger"],"picked":"Spot Weakness+1","floor":25},{"not_picked":["Heavy Blade","Blood for Blood","Perfected Strike"],"picked":"Singing Bowl","floor":27},{"not_picked":["Heavy Blade","Infernal Blade+1"],"picked":"Whirlwind","floor":27},{"not_picked":["Berserk","Armaments+1","Perfected Strike+1"],"picked":"Singing Bowl","floor":28},{"not_picked":["Corruption","Armaments+1","Uppercut"],"picked":"Singing Bowl","floor":28}],"player_experience":650777,"relics_obtained":[{"floor":6,"key":"Singing Bowl"},{"floor":12,"key":"Magic Flower"},{"floor":26,"key":"Centennial Puzzle"}],"event_choices":[{"damage_healed":0,"gold_gain":0,"player_choice":"Bought 2 Potions","damage_taken":0,"max_hp_gain":0,"max_hp_loss":0,"event_name":"The Woman in Blue","floor":4,"gold_loss":0},{"damage_healed":0,"gold_gain":75,"player_choice":"Gather Gold","damage_taken":11,"max_hp_gain":0,"max_hp_loss":0,"event_name":"World of Goop","floor":8,"gold_loss":0},{"damage_healed":0,"gold_gain":0,"player_choice":"Success","damage_taken":3,"relics_obtained":["Toxic Egg 2"],"max_hp_gain":0,"max_hp_loss":0,"event_name":"Scrap Ooze","floor":14,"gold_loss":0},{"damage_healed":0,"gold_gain":0,"player_choice":"Forge","damage_taken":0,"max_hp_gain":0,"max_hp_loss":0,"event_name":"Accursed Blacksmith","floor":20,"gold_loss":0,"cards_upgraded":["Rampage"]},{"cards_removed":["Strike_R"],"damage_healed":0,"gold_gain":0,"player_choice":"Gave Gold","damage_taken":0,"max_hp_gain":0,"max_hp_loss":0,"event_name":"Beggar","floor":22,"gold_loss":75}],"is_beta":false,"boss_relics":[{"not_picked":["White Beast Statue","Tiny House"],"picked":"Lizard Tail"}],"items_purged_floors":[2,10],"is_endless":false,"potions_floor_spawned":[1,11,16,18,19,27],"killed_by":"Gremlin Leader","ascension_level":0}