{"path_per_floor":["M","M","M","$","?","R","E","M","T","M","M","M","R","M","R","B",null,"M","$","?","?","M","R","M","R","T","M","M","$","E","M","R","B",null,"M","M","M","?","?","R","M","R","T","$","M","?","?","M","R"],"character_chosen":"IRONCLAD","items_purchased":["Omamori","Flex","Heavy Blade"],"gold_per_floor":[115,127,138,63,63,63,91,104,104,115,134,145,145,159,159,264,264,277,11,11,11,29,29,41,41,67,82,97,97,127,137,137,233,233,243,261,279,279,279,279,291,291,291,114,127,127,0,17,17,17],"floor_reached":50,"campfire_rested":1,"playtime":2695,"current_hp_per_floor":[71,72,72,72,72,72,52,56,56,53,51,57,57,63,63,11,72,67,67,67,67,61,61,67,67,67,49,55,55,49,32,53,9,72,72,50,33,63,63,63,57,57,57,57,52,52,52,42,42,0],"items_purged":["Defend_R","Strike_R","Strike_R"],"gold":17,"score":541,"play_id":"bec5d73c-61c0-47f0-a87a-69f97440fd05","local_time":"20180503200232","is_prod":false,"is_daily":false,"chose_seed":false,"is_ascension_mode":true,"campfire_upgraded":5,"timestamp":1525370552,"path_taken":["M","M","M","$","?","R","E","M","T","M","M","M","R","M","R","BOSS","M","$","?","?","M","R","?","R","T","M","M","$","E","M","R","BOSS","M","M","M","?","?","R","M","R","T","$","M","?","?","M","R","BOSS"],"build_version":"2018-04-28v2","seed_source_timestamp":6977412310056,"purchased_purges":3,"victory":false,"master_deck":["Strike_R","Defend_R","Defend_R","Bash","Twin Strike","Pummel+1","Whirlwind+1","Thunderclap","Limit Break","Pommel Strike+1","Flex+1","Limit Break+1","Twin Strike","Bludgeon","Pommel Strike+1","Heavy Blade+1"],"max_hp_per_floor":[72,72,72,72,72,72,72,72,72,72,72,72,72,72,72,72,72,72,72,72,72,72,72,72,72,72,72,72,72,72,72,72,72,72,72,72,72,63,63,63,63,63,63,63,63,63,63,63,63,63],"relics":["Burning Blood","Girya","Letter Opener","Mercury Hourglass","Lizard Tail","Omamori","Juzu Bracelet","Toxic Egg 2","Velvet Choker","Darkstone Periapt","Red Mask"],"card_choices":[{"not_picked":["True Grit","Feel No Pain"],"picked":"Twin Strike","floor":1},{"not_picked":["Armaments","Burning Pact"],"picked":"Pummel","floor":7},{"not_picked":["Armaments","Feed"],"picked":"Whirlwind","floor":11},{"not_picked":["Shockwave","Anger"],"picked":"Thunderclap","floor":12},{"not_picked":["Reaper","Offering"],"picked":"Limit Break","floor":16},{"not_picked":["Body Slam","Cleave"],"picked":"Pommel Strike","floor":18},{"not_picked":["Flex","Disarm"],"picked":"Twin Strike","floor":22},{"not_picked":["Juggernaut","Impervious"],"picked":"Bludgeon","floor":33},{"not_picked":["Carnage","Body Slam"],"picked":"Pommel Strike","floor":36}],"player_experience":400945,"potions_floor_usage":[8,8,11,12,22,22,30,30,33,50,50,50],"damage_taken":[{"damage":7,"enemies":"Jaw Worm","floor":1,"turns":3},{"damage":3,"enemies":"2 Louse","floor":2,"turns":4},{"damage":0,"enemies":"Small Slimes","floor":3,"turns":2},{"damage":26,"enemies":"3 Sentries","floor":7,"turns":7},{"damage":2,"enemies":"Exordium Thugs","floor":8,"turns":3},{"damage":9,"enemies":"Red Slaver","floor":10,"turns":2},{"damage":8,"enemies":"Large Slime","floor":11,"turns":4},{"damage":0,"enemies":"Exordium Thugs","floor":12,"turns":2},{"damage":0,"enemies":"2 Fungi Beasts","floor":14,"turns":2},{"damage":58,"enemies":"Hexaghost","floor":16,"turns":7},{"damage":11,"enemies":"2 Thieves","floor":18,"turns":2},{"damage":12,"enemies":"Shell Parasite","floor":22,"turns":2},{"damage":0,"enemies":"Snecko","floor":24,"turns":2},{"damage":24,"enemies":"Snake Plant","floor":27,"turns":2},{"damage":0,"enemies":"Cultist and Chosen","floor":28,"turns":3},{"damage":18,"enemies":"Gremlin Leader","floor":30,"turns":3},{"damage":23,"enemies":"Centurion and Healer","floor":31,"turns":2},{"damage":50,"enemies":"Champ","floor":33,"turns":6},{"damage":0,"enemies":"3 Darklings","floor":35,"turns":2},{"damage":28,"enemies":"3 Shapes","floor":36,"turns":3},{"damage":23,"enemies":"3 Darklings","floor":37,"turns":2},{"damage":12,"enemies":"Maw","floor":41,"turns":5},{"damage":11,"enemies":"Sphere and 2 Shapes","floor":45,"turns":3},{"damage":16,"enemies":"3 Darklings","floor":48,"turns":3},{"damage":84,"enemies":"Time Eater","floor":50,"turns":5}],"event_choices":[{"event_name":"Living Wall","player_choice":"Forget","floor":5,"damage_taken":0},{"event_name":"Duplicator","player_choice":"One dupe","floor":20,"damage_taken":0},{"event_name":"The Lab","player_choice":"Got Potions","floor":21,"damage_taken":0},{"event_name":"The Moai Head","player_choice":"Heal","floor":38,"damage_taken":0},{"event_name":"Purifier","player_choice":"One Purge","floor":39,"damage_taken":0},{"event_name":"Tomb of Lord Red Mask","player_choice":"Paid","floor":47,"damage_taken":0}],"boss_relics":[{"not_picked":["Mark of Pain","Black Star"],"picked":"Lizard Tail"},{"not_picked":["Pandora\u0027s Box","Philosopher\u0027s Stone"],"picked":"Velvet Choker"}],"potions_floor_spawned":[3,7,8,10,14,16,27,28,30,37,41,45,48],"seed_played":"-4598219355421956015","killed_by":"Time Eater","ascension_level":3,"is_trial":false}