{"gold_per_floor":[119,69,81,92,92,92,110,35,85,112,112,112,142,155,155,258,258,274,96,6,26,26],"floor_reached":22,"playtime":1158,"items_purged":["Strike_R","Strike_R"],"score":194,"play_id":"6aee6c60-56a3-4820-8a06-3d64eb3a74b8","local_time":"20190828013645","is_ascension_mode":false,"campfire_choices":[{"data":"Cleave","floor":6,"key":"SMITH"},{"data":"Demon Form","floor":12,"key":"SMITH"},{"floor":15,"key":"REST"}],"neow_cost":"NONE","seed_source_timestamp":1217478090710178,"circlet_count":0,"master_deck":["Strike_R","Defend_R","Defend_R","Defend_R","Defend_R","Bash+1","Cleave+1","Rampage","Battle Trance","Cleave","Demon Form+1","Intimidate","Pommel Strike+1","Dark Embrace","Armaments","Flame Barrier","Iron Wave+1"],"relics":["Burning Blood","PreservedInsect","Omamori","Bottled Lightning","White Beast Statue"],"potions_floor_usage":[22,22,22],"damage_taken":[{"damage":1,"enemies":"Cultist","floor":1,"turns":4},{"damage":0,"enemies":"Small Slimes","floor":3,"turns":4},{"damage":6,"enemies":"Jaw Worm","floor":4,"turns":3},{"damage":15,"enemies":"Exordium Thugs","floor":7,"turns":4},{"damage":26,"enemies":"Lagavulin","floor":10,"turns":4},{"damage":9,"enemies":"3 Sentries","floor":13,"turns":3},{"damage":12,"enemies":"Red Slaver","floor":14,"turns":5},{"damage":30,"enemies":"Slime Boss","floor":16,"turns":5},{"damage":24,"enemies":"Shell Parasite","floor":18,"turns":4},{"damage":29,"enemies":"Chosen","floor":21,"turns":9},{"damage":61,"enemies":"Sentry and Sphere","floor":22,"turns":17}],"seed_played":"-3825011787671474426","potions_obtained":[{"floor":3,"key":"Regen Potion"},{"floor":7,"key":"LiquidBronze"},{"floor":13,"key":"FearPotion"},{"floor":18,"key":"Explosive Potion"}],"is_trial":false,"path_per_floor":["M","?","M","M","?","R","M","$","T","E","?","R","E","M","R","B",null,"M","$","?","M","M"],"character_chosen":"IRONCLAD","items_purchased":["Flame Barrier"],"campfire_rested":1,"item_purchase_floors":[19],"current_hp_per_floor":[80,80,80,80,80,80,71,71,71,51,51,51,48,42,66,42,80,62,62,62,39,0],"gold":26,"neow_bonus":"UPGRADE_CARD","is_prod":false,"is_daily":false,"chose_seed":false,"campfire_upgraded":2,"win_rate":0,"timestamp":1566949005,"path_taken":["M","?","M","M","?","R","M","$","T","E","?","R","E","M","R","BOSS","M","$","?","M","M"],"build_version":"2019-07-17","purchased_purges":2,"victory":false,"max_hp_per_floor":[80,80,80,80,80,80,80,80,80,80,80,80,80,80,80,80,80,80,80,80,80,80],"card_choices":[{"not_picked":["Shrug It Off","Anger"],"picked":"Cleave","floor":1},{"not_picked":["Body Slam","Carnage"],"picked":"Rampage","floor":3},{"not_picked":["Shrug It Off","Blood for Blood"],"picked":"Battle Trance","floor":4},{"not_picked":["Sword Boomerang","Anger"],"picked":"Cleave","floor":7},{"not_picked":["Anger","Entrench"],"picked":"Demon Form","floor":10},{"not_picked":["Feel No Pain","Carnage"],"picked":"Intimidate","floor":13},{"not_picked":["Body Slam","Entrench"],"picked":"Pommel Strike","floor":14},{"not_picked":["Feed","Barricade"],"picked":"Dark Embrace","floor":16},{"not_picked":["Clash","True Grit+1"],"picked":"Armaments","floor":18},{"not_picked":["Warcry","Body Slam"],"picked":"Iron Wave+1","floor":21}],"player_experience":53990,"relics_obtained":[{"floor":9,"key":"PreservedInsect"},{"floor":10,"key":"Omamori"},{"floor":13,"key":"Bottled Lightning"}],"event_choices":[{"cards_removed":["Strike_R"],"damage_healed":0,"gold_gain":0,"player_choice":"Card Removal","damage_taken":0,"max_hp_gain":0,"max_hp_loss":0,"event_name":"The Cleric","floor":2,"gold_loss":50},{"damage_healed":0,"gold_gain":0,"player_choice":"Ignored","damage_taken":0,"max_hp_gain":0,"max_hp_loss":0,"event_name":"Liars Game","floor":5,"gold_loss":0},{"damage_healed":0,"gold_gain":0,"player_choice":"Fled","damage_taken":0,"max_hp_gain":0,"max_hp_loss":0,"event_name":"Scrap Ooze","floor":11,"gold_loss":0},{"cards_removed":["Strike_R"],"damage_healed":0,"gold_gain":0,"player_choice":"Upgrade and Remove","damage_taken":0,"max_hp_gain":0,"max_hp_loss":0,"event_name":"Designer","floor":20,"gold_loss":90,"cards_upgraded":["Pommel Strike"]}],"is_beta":false,"boss_relics":[{"not_picked":["Philosopher\u0027s Stone","Snecko Eye"],"picked":"White Beast Statue"}],"items_purged_floors":[8,19],"is_endless":false,"potions_floor_spawned":[3,7,13,16,18,21],"killed_by":"Sentry and Sphere","ascension_level":0}