{"path_per_floor":["M","M","?","M","M","R","$","E","T","R","?","R","M","?","R","B",null,"M","M","?","?","M","$","R","M","T","R","E","?","M","M","R"],"character_chosen":"IRONCLAD","items_purchased":["Thunderclap"],"gold_per_floor":[117,136,136,147,158,158,83,113,139,139,139,139,153,153,153,278,278,303,318,348,271,290,140,140,163,163,163,206,131,154,178,178,178],"floor_reached":33,"campfire_rested":2,"playtime":2005,"current_hp_per_floor":[79,70,70,69,64,64,64,38,38,77,61,61,48,48,48,13,78,57,24,24,24,47,47,47,46,46,46,37,37,36,27,71,0],"items_purged":["Strike_R","Strike_R"],"gold":178,"score":361,"play_id":"a976aed9-36d9-4f0d-a38f-f68a3d9ddb7b","local_time":"20180430000542","is_prod":false,"is_daily":false,"chose_seed":false,"is_ascension_mode":true,"campfire_upgraded":5,"timestamp":1525039542,"path_taken":["M","M","?","M","M","R","$","E","T","R","?","R","?","?","R","BOSS","M","M","?","?","M","$","R","M","T","R","E","?","M","M","R","BOSS"],"build_version":"2018-04-28v2","seed_source_timestamp":25456434847323,"purchased_purges":2,"victory":false,"master_deck":["Strike_R","Strike_R","Strike_R","Defend_R+1","Defend_R","Bash+1","Heavy Blade+1","Limit Break+1","Sword Boomerang","Feed+1","Offering+1","Flex+1","J.A.X.","Thunderclap","Shrug It Off","Offering"],"max_hp_per_floor":[80,80,80,80,80,80,80,80,80,80,80,80,84,78,78,78,78,82,86,86,86,86,86,86,86,86,86,90,90,94,98,98,98],"relics":["Burning Blood","Ancient Tea Set","Anchor","Regal Pillow","Golden Idol","Lizard Tail","Tiny Chest","Frozen Egg 2","Unceasing Top"],"card_choices":[{"not_picked":["Twin Strike","Sword Boomerang"],"picked":"Heavy Blade","floor":1},{"not_picked":["Sword Boomerang","Havoc"],"picked":"Limit Break","floor":2},{"not_picked":["Twin Strike","Uppercut"],"picked":"Sword Boomerang","floor":4},{"not_picked":["Bloodletting","Iron Wave"],"picked":"Feed","floor":8},{"not_picked":["Dark Embrace","Reaper"],"picked":"Offering","floor":16},{"not_picked":["Metallicize","Anger"],"picked":"Flex","floor":18},{"not_picked":["Carnage","Metallicize"],"picked":"Shrug It Off","floor":25},{"not_picked":["Perfected Strike","Entrench"],"picked":"Offering","floor":28}],"player_experience":388014,"potions_floor_usage":[5,16,16,30,30],"damage_taken":[{"damage":7,"enemies":"2 Louse","floor":1,"turns":2},{"damage":15,"enemies":"Small Slimes","floor":2,"turns":3},{"damage":7,"enemies":"Jaw Worm","floor":4,"turns":3},{"damage":11,"enemies":"Looter","floor":5,"turns":3},{"damage":32,"enemies":"Gremlin Nob","floor":8,"turns":4},{"damage":23,"enemies":"Lots of Slimes","floor":13,"turns":5},{"damage":41,"enemies":"Slime Boss","floor":16,"turns":10},{"damage":31,"enemies":"Spheric Guardian","floor":18,"turns":4},{"damage":43,"enemies":"2 Thieves","floor":19,"turns":4},{"damage":36,"enemies":"Snecko","floor":22,"turns":5},{"damage":7,"enemies":"Chosen and Byrds","floor":25,"turns":2},{"damage":19,"enemies":"Slavers","floor":28,"turns":3},{"damage":11,"enemies":"Sentry and Sphere","floor":30,"turns":2},{"damage":19,"enemies":"3 Cultists","floor":31,"turns":3},{"damage":72,"enemies":"Champ","floor":33,"turns":4}],"event_choices":[{"event_name":"Living Wall","player_choice":"Forget","floor":3,"damage_taken":0},{"event_name":"Shining Light","player_choice":"Entered Light","floor":11,"damage_taken":0},{"event_name":"Golden Idol","player_choice":"Lose Max HP","floor":14,"damage_taken":0},{"event_name":"The Mausoleum","player_choice":"Yes","floor":20,"damage_taken":0},{"event_name":"Drug Dealer","player_choice":"Got JAXXED","floor":21,"damage_taken":0},{"event_name":"Beggar","player_choice":"Gave Gold","floor":29,"damage_taken":0}],"boss_relics":[{"not_picked":["Pandora\u0027s Box","Cursed Key"],"picked":"Lizard Tail"}],"potions_floor_spawned":[2,8,13,18,22,28],"seed_played":"5503431884551858374","killed_by":"Champ","ascension_level":3,"is_trial":false}