{"path_per_floor":["M","$","M","$","M","E","R","M","T","$","?","R","M","M","R","B",null,"M","?","M","$","M","E","R","M","T","$"],"character_chosen":"THE_SILENT","items_purchased":["Backflip"],"gold_per_floor":[110,35,55,55,74,136,136,146,146,46,46,46,65,80,80,178,178,166,166,182,57,70,100,100,120,120,73,73],"floor_reached":28,"campfire_rested":0,"playtime":2248,"current_hp_per_floor":[70,70,70,70,70,41,41,33,33,33,33,33,33,33,33,5,70,59,59,46,46,43,34,34,15,15,15,0],"items_purged":["Defend_G","Strike_G","Regret"],"gold":73,"score":266,"play_id":"3ad20983-a8d7-48d2-8468-a0f9e2d2504d","local_time":"20180401012354","is_prod":false,"is_daily":false,"is_ascension_mode":false,"campfire_upgraded":4,"timestamp":1522538634,"path_taken":["M","$","?","?","M","E","R","M","T","$","?","R","M","M","R","BOSS","M","?","M","$","M","E","R","M","T","$","E"],"build_version":"2018-03-29v2","purchased_purges":3,"victory":false,"master_deck":["Defend_G","Defend_G","Defend_G","Strike_G","Strike_G","Survivor","Neutralize+1","Blade Dance+1","Backflip","Backflip","Quick Slash","Noxious Fumes+1","Envenom+1","Malaise+1","Cloak And Dagger+1","Backstab+1","Infinite Blades+1","Backflip","Accuracy","Backflip"],"max_hp_per_floor":[70,70,70,70,70,70,70,70,70,70,70,70,70,70,70,70,70,70,70,70,70,70,70,70,70,70,70,70],"relics":["Ring of the Snake","NeowsBlessing","Tiny Chest","Oddly Smooth Stone","Orichalcum","Astrolabe","Prayer Wheel","Bottled Flame"],"card_choices":[{"not_picked":["Quick Slash","Flying Knee"],"picked":"Blade Dance","floor":1.0},{"not_picked":["Outmaneuver","PiercingWail"],"picked":"Backflip","floor":3.0},{"not_picked":["Acrobatics","Flechettes"],"picked":"Backflip","floor":5.0},{"not_picked":["Riddle With Holes","Die Die Die"],"picked":"Quick Slash","floor":6.0},{"not_picked":["Setup","Crippling Poison"],"picked":"Noxious Fumes","floor":8.0},{"not_picked":["Wraith Form","Tools of the Trade"],"picked":"Envenom","floor":16.0},{"not_picked":["Escape Plan","Cloak And Dagger"],"picked":"Infinite Blades","floor":22},{"not_picked":["Finisher","Deflect"],"picked":"Backflip","floor":25},{"not_picked":["Choke","Infinite Blades"],"picked":"Accuracy","floor":26}],"player_experience":243083,"potions_floor_usage":[18,18,25,25],"damage_taken":[{"damage":0.0,"enemies":"Cultist","floor":1.0,"turns":1.0},{"damage":0.0,"enemies":"2 Louse","floor":3.0,"turns":1.0},{"damage":0.0,"enemies":"Jaw Worm","floor":5.0,"turns":1.0},{"damage":29.0,"enemies":"3 Sentries","floor":6.0,"turns":12.0},{"damage":8.0,"enemies":"3 Louse","floor":8.0,"turns":2.0},{"damage":0.0,"enemies":"Blue Slaver","floor":13.0,"turns":4.0},{"damage":0.0,"enemies":"Looter","floor":14.0,"turns":3.0},{"damage":28.0,"enemies":"Hexaghost","floor":16.0,"turns":13.0},{"damage":11,"enemies":"2 Thieves","floor":18,"turns":4},{"damage":13,"enemies":"Shell Parasite","floor":20,"turns":5},{"damage":3,"enemies":"Snake Plant","floor":22,"turns":5},{"damage":9,"enemies":"Book of Stabbing","floor":23,"turns":6},{"damage":19,"enemies":"Slaver and Parasite","floor":25,"turns":5},{"damage":19,"enemies":"Gremlin Leader","floor":28,"turns":3}],"event_choices":[{"event_name":"Big Fish","player_choice":"Box","floor":11.0,"damage_taken":0.0},{"event_name":"Cursed Tome","player_choice":"Ignored","floor":19,"damage_taken":0}],"boss_relics":[{"not_picked":["Orrery","White Beast Statue"],"picked":"Astrolabe"}],"potions_floor_spawned":[1,5,13,16,18,20,23],"seed_played":"-4453291934847885326","killed_by":"Gremlin Leader","ascension_level":0,"is_trial":false}