{"gold_per_floor":[114,114,135,135,153,153,169,194,194,194,229,70,70,93,93,187,187,200,150,50,50,50,50],"floor_reached":23,"playtime":1448,"items_purged":["Strike_R","Strike_R"],"score":378,"play_id":"48ead17d-4a9a-4819-9693-4956d26f6686","local_time":"20190806105024","is_ascension_mode":true,"campfire_choices":[{"data":"Bash","floor":6.0,"key":"SMITH"},{"data":"Berserk","floor":10.0,"key":"SMITH"},{"data":"Twin Strike","floor":13,"key":"SMITH"},{"data":"Offering","floor":15,"key":"SMITH"}],"neow_cost":"NONE","seed_source_timestamp":406939321203400,"circlet_count":0,"master_deck":["AscendersBane","Strike_R","Strike_R","Strike_R","Defend_R","Defend_R","Defend_R","Defend_R","Bash+1","Berserk+1","Twin Strike+1","Anger","Sword Boomerang","Offering+1","Immolate+1","Parasite"],"special_seed":0,"relics":["Burning Blood","Golden Idol","WingedGreaves","Champion Belt","Fusion Hammer"],"potions_floor_usage":[11,16,16,23],"damage_taken":[{"damage":12.0,"enemies":"Jaw Worm","floor":1.0,"turns":5.0},{"damage":9.0,"enemies":"2 Louse","floor":3.0,"turns":4.0},{"damage":4.0,"enemies":"Cultist","floor":5.0,"turns":3.0},{"damage":8.0,"enemies":"Blue Slaver","floor":7.0,"turns":2.0},{"damage":13.0,"enemies":"2 Fungi Beasts","floor":8.0,"turns":3.0},{"damage":8,"enemies":"Gremlin Nob","floor":11,"turns":3},{"damage":10,"enemies":"Red Slaver","floor":14,"turns":2},{"damage":34,"enemies":"Hexaghost","floor":16,"turns":8},{"damage":12,"enemies":"3 Byrds","floor":18,"turns":4},{"damage":60,"enemies":"Slavers","floor":23,"turns":3}],"seed_played":"7811731222240013897","potions_obtained":[{"floor":3.0,"key":"FearPotion"},{"floor":14,"key":"PowerPotion"},{"floor":18,"key":"PowerPotion"}],"is_trial":false,"path_per_floor":["M","?","M","?","M","R","M","M","T","R","E","$","R","M","R","B",null,"M","?","$","?","?","E"],"character_chosen":"IRONCLAD","items_purchased":["EssenceOfSteel"],"campfire_rested":0,"item_purchase_floors":[12],"current_hp_per_floor":[62,62,59,64,66,66,64,57,57,57,55,55,55,51,51,23,61,55,55,55,55,55,0],"gold":50,"neow_bonus":"ONE_RANDOM_RARE_CARD","is_prod":false,"is_daily":false,"chose_seed":false,"campfire_upgraded":4,"win_rate":0,"timestamp":1565103024,"path_taken":["M","?","M","?","M","R","M","M","T","R","E","$","R","M","R","BOSS","M","?","?","?","?","E"],"build_version":"2019-07-17","purchased_purges":2,"victory":false,"max_hp_per_floor":[75,68,68,73,73,73,73,73,73,73,73,73,73,73,73,73,73,73,73,73,73,73,73],"card_choices":[{"not_picked":["Heavy Blade","Feel No Pain"],"picked":"Twin Strike","floor":1.0},{"not_picked":["Shrug It Off","Blood for Blood"],"picked":"Anger","floor":3.0},{"not_picked":["Cleave","Heavy Blade"],"picked":"Sword Boomerang","floor":5.0},{"not_picked":["Clash","Infernal Blade","Burning Pact"],"picked":"SKIP","floor":7.0},{"not_picked":["Dropkick","Reckless Charge","Pummel"],"picked":"SKIP","floor":8.0},{"not_picked":["Battle Trance","Warcry"],"picked":"Offering","floor":11},{"not_picked":["Warcry","Whirlwind","Searing Blow"],"picked":"SKIP","floor":14},{"not_picked":["Brutality","Impervious"],"picked":"Immolate","floor":16},{"not_picked":["Thunderclap","Cleave","Entrench"],"picked":"SKIP","floor":18}],"player_experience":2620341,"relics_obtained":[{"floor":9.0,"key":"WingedGreaves"},{"floor":11,"key":"Champion Belt"}],"event_choices":[{"damage_healed":0.0,"max_hp_gain":0.0,"max_hp_loss":7.0,"gold_gain":0.0,"event_name":"Golden Idol","player_choice":"Lose Max HP","floor":2.0,"gold_loss":0.0,"damage_taken":0.0,"relics_obtained":["Golden Idol"]},{"damage_healed":0.0,"max_hp_gain":5.0,"max_hp_loss":0.0,"gold_gain":0.0,"event_name":"Big Fish","player_choice":"Donut","floor":4.0,"gold_loss":0.0,"damage_taken":0.0},{"damage_healed":0,"gold_gain":0,"player_choice":"Upgrade","damage_taken":0,"max_hp_gain":0,"max_hp_loss":0,"event_name":"Designer","floor":19,"gold_loss":50,"cards_upgraded":["Immolate"]},{"damage_healed":0,"gold_gain":0,"player_choice":"Ignored","damage_taken":0,"max_hp_gain":0,"max_hp_loss":0,"event_name":"Vampires","floor":21,"gold_loss":0},{"damage_healed":0,"gold_gain":0,"player_choice":"1 cards matched","damage_taken":0,"max_hp_gain":0,"max_hp_loss":0,"event_name":"Match and Keep!","floor":22,"gold_loss":0,"cards_obtained":["Parasite"]}],"is_beta":false,"boss_relics":[{"not_picked":["Runic Dome","Orrery"],"picked":"Fusion Hammer"}],"items_purged_floors":[12,20],"is_endless":false,"potions_floor_spawned":[3,14,18],"killed_by":"Slavers","ascension_level":20}