{"gold_per_floor":[116,116,133,58,70,97,97,130,130,130,149,149,49,69,69,170,170,188,188,63,82,82,82,100,111,111,111,111,128,144,162,162,162],"floor_reached":33,"playtime":2179,"items_purged":["Defend_R","Strike_R","Defend_R"],"score":334,"play_id":"5fe5d993-7b65-4096-863b-9ce06ad54da4","local_time":"20190122235817","is_ascension_mode":false,"campfire_choices":[{"data":"Body Slam","floor":7,"key":"SMITH"},{"data":"Flame Barrier","floor":10,"key":"SMITH"},{"data":"Bash","floor":12,"key":"SMITH"},{"data":"Bludgeon","floor":15,"key":"SMITH"},{"data":"Defend_R","floor":23,"key":"SMITH"},{"floor":32,"key":"REST"}],"neow_cost":"PERCENT_DAMAGE","seed_source_timestamp":34922180261224,"circlet_count":0,"master_deck":["Strike_R","Strike_R","Strike_R","Defend_R+1","Defend_R","Bash+1","Bludgeon+1","Flame Barrier+1","Body Slam+1","Iron Wave","Battle Trance+1","Offering","Sentinel+1"],"relics":["Black Blood","Dream Catcher","Singing Bowl","Darkstone Periapt","Anchor","Nloth\u0027s Gift"],"potions_floor_usage":[8,16,24,24,29,29,29,29,30,30],"damage_taken":[{"damage":0,"enemies":"Small Slimes","floor":1,"turns":4},{"damage":0,"enemies":"Cultist","floor":3,"turns":2},{"damage":0,"enemies":"2 Louse","floor":5,"turns":3},{"damage":14,"enemies":"Gremlin Nob","floor":6,"turns":3},{"damage":13,"enemies":"Lagavulin","floor":8,"turns":4},{"damage":0,"enemies":"Looter","floor":11,"turns":2},{"damage":0,"enemies":"Exordium Thugs","floor":14,"turns":4},{"damage":0,"enemies":"Slime Boss","floor":16,"turns":8},{"damage":0,"enemies":"Chosen","floor":18,"turns":3},{"damage":21,"enemies":"3 Byrds","floor":21,"turns":5},{"damage":18,"enemies":"Centurion and Healer","floor":24,"turns":5},{"damage":53,"enemies":"Sentry and Sphere","floor":25,"turns":8},{"damage":0,"enemies":"3 Cultists","floor":29,"turns":3},{"damage":1,"enemies":"Cultist and Chosen","floor":30,"turns":5},{"damage":5,"enemies":"Sentry and Sphere","floor":31,"turns":4},{"damage":84,"enemies":"Automaton","floor":33,"turns":6}],"seed_played":"-928957044650584081","potions_obtained":[{"floor":5,"key":"SpeedPotion"},{"floor":8,"key":"Dexterity Potion"},{"floor":11,"key":"FearPotion"},{"floor":18,"key":"BloodPotion"},{"floor":24,"key":"SteroidPotion"},{"floor":25,"key":"EntropicBrew"},{"floor":29,"key":"Dexterity Potion"}],"is_trial":false,"path_per_floor":["M","?","M","$","M","E","R","E","T","R","M","R","$","M","R","B",null,"M","?","$","M","?","R","M","M","T","?","?","M","M","M","R","B"],"character_chosen":"IRONCLAD","items_purchased":[],"campfire_rested":1,"item_purchase_floors":[],"current_hp_per_floor":[62,62,68,68,74,68,68,63,63,63,71,71,71,79,79,87,90,92,92,92,83,83,83,86,43,43,24,24,34,45,50,80,0],"gold":162,"neow_bonus":"THREE_RARE_CARDS","is_prod":false,"is_daily":false,"chose_seed":false,"campfire_upgraded":5,"win_rate":0,"timestamp":1548197897,"path_taken":["M","?","M","$","?","E","R","E","T","R","M","R","$","M","R","BOSS","M","?","$","?","?","R","M","?","T","?","?","?","M","M","R","BOSS"],"build_version":"2019-01-17v2","purchased_purges":3,"victory":false,"max_hp_per_floor":[80,80,80,80,80,82,82,84,84,84,86,86,86,88,88,90,90,92,92,92,94,94,94,96,96,96,101,101,101,103,103,103,103],"card_choices":[{"not_picked":["Demon Form","Juggernaut"],"picked":"Bludgeon","floor":0},{"not_picked":["Pommel Strike","Hemokinesis"],"picked":"Heavy Blade","floor":1},{"not_picked":["Armaments","Inflame"],"picked":"Flame Barrier","floor":3},{"not_picked":["Havoc","Shockwave"],"picked":"Body Slam","floor":5},{"not_picked":["Burning Pact","Shrug It Off","Heavy Blade"],"picked":"Singing Bowl","floor":6},{"not_picked":["Sever Soul","Pommel Strike","Headbutt"],"picked":"Singing Bowl","floor":8},{"not_picked":["Clothesline","True Grit","Second Wind"],"picked":"Singing Bowl","floor":11},{"not_picked":["Spot Weakness","Sword Boomerang","Havoc"],"picked":"Singing Bowl","floor":14},{"not_picked":["Limit Break","Brutality","Demon Form"],"picked":"Singing Bowl","floor":16},{"not_picked":["Iron Wave","True Grit","Power Through"],"picked":"Singing Bowl","floor":18},{"not_picked":["True Grit","Bloodletting+1","Sever Soul"],"picked":"Singing Bowl","floor":21},{"not_picked":["Wild Strike","Battle Trance","Flame Barrier"],"picked":"Singing Bowl","floor":24},{"not_picked":["Heavy Blade","Rage"],"picked":"Iron Wave","floor":25},{"not_picked":["Thunderclap+1","Dual Wield+1"],"picked":"Battle Trance+1","floor":29},{"not_picked":["Sentinel","Reckless Charge","Seeing Red"],"picked":"Singing Bowl","floor":30},{"not_picked":["Heavy Blade","Uppercut"],"picked":"Offering","floor":31},{"not_picked":["Twin Strike","Armaments"],"picked":"Sentinel+1","floor":32}],"player_experience":581988,"relics_obtained":[{"floor":6,"key":"Singing Bowl"},{"floor":8,"key":"Lantern"},{"floor":9,"key":"Darkstone Periapt"},{"floor":26,"key":"Anchor"}],"event_choices":[{"cards_removed":["Heavy Blade"],"damage_healed":0,"gold_gain":0,"player_choice":"Gave Card","damage_taken":0,"relics_obtained":["Dream Catcher"],"max_hp_gain":0,"max_hp_loss":0,"event_name":"WeMeetAgain","floor":2,"gold_loss":0},{"cards_removed":["Strike_R"],"damage_healed":0,"gold_gain":0,"player_choice":"Purged","damage_taken":0,"max_hp_gain":0,"max_hp_loss":0,"event_name":"Purifier","floor":19,"gold_loss":0},{"damage_healed":0,"gold_gain":0,"player_choice":"Ignored","damage_taken":0,"max_hp_gain":0,"max_hp_loss":0,"event_name":"NoteForYourself","floor":22,"gold_loss":0},{"damage_healed":0,"gold_gain":0,"player_choice":"Shed Blood","damage_taken":24,"max_hp_gain":5,"max_hp_loss":0,"event_name":"Forgotten Altar","floor":27,"gold_loss":0},{"damage_healed":0,"gold_gain":0,"player_choice":"Traded Relic","damage_taken":0,"relics_obtained":["Nloth\u0027s Gift"],"max_hp_gain":0,"max_hp_loss":0,"event_name":"N\u0027loth","floor":28,"relics_lost":["Lantern"],"gold_loss":0}],"is_beta":false,"boss_relics":[{"not_picked":["Eternal Feather","Empty Cage"],"picked":"Black Blood"}],"items_purged_floors":[4,13,20],"is_endless":false,"potions_floor_spawned":[5,8,11,18,24,25,29],"killed_by":"Automaton","ascension_level":0}