{"path_per_floor":["M","?","$","M","?","R","M","M","T","E","?","E","?","M","R","B",null,"M","M","?","M","?","R","M","$","T","?","E","?","R","T","R","B",null,"M","?","?","$","M","R","?","M","T","M","R","?","R","T","R"],"character_chosen":"DEFECT","items_purchased":["Skim","Ancient Tea Set"],"gold_per_floor":[211,211,86,106,106,106,121,139,139,168,168,200,200,216,216,335,335,319,344,267,281,281,281,297,44,44,44,79,79,79,125,125,225,225,244,0,0,0,18,18,18,33,33,43,43,43,43,43,43,43],"floor_reached":50,"campfire_rested":6,"playtime":4974,"current_hp_per_floor":[68,68,68,68,68,68,67,73,73,47,47,23,23,11,31,5,69,51,44,44,19,19,39,34,34,44,44,20,20,47,52,79,12,93,79,79,93,93,57,57,57,30,30,12,39,39,66,66,66,0],"items_purged":["Defend_B","Defend_B"],"gold":43,"score":516,"play_id":"dd66c3b0-7e40-423c-9712-b0d63997e68e","local_time":"20180429225551","is_prod":false,"is_daily":false,"chose_seed":false,"is_ascension_mode":false,"campfire_upgraded":3,"timestamp":1525035351,"path_taken":["M","?","$","M","?","R","?","M","T","E","?","E","?","M","R","BOSS","M","M","?","M","?","R","M","$","T","?","E","?","R","?","R","BOSS","M","?","?","$","M","R","?","?","T","M","R","?","R","?","R","BOSS"],"build_version":"2018-04-27v3","seed_source_timestamp":18304586339759,"purchased_purges":2,"victory":false,"master_deck":["Strike_B","Strike_B","Zap+1","Dualcast","Cold Snap","Skim","Capacitor+1","Blaster","Defragment","Darkness","Creative AI","Chill","Thunder Strike","Ball Lightning+1","Doom and Gloom","J.A.X.+1","Conserve Battery+1","Double Energy","Go for the Eyes+1","Fusion","Blizzard+1","Writhe","Glacier+1","Capacitor+1"],"max_hp_per_floor":[75,75,75,75,75,75,75,75,75,75,75,75,69,69,69,69,69,69,69,69,69,69,69,69,69,79,79,93,93,93,93,93,93,93,93,93,93,93,93,93,93,93,93,93,93,93,93,93,93,93],"relics":["Cracked Core","Gremlin Horn","Girya","Orichalcum","Bloody Idol","Nuclear Battery","Ancient Tea Set","Pear","Mango","War Paint","Sozu","Red Mask","Molten Egg 2","Vajra"],"card_choices":[{"not_picked":["Rebound","Reprogram"],"picked":"Cold Snap","floor":1},{"not_picked":["Coolheaded","Cold Snap"],"picked":"Capacitor","floor":4},{"not_picked":["Skim","Beam Cell"],"picked":"Blaster","floor":7},{"not_picked":["Blizzard","Leap"],"picked":"Defragment","floor":8},{"not_picked":["Hologram","Beam Cell"],"picked":"Darkness","floor":10},{"not_picked":["All For One","Reboot"],"picked":"Thunder Strike","floor":16},{"not_picked":["Skim","Streamline"],"picked":"Ball Lightning","floor":18},{"not_picked":["Impulse","Hologram"],"picked":"Doom and Gloom","floor":19},{"not_picked":["Stack","Double Energy"],"picked":"Conserve Battery","floor":21},{"not_picked":["Buffer","Go for the Eyes"],"picked":"Double Energy","floor":24},{"not_picked":["Beam Cell","Leap"],"picked":"Go for the Eyes","floor":28},{"not_picked":["Biased Cognition","Creative AI"],"picked":"Fusion","floor":33},{"not_picked":["Beam Cell","Streamline"],"picked":"Blizzard","floor":35},{"not_picked":["Capacitor","Static Discharge"],"picked":"Glacier","floor":39},{"not_picked":["Double Energy","Hologram"],"picked":"Capacitor","floor":44}],"player_experience":8193,"potions_floor_usage":[8,14,18,24,28,39],"damage_taken":[{"damage":7,"enemies":"Small Slimes","floor":1,"turns":4},{"damage":0,"enemies":"Cultist","floor":4,"turns":4},{"damage":1,"enemies":"2 Louse","floor":7,"turns":3},{"damage":3,"enemies":"Blue Slaver","floor":8,"turns":4},{"damage":26,"enemies":"Gremlin Nob","floor":10,"turns":4},{"damage":24,"enemies":"3 Sentries","floor":12,"turns":7},{"damage":12,"enemies":"Gremlin Gang","floor":14,"turns":3},{"damage":26,"enemies":"Slime Boss","floor":16,"turns":7},{"damage":18,"enemies":"2 Thieves","floor":18,"turns":4},{"damage":7,"enemies":"3 Byrds","floor":19,"turns":4},{"damage":25,"enemies":"Snake Plant","floor":21,"turns":4},{"damage":17,"enemies":"3 Cultists","floor":24,"turns":5},{"damage":38,"enemies":"Book of Stabbing","floor":28,"turns":6},{"damage":72,"enemies":"Automaton","floor":33,"turns":8},{"damage":19,"enemies":"Flame Bruiser 1 Orb","floor":35,"turns":5},{"damage":41,"enemies":"3 Darklings","floor":39,"turns":5},{"damage":32,"enemies":"Spire Growth","floor":42,"turns":6},{"damage":23,"enemies":"4 Shapes","floor":44,"turns":5},{"damage":68,"enemies":"Donu and Deca","floor":50,"turns":6}],"event_choices":[{"event_name":"Bonfire Elementals","player_choice":"BASIC","floor":2,"damage_taken":0},{"event_name":"Purifier","player_choice":"One Purge","floor":5,"damage_taken":0},{"event_name":"Match and Keep!","player_choice":"2 cards matched","floor":11,"damage_taken":0},{"event_name":"Golden Idol","player_choice":"Lose Max HP","floor":13,"damage_taken":0},{"event_name":"Drug Dealer","player_choice":"Got JAXXED","floor":20,"damage_taken":0},{"event_name":"Back to Basics","player_choice":"Elegance","floor":22,"damage_taken":0},{"event_name":"Vampires","player_choice":"Ignored","floor":27,"damage_taken":0},{"event_name":"Forgotten Altar","player_choice":"Gave Idol","floor":29,"damage_taken":0},{"event_name":"Tomb of Lord Red Mask","player_choice":"Paid","floor":36,"damage_taken":0},{"event_name":"Winding Halls","player_choice":"Writhe","floor":37,"damage_taken":0},{"event_name":"Mysterious Sphere","player_choice":"Ignore","floor":46,"damage_taken":0}],"boss_relics":[{"not_picked":["Black Star","Velvet Choker"],"picked":"Nuclear Battery"},{"not_picked":["Orrery","Snecko Eye"],"picked":"Sozu"}],"potions_floor_spawned":[4,7,16,19,21,33,39,44],"seed_played":"2722270716425640353","killed_by":"Donu and Deca","ascension_level":0,"is_trial":false}