{"gold_per_floor":[114,114,125,275,288,288,315,346,346,379,3,31,31,31,31,105,105,124,124,124,135,135,163,163,177,177,177,202,202,222,251,251,322,322,334,63,83,137,137,137,7,7,31,57,57,87,104,120,120,120],"floor_reached":51,"playtime":2755,"items_purged":["Strike_R"],"score":1499,"play_id":"a6a22185-116a-46c9-85cc-d55f3ab0653d","local_time":"20190901080652","is_ascension_mode":true,"campfire_choices":[{"data":"Exhume","floor":6.0,"key":"SMITH"},{"data":"Demon Form","floor":15.0,"key":"SMITH"},{"data":"Metallicize","floor":24.0,"key":"SMITH"},{"data":"Heavy Blade","floor":29.0,"key":"SMITH"},{"floor":32.0,"key":"REST"},{"data":"Barricade","floor":40,"key":"SMITH"},{"data":"Havoc","floor":42,"key":"SMITH"},{"floor":49,"key":"REST"}],"neow_cost":"NONE","seed_source_timestamp":0,"circlet_count":0,"master_deck":["AscendersBane","Strike_R","Strike_R","Defend_R","Defend_R","Defend_R","Defend_R","Bash+1","Exhume+1","Cleave","Carnage","Heavy Blade+1","Feel No Pain","Demon Form+1","Metallicize+1","Feed","Disarm","RitualDagger","Shrug It Off+1","Wild Strike","Fire Breathing","Spot Weakness","True Grit+1","Fire Breathing","Barricade+1","Havoc+1","Burning Pact","Fiend Fire","Jack Of All Trades","Limit Break","Evolve"],"special_seed":0,"relics":["Burning Blood","Red Skull","Mummified Hand","Bag of Marbles","Incense Burner","Dead Branch","Sozu","Matryoshka","The Courier","Centennial Puzzle","Mango","Dodecahedron","Lizard Tail","Strawberry","Charon\u0027s Ashes","Lantern","Vajra","Blood Vial","Champion Belt","Gremlin Horn"],"potions_floor_usage":[38,38],"damage_taken":[{"damage":6.0,"enemies":"2 Louse","floor":1.0,"turns":3.0},{"damage":1.0,"enemies":"Cultist","floor":3.0,"turns":3.0},{"damage":5.0,"enemies":"Small Slimes","floor":5.0,"turns":3.0},{"damage":16.0,"enemies":"Gremlin Nob","floor":8.0,"turns":3.0},{"damage":27.0,"enemies":"3 Sentries","floor":10.0,"turns":8.0},{"damage":36.0,"enemies":"Lagavulin","floor":12.0,"turns":8.0},{"damage":7.0,"enemies":"Hexaghost","floor":16.0,"turns":6.0},{"damage":16.0,"enemies":"Spheric Guardian","floor":18.0,"turns":6.0},{"damage":10.0,"enemies":"Chosen","floor":21.0,"turns":7.0},{"damage":30.0,"enemies":"Gremlin Leader","floor":23.0,"turns":7.0},{"damage":3.0,"enemies":"Shelled Parasite and Fungi","floor":25.0,"turns":4.0},{"damage":19.0,"enemies":"Book of Stabbing","floor":28.0,"turns":4.0},{"damage":14.0,"enemies":"3 Cultists","floor":30.0,"turns":5.0},{"damage":12.0,"enemies":"Slavers","floor":31.0,"turns":4.0},{"damage":43.0,"enemies":"Automaton","floor":33.0,"turns":8.0},{"damage":0.0,"enemies":"3 Shapes","floor":35.0,"turns":6.0},{"damage":0.0,"enemies":"Orb Walker","floor":37.0,"turns":2.0},{"damage":39,"enemies":"2 Orb Walkers","floor":38,"turns":6},{"damage":50,"enemies":"Reptomancer","floor":44,"turns":6},{"damage":3,"enemies":"Giant Head","floor":46,"turns":6},{"damage":5,"enemies":"4 Shapes","floor":47,"turns":2},{"damage":5,"enemies":"Sphere and 2 Shapes","floor":48,"turns":3},{"damage":30,"enemies":"Time Eater","floor":50,"turns":7}],"seed_played":"7470476803544626603","potions_obtained":[{"floor":3.0,"key":"PowerPotion"},{"floor":10.0,"key":"Regen Potion"},{"floor":12.0,"key":"LiquidBronze"},{"floor":16.0,"key":"EssenceOfSteel"}],"is_trial":false,"path_per_floor":["M","?","M","?","M","R","T","E","T","E","$","E","?","?","R","B",null,"M","?","?","M","?","E","R","M","T","?","E","R","M","E","R","B",null,"M","$","M","?","?","R","$","R","T","E","$","E","M","M","R","B",null],"character_chosen":"IRONCLAD","items_purchased":["Incense Burner","Metallicize","Strawberry","Havoc","Burning Pact","Lantern"],"campfire_rested":2,"item_purchase_floors":[11,11,36,36,36,41],"current_hp_per_floor":[68,68,73,73,74,74,74,64,64,43,43,25,18,43,43,42,67,57,51,66,65,65,41,41,44,44,44,48,48,43,40,70,33,84,90,97,103,73,73,73,73,73,73,31,31,36,39,42,75,53],"gold":120,"neow_bonus":"ONE_RANDOM_RARE_CARD","is_prod":false,"is_daily":false,"chose_seed":false,"campfire_upgraded":6,"win_rate":0,"timestamp":1567350412,"path_taken":["M","?","?","?","M","R","?","E","T","E","$","E","?","?","R","BOSS","M","?","?","M","?","E","R","?","T","?","E","R","M","E","R","BOSS","M","$","M","?","?","R","?","R","T","E","$","E","M","?","R","BOSS"],"build_version":"2019-07-17","purchased_purges":1,"victory":true,"max_hp_per_floor":[75,75,75,75,75,75,75,75,75,75,75,75,75,75,75,75,75,75,75,75,78,78,78,78,78,78,78,95,95,98,101,101,101,101,101,108,108,111,111,111,111,111,111,111,111,111,111,111,111,111],"card_choices":[{"not_picked":["Headbutt","Havoc"],"picked":"Cleave","floor":1.0},{"not_picked":["Perfected Strike","Shrug It Off"],"picked":"Carnage","floor":3.0},{"not_picked":["Anger","Clash"],"picked":"Heavy Blade","floor":5.0},{"not_picked":["Sever Soul","Pummel"],"picked":"Feel No Pain","floor":8.0},{"not_picked":["Rage","Infernal Blade"],"picked":"Demon Form","floor":10.0},{"not_picked":["Blood for Blood","Bloodletting","Searing Blow"],"picked":"SKIP","floor":12.0},{"not_picked":["Barricade","Immolate"],"picked":"Feed","floor":16.0},{"not_picked":["Burning Pact","Anger"],"picked":"Disarm","floor":18.0},{"not_picked":["Heavy Blade","Body Slam"],"picked":"Shrug It Off+1","floor":21.0},{"not_picked":["Twin Strike","Wild Strike","Reckless Charge"],"picked":"SKIP","floor":23.0},{"not_picked":["Headbutt+1","Perfected Strike"],"picked":"Fire Breathing","floor":25.0},{"not_picked":["Battle Trance","Havoc"],"picked":"Spot Weakness","floor":28.0},{"not_picked":["Pommel Strike","Wild Strike"],"picked":"True Grit+1","floor":30.0},{"not_picked":["Combust","Rage+1"],"picked":"Fire Breathing","floor":31.0},{"not_picked":["Demon Form","Double Tap"],"picked":"Barricade","floor":33.0},{"not_picked":["Uppercut","Entrench","Clothesline+1"],"picked":"SKIP","floor":35.0},{"not_picked":["True Grit","Anger+1","Armaments+1"],"picked":"SKIP","floor":37.0},{"not_picked":["Disarm","Warcry"],"picked":"Fiend Fire","floor":38},{"not_picked":["Swift Strike","Blind"],"picked":"Jack Of All Trades","floor":39},{"not_picked":["Dropkick","Burning Pact+1"],"picked":"Limit Break","floor":44},{"not_picked":["Hemokinesis","True Grit","Rupture"],"picked":"SKIP","floor":46},{"not_picked":["Flex","Combust"],"picked":"Evolve","floor":47},{"not_picked":["Dropkick","Anger","Wild Strike"],"picked":"SKIP","floor":48}],"player_experience":1399767,"relics_obtained":[{"floor":7.0,"key":"Red Skull"},{"floor":8.0,"key":"Mummified Hand"},{"floor":10.0,"key":"Bag of Marbles"},{"floor":12.0,"key":"Dead Branch"},{"floor":23.0,"key":"Matryoshka"},{"floor":26.0,"key":"The Courier"},{"floor":26.0,"key":"Centennial Puzzle"},{"floor":28.0,"key":"Mango"},{"floor":31.0,"key":"Dodecahedron"},{"floor":38,"key":"Charon\u0027s Ashes"},{"floor":43,"key":"Vajra"},{"floor":43,"key":"Blood Vial"},{"floor":44,"key":"Champion Belt"},{"floor":46,"key":"Gremlin Horn"}],"event_choices":[{"damage_healed":0.0,"max_hp_gain":0.0,"max_hp_loss":0.0,"gold_gain":0.0,"event_name":"Upgrade Shrine","player_choice":"Upgraded","floor":2.0,"gold_loss":0.0,"damage_taken":0.0,"cards_upgraded":["Bash"]},{"damage_healed":0.0,"max_hp_gain":0.0,"max_hp_loss":0.0,"gold_gain":150.0,"event_name":"Liars Game","player_choice":"AGREE","floor":4.0,"gold_loss":0.0,"damage_taken":0.0,"cards_obtained":["Doubt"]},{"cards_removed":["Doubt"],"damage_healed":0.0,"max_hp_gain":0.0,"max_hp_loss":0.0,"gold_gain":0.0,"event_name":"Golden Wing","player_choice":"Card Removal","floor":13.0,"gold_loss":0.0,"damage_taken":7.0},{"damage_healed":25.0,"max_hp_gain":0.0,"max_hp_loss":0.0,"gold_gain":0.0,"event_name":"Big Fish","player_choice":"Banana","floor":14.0,"gold_loss":0.0,"damage_taken":0.0},{"damage_healed":0.0,"max_hp_gain":0.0,"max_hp_loss":0.0,"gold_gain":0.0,"event_name":"Nest","player_choice":"Joined the Cult","floor":19.0,"gold_loss":0.0,"damage_taken":6.0,"cards_obtained":["RitualDagger"]},{"damage_healed":15.0,"max_hp_gain":0.0,"max_hp_loss":0.0,"gold_gain":0.0,"event_name":"The Library","player_choice":"Heal","floor":20.0,"gold_loss":0.0,"damage_taken":0.0},{"damage_healed":0.0,"max_hp_gain":0.0,"max_hp_loss":0.0,"gold_gain":0.0,"cards_transformed":["Strike_R"],"event_name":"Transmorgrifier","player_choice":"Transformed","floor":22.0,"gold_loss":0.0,"damage_taken":0.0,"cards_obtained":["Wild Strike"]},{"cards_removed":["Strike_R"],"damage_healed":0.0,"max_hp_gain":0.0,"max_hp_loss":0.0,"gold_gain":0.0,"event_name":"Back to Basics","player_choice":"Elegance","floor":27.0,"gold_loss":0.0,"damage_taken":0.0},{"damage_healed":0,"gold_gain":0,"player_choice":"Fight","damage_taken":0,"max_hp_gain":0,"max_hp_loss":0,"event_name":"Mysterious Sphere","floor":38,"gold_loss":0},{"damage_healed":0,"gold_gain":0,"player_choice":"Memory 1","damage_taken":0,"max_hp_gain":0,"max_hp_loss":0,"event_name":"SensoryStone","floor":39,"gold_loss":0}],"is_beta":false,"boss_relics":[{"not_picked":["Eternal Feather","Calling Bell"],"picked":"Sozu"},{"not_picked":["Runic Pyramid","Tiny House"],"picked":"Lizard Tail"}],"items_purged_floors":[36],"is_endless":false,"potions_floor_spawned":[3,10,12,16,23,28,30,33,35,37],"ascension_level":16}