{"gold_per_floor":[114,39,56,76,89,89,89,89,89,89,102,119,153,172,172,275,275,293,293,114,126,140,140,160,35,35,53,53,67,67,93,93,189,189,206,220,233,233,251,278,278,278,303,303,318,363,363,213,213,213,213,213,63,96,96],"floor_reached":55,"playtime":4943,"items_purged":["Strike_R","Strike_R","Defend_R","Writhe"],"score":696,"play_id":"4c12e3ea-8e47-4350-8107-0b8c17fada3b","local_time":"20190208032554","is_ascension_mode":false,"campfire_choices":[{"data":"Body Slam","floor":6,"key":"SMITH"},{"data":"Bash","floor":8,"key":"SMITH"},{"data":"Body Slam","floor":15,"key":"SMITH"},{"data":"Juggernaut","floor":23,"key":"SMITH"},{"data":"Inflame","floor":28,"key":"SMITH"},{"floor":30,"key":"RECALL"},{"data":"Rampage","floor":32,"key":"SMITH"},{"data":"Barricade","floor":41,"key":"SMITH"},{"data":"Evolve","floor":44,"key":"SMITH"},{"data":"Entrench","floor":47,"key":"SMITH"},{"floor":49,"key":"REST"},{"data":"Disarm","floor":52,"key":"SMITH"}],"neow_cost":"NONE","seed_source_timestamp":39242447947999,"circlet_count":0,"master_deck":["Strike_R+1","Strike_R+1","Defend_R","Defend_R","Defend_R","Bash+1","Shrug It Off","Iron Wave","Metallicize","Body Slam+1","Spot Weakness","Body Slam+1","Inflame+1","Juggernaut+1","Shrug It Off","Entrench+1","Disarm+1","Shrug It Off","Evolve+1","Offering","Rampage+1","Barricade+1","Heavy Blade+1","True Grit+1","Forethought","Flame Barrier+1"],"relics":["Black Blood","PreservedInsect","Question Card","Busted Crown","MutagenicStrength","Bronze Scales","Oddly Smooth Stone","Meat on the Bone","Prayer Wheel","Anchor","Art of War"],"potions_floor_usage":[11,13,13,13,16,24,33,33,39,39,45,50,55],"damage_taken":[{"damage":1,"enemies":"Jaw Worm","floor":1,"turns":3},{"damage":4,"enemies":"2 Louse","floor":3,"turns":4},{"damage":7,"enemies":"Small Slimes","floor":4,"turns":5},{"damage":8,"enemies":"3 Louse","floor":5,"turns":6},{"damage":0,"enemies":"2 Fungi Beasts","floor":11,"turns":3},{"damage":0,"enemies":"Large Slime","floor":12,"turns":6},{"damage":0,"enemies":"Lagavulin","floor":13,"turns":3},{"damage":1,"enemies":"Blue Slaver","floor":14,"turns":5},{"damage":46,"enemies":"Slime Boss","floor":16,"turns":9},{"damage":14,"enemies":"Shell Parasite","floor":18,"turns":4},{"damage":4,"enemies":"2 Thieves","floor":21,"turns":4},{"damage":7,"enemies":"Snecko","floor":22,"turns":4},{"damage":4,"enemies":"3 Cultists","floor":24,"turns":5},{"damage":15,"enemies":"Centurion and Healer","floor":27,"turns":4},{"damage":21,"enemies":"Snake Plant","floor":29,"turns":3},{"damage":2,"enemies":"Gremlin Leader","floor":31,"turns":5},{"damage":35,"enemies":"Automaton","floor":33,"turns":8},{"damage":31,"enemies":"3 Darklings","floor":35,"turns":5},{"damage":19,"enemies":"Orb Walker","floor":36,"turns":4},{"damage":30,"enemies":"Sphere and 2 Shapes","floor":37,"turns":5},{"damage":7,"enemies":"Transient","floor":39,"turns":5},{"damage":11,"enemies":"Giant Head","floor":40,"turns":7},{"damage":14,"enemies":"Spire Growth","floor":45,"turns":4},{"damage":37,"enemies":"2 Orb Walkers","floor":46,"turns":4},{"damage":56,"enemies":"Donu and Deca","floor":50,"turns":9},{"damage":72,"enemies":"Shield and Spear","floor":54,"turns":6},{"damage":56,"enemies":"The Heart","floor":55,"turns":9}],"seed_played":"-3282664544657588413","potions_obtained":[{"floor":3,"key":"Energy Potion"},{"floor":4,"key":"PowerPotion"},{"floor":5,"key":"Explosive Potion"},{"floor":11,"key":"Weak Potion"},{"floor":13,"key":"SpeedPotion"},{"floor":22,"key":"Weak Potion"},{"floor":24,"key":"Swift Potion"},{"floor":27,"key":"Ancient Potion"},{"floor":31,"key":"Ancient Potion"},{"floor":35,"key":"FearPotion"},{"floor":36,"key":"EssenceOfSteel"},{"floor":46,"key":"BloodPotion"},{"floor":54,"key":"Energy Potion"}],"is_trial":false,"path_per_floor":["M","$","M","M","M","R","?","R","T","?","M","M","E","M","R","B",null,"M","?","$","M","M","R","M","$","T","M","R","M","R","E","R","B",null,"M","M","M","?","M","E","R","?","T","R","M","?","R","$","R","B",null,"R","$","E","B"],"character_chosen":"IRONCLAD","items_purchased":["Entrench","Anchor"],"campfire_rested":1,"item_purchase_floors":[20,53],"current_hp_per_floor":[88,88,88,87,85,85,67,67,67,67,73,79,85,88,88,48,88,80,80,80,82,81,81,83,83,83,74,74,59,59,63,63,34,88,67,58,38,60,63,62,62,52,52,52,60,45,45,45,71,45,88,88,88,38,0],"gold":96,"neow_bonus":"TEN_PERCENT_HP_BONUS","is_prod":false,"is_daily":false,"chose_seed":false,"campfire_upgraded":10,"win_rate":0,"timestamp":1549592754,"path_taken":["M","$","M","M","M","R","?","R","T","?","M","M","E","M","R","BOSS","M","?","$","M","M","R","M","$","T","M","R","M","R","E","R","BOSS","M","M","M","?","M","E","R","?","T","R","M","?","R","$","R","BOSS","R","$","E","BOSS"],"build_version":"2019-01-23","purchased_purges":4,"victory":false,"max_hp_per_floor":[88,88,88,88,88,88,88,88,88,88,88,88,88,88,88,88,88,88,88,88,88,88,88,88,88,88,88,88,88,88,88,88,88,88,88,88,88,88,88,88,88,88,88,88,88,88,88,88,88,88,88,88,88,88,88],"card_choices":[{"not_picked":["Warcry","Ghostly Armor"],"picked":"Shrug It Off","floor":1},{"not_picked":["Combust","Corruption"],"picked":"Iron Wave","floor":3},{"not_picked":["Wild Strike","Perfected Strike"],"picked":"Metallicize","floor":4},{"not_picked":["Ghostly Armor","Heavy Blade"],"picked":"Body Slam","floor":5},{"not_picked":["Warcry","Havoc","Clothesline"],"picked":"SKIP","floor":11},{"not_picked":["Sentinel","True Grit"],"picked":"Spot Weakness","floor":12},{"not_picked":["Demon Form","Searing Blow"],"picked":"Body Slam","floor":13},{"not_picked":["Evolve","Power Through","Rage"],"picked":"Inflame","floor":14},{"not_picked":["Bludgeon","Dark Embrace","Impervious"],"picked":"Juggernaut","floor":16},{"not_picked":["Havoc"],"picked":"Shrug It Off","floor":18},{"not_picked":["Body Slam"],"picked":"Disarm","floor":21},{"not_picked":["Wild Strike"],"picked":"Shrug It Off","floor":22},{"not_picked":["Heavy Blade"],"picked":"Evolve","floor":24},{"not_picked":["Clothesline+1","Disarm+1"],"picked":"SKIP","floor":27},{"not_picked":["Dual Wield"],"picked":"Offering","floor":29},{"not_picked":["Reckless Charge+1"],"picked":"Rampage","floor":31},{"not_picked":["Impervious"],"picked":"Barricade","floor":33},{"not_picked":["True Grit","Iron Wave"],"picked":"SKIP","floor":35},{"not_picked":["Armaments+1","Reckless Charge"],"picked":"SKIP","floor":36},{"not_picked":["Disarm+1"],"picked":"Heavy Blade+1","floor":37},{"not_picked":["Second Wind"],"picked":"True Grit+1","floor":39},{"not_picked":["Sentinel","Juggernaut"],"picked":"SKIP","floor":40},{"not_picked":["Madness"],"picked":"Forethought","floor":42},{"not_picked":["Clash+1","Sword Boomerang"],"picked":"SKIP","floor":45},{"not_picked":["Uppercut+1"],"picked":"Flame Barrier+1","floor":54}],"player_experience":785159,"relics_obtained":[{"floor":9,"key":"PreservedInsect"},{"floor":13,"key":"Question Card"},{"floor":26,"key":"Bronze Scales"},{"floor":31,"key":"Oddly Smooth Stone"},{"floor":40,"key":"Meat on the Bone"},{"floor":46,"key":"Prayer Wheel"},{"floor":54,"key":"Art of War"}],"event_choices":[{"damage_healed":0,"gold_gain":0,"player_choice":"Entered Light","damage_taken":18,"max_hp_gain":0,"max_hp_loss":0,"event_name":"Shining Light","floor":7,"gold_loss":0,"cards_upgraded":["Strike_R","Strike_R"]},{"cards_removed":["Strike_R"],"damage_healed":0,"gold_gain":0,"player_choice":"Forget","damage_taken":0,"max_hp_gain":0,"max_hp_loss":0,"event_name":"Living Wall","floor":10,"gold_loss":0},{"damage_healed":0,"gold_gain":0,"player_choice":"Inject Mutagens","damage_taken":0,"relics_obtained":["MutagenicStrength"],"max_hp_gain":0,"max_hp_loss":0,"event_name":"Drug Dealer","floor":19,"gold_loss":0},{"damage_healed":22,"gold_gain":0,"player_choice":"Writhe","damage_taken":0,"max_hp_gain":0,"max_hp_loss":0,"event_name":"Winding Halls","floor":38,"gold_loss":0,"cards_obtained":["Writhe"]},{"damage_healed":0,"gold_gain":0,"player_choice":"Memory 3","damage_taken":10,"max_hp_gain":0,"max_hp_loss":0,"event_name":"SensoryStone","floor":42,"gold_loss":0},{"damage_healed":0,"gold_gain":0,"player_choice":"Fight","damage_taken":0,"max_hp_gain":0,"max_hp_loss":0,"event_name":"Mysterious Sphere","floor":46,"gold_loss":0}],"is_beta":false,"boss_relics":[{"not_picked":["Velvet Choker","Snecko Eye"],"picked":"Busted Crown"},{"not_picked":["Cursed Key","White Beast Statue"],"picked":"Black Blood"}],"items_purged_floors":[2,20,25,48],"is_endless":false,"potions_floor_spawned":[3,4,5,11,13,22,24,27,31,35,36,46,54],"killed_by":"The Heart","ascension_level":0}