{"path_per_floor":["M","$","?","M","?","R","E","$","T","M","E","T","R","M","R","B",null,"M","M","?","M","M","R","E","R","T","M","M","R","M","M","R","B",null,"M","$","M","$","?","R"],"character_chosen":"IRONCLAD","items_purchased":["Question Card"],"gold_per_floor":[113,38,38,50,50,50,83,83,83,96,124,124,124,135,135,231,231,242,261,261,272,282,282,309,309,355,367,380,380,400,412,412,507,507,523,184,203,78,78,78,78],"floor_reached":41,"campfire_rested":0,"playtime":3144,"current_hp_per_floor":[77,77,77,80,64,64,46,46,46,48,50,50,50,56,56,44,80,74,69,69,69,73,73,50,50,50,56,62,62,68,74,74,25,80,80,80,80,80,80,80,0],"items_purged":["Doubt","Defend_R","Defend_R"],"gold":78,"score":486,"play_id":"41260412-a96b-437c-aedc-19d0201e5b73","local_time":"20180405182426","is_prod":false,"is_daily":false,"is_ascension_mode":true,"campfire_upgraded":1,"timestamp":1522945466,"path_taken":["M","$","?","M","?","R","E","?","T","M","E","?","R","?","R","BOSS","M","M","?","M","M","R","E","R","T","?","M","R","M","M","R","BOSS","M","$","M","$","?","R","E"],"build_version":"2018-03-29v2","purchased_purges":3,"victory":false,"master_deck":["Defend_R+1","Bash+1","Body Slam+1","Thunderclap+1","Shrug It Off","Double Tap"],"max_hp_per_floor":[80,80,80,80,80,80,80,80,80,80,80,80,80,80,80,80,80,80,80,80,80,80,80,80,80,80,80,80,80,80,80,80,80,80,80,80,80,80,80,80,80],"relics":["Black Blood","Champion Belt","War Paint","Calipers","Lantern","Peace Pipe","Velvet Choker","Vajra","Oddly Smooth Stone","Question Card"],"card_choices":[{"not_picked":["Cleave","Anger"],"picked":"Body Slam","floor":1},{"not_picked":["Sever Soul","Body Slam"],"picked":"Thunderclap","floor":4},{"not_picked":["Heavy Blade","Bloodletting"],"picked":"Shrug It Off","floor":7},{"not_picked":["Dark Embrace","Demon Form"],"picked":"Double Tap","floor":16},{"not_picked":["Clash","Rupture"],"picked":"Seeing Red","floor":18}],"player_experience":315467,"potions_floor_usage":[16,18,24,30,33,41],"damage_taken":[{"damage":9,"enemies":"2 Louse","floor":1,"turns":3},{"damage":1,"enemies":"Cultist","floor":4,"turns":3},{"damage":24,"enemies":"Gremlin Nob","floor":7,"turns":4},{"damage":4,"enemies":"Small Slimes","floor":10,"turns":2},{"damage":4,"enemies":"3 Sentries","floor":11,"turns":7},{"damage":0,"enemies":"Looter","floor":14,"turns":2},{"damage":18,"enemies":"The Guardian","floor":16,"turns":11},{"damage":12,"enemies":"3 Byrds","floor":18,"turns":3},{"damage":11,"enemies":"Shell Parasite","floor":19,"turns":4},{"damage":6,"enemies":"Snake Plant","floor":21,"turns":4},{"damage":2,"enemies":"Centurion and Healer","floor":22,"turns":4},{"damage":29,"enemies":"Gremlin Leader","floor":24,"turns":5},{"damage":0,"enemies":"3 Cultists","floor":27,"turns":4},{"damage":0,"enemies":"Cultist and Chosen","floor":28,"turns":4},{"damage":0,"enemies":"Snake Plant","floor":30,"turns":2},{"damage":0,"enemies":"Centurion and Healer","floor":31,"turns":4},{"damage":55,"enemies":"Champ","floor":33,"turns":12},{"damage":6,"enemies":"3 Shapes","floor":35,"turns":3},{"damage":7,"enemies":"Orb Walker","floor":37,"turns":4},{"damage":81,"enemies":"Nemesis","floor":41,"turns":8}],"event_choices":[{"event_name":"Upgrade Shrine","player_choice":"Upgraded","floor":3,"damage_taken":0},{"event_name":"Shining Light","player_choice":"Entered Light","floor":5,"damage_taken":0},{"event_name":"Cursed Tome","player_choice":"Ignored","floor":20,"damage_taken":0},{"event_name":"The Woman in Blue","player_choice":"Bought 0 Potions","floor":39,"damage_taken":0}],"boss_relics":[{"not_picked":["Mark of Pain","Snecko Eye"],"picked":"Velvet Choker"},{"not_picked":["Calling Bell","Runic Pyramid"],"picked":"Black Blood"}],"potions_floor_spawned":[7,11,19,22,24,28,35],"seed_played":"2019635295464735119","killed_by":"Nemesis","ascension_level":3,"is_trial":false}