{"gold_per_floor":[13,23,36,1,1,1,1,1,53,65,87,127,139,165,177,289,301,327,339,362,391,431,474,486,514,552,479,502,527,539,570,582,594],"floor_reached":33,"playtime":2457,"items_purged":[],"score":269,"play_id":"72ef60f5-83cf-4b1d-b984-b9102f8dac70","local_time":"20190907142554","is_ascension_mode":false,"campfire_choices":[{"data":"Bash","floor":6.0,"key":"SMITH"},{"data":"Pommel Strike","floor":8.0,"key":"SMITH"},{"data":"Heavy Blade","floor":10.0,"key":"SMITH"},{"data":"Inflame","floor":13.0,"key":"SMITH"},{"floor":15.0,"key":"RECALL"},{"floor":24,"key":"REST"},{"floor":32,"key":"REST"}],"neow_cost":"NO_GOLD","seed_source_timestamp":0,"circlet_count":0,"master_deck":["Strike_R","Strike_R","Strike_R","Defend_R","Defend_R","Defend_R","Defend_R","Bash+1","Heavy Blade+1","Pommel Strike+1","Inflame+1","Cleave+1","Limit Break","Pommel Strike+1","Intimidate","Headbutt+1","Pummel+1","Impervious+1","Power Through+1","Shrug It Off+1","Flex+1"],"special_seed":0,"relics":["Burning Blood","Pocketwatch","MawBank","Molten Egg 2","Lizard Tail","Red Mask","Toxic Egg 2","Magic Flower"],"potions_floor_usage":[22,28,29],"damage_taken":[{"damage":6.0,"enemies":"Jaw Worm","floor":1.0,"turns":3.0},{"damage":0.0,"enemies":"Small Slimes","floor":2.0,"turns":4.0},{"damage":6.0,"enemies":"2 Louse","floor":3.0,"turns":4.0},{"damage":6.0,"enemies":"Large Slime","floor":11.0,"turns":6.0},{"damage":17.0,"enemies":"3 Sentries","floor":12.0,"turns":5.0},{"damage":10.0,"enemies":"Looter","floor":14.0,"turns":2.0},{"damage":43.0,"enemies":"The Guardian","floor":16.0,"turns":6.0},{"damage":5,"enemies":"Chosen","floor":18,"turns":3},{"damage":34,"enemies":"2 Thieves","floor":20,"turns":4},{"damage":11,"enemies":"Chosen and Byrds","floor":21,"turns":4},{"damage":38,"enemies":"Masked Bandits","floor":22,"turns":4},{"damage":57,"enemies":"Book of Stabbing","floor":23,"turns":4},{"damage":30,"enemies":"3 Cultists","floor":25,"turns":5},{"damage":25,"enemies":"Sentry and Sphere","floor":28,"turns":5},{"damage":4,"enemies":"Snecko","floor":29,"turns":4},{"damage":16,"enemies":"Centurion and Healer","floor":31,"turns":8},{"damage":58,"enemies":"Automaton","floor":33,"turns":6}],"seed_played":"8571495789344008360","potions_obtained":[{"floor":3.0,"key":"Ancient Potion"},{"floor":11.0,"key":"Fire Potion"},{"floor":12.0,"key":"Regen Potion"},{"floor":21,"key":"BloodPotion"},{"floor":23,"key":"FearPotion"},{"floor":25,"key":"Poison Potion"}],"is_trial":false,"path_per_floor":["M","M","M","?","?","R","$","R","T","R","M","E","R","M","R","B",null,"M","?","M","M","?","E","R","M","T","?","M","M","?","M","R","B"],"character_chosen":"IRONCLAD","items_purchased":[],"campfire_rested":2,"item_purchase_floors":[],"current_hp_per_floor":[80,80,80,80,68,68,68,68,68,68,68,57,57,53,53,31,80,80,80,52,47,35,28,52,28,28,28,12,17,17,10,34,0],"gold":594,"neow_bonus":"REMOVE_TWO","is_prod":false,"is_daily":false,"chose_seed":false,"campfire_upgraded":4,"win_rate":0,"timestamp":1567859154,"path_taken":["M","M","M","?","?","R","$","R","T","R","M","E","R","M","R","BOSS","M","?","M","M","?","E","R","M","T","?","M","M","?","M","R","BOSS"],"build_version":"2019-07-17","purchased_purges":0,"victory":false,"max_hp_per_floor":[80,80,80,80,80,80,80,80,80,80,80,80,80,80,80,80,80,80,80,80,80,80,80,80,80,80,80,80,80,80,80,80,80],"card_choices":[{"not_picked":["Havoc","Seeing Red","Ghostly Armor"],"picked":"SKIP","floor":1.0},{"not_picked":["Combust","Flex"],"picked":"Heavy Blade","floor":2.0},{"not_picked":["Metallicize","Warcry"],"picked":"Pommel Strike","floor":3.0},{"not_picked":["Havoc","Disarm"],"picked":"Inflame","floor":11.0},{"not_picked":["Perfected Strike","Searing Blow","Hemokinesis"],"picked":"SKIP","floor":12.0},{"not_picked":["Battle Trance","Bloodletting"],"picked":"Cleave+1","floor":14.0},{"not_picked":["Fiend Fire+1","Impervious"],"picked":"Limit Break","floor":16.0},{"not_picked":["Power Through","Iron Wave+1"],"picked":"Pommel Strike+1","floor":18},{"not_picked":["Perfected Strike+1","Warcry"],"picked":"Headbutt+1","floor":20},{"not_picked":["Clothesline+1","True Grit"],"picked":"Pummel+1","floor":21},{"not_picked":["Iron Wave+1","Juggernaut"],"picked":"Impervious","floor":23},{"not_picked":["Sword Boomerang+1","Pommel Strike+1"],"picked":"Power Through+1","floor":25},{"not_picked":["Wild Strike+1","Body Slam+1"],"picked":"Shrug It Off+1","floor":28},{"not_picked":["Iron Wave+1","Sword Boomerang+1","Sever Soul+1"],"picked":"SKIP","floor":29},{"not_picked":["Headbutt+1","Battle Trance+1"],"picked":"Flex+1","floor":31}],"player_experience":828313,"relics_obtained":[{"floor":9.0,"key":"MawBank"},{"floor":12.0,"key":"Molten Egg 2"},{"floor":22,"key":"Red Mask"},{"floor":23,"key":"Toxic Egg 2"}],"event_choices":[{"damage_healed":20.0,"max_hp_gain":0.0,"max_hp_loss":0.0,"gold_gain":0.0,"event_name":"The Cleric","player_choice":"Healed","floor":4.0,"gold_loss":35.0,"damage_taken":0.0},{"damage_healed":0.0,"max_hp_gain":0.0,"max_hp_loss":0.0,"gold_gain":0.0,"event_name":"Scrap Ooze","player_choice":"Success","floor":5.0,"gold_loss":0.0,"damage_taken":12.0,"relics_obtained":["Pocketwatch"]},{"damage_healed":0,"gold_gain":0,"player_choice":"Read","damage_taken":0,"max_hp_gain":0,"max_hp_loss":0,"event_name":"The Library","floor":19,"gold_loss":0,"cards_obtained":["Intimidate"]},{"damage_healed":0,"gold_gain":0,"player_choice":"Fought Bandits","damage_taken":0,"max_hp_gain":0,"max_hp_loss":0,"event_name":"Masked Bandits","floor":22,"gold_loss":0},{"damage_healed":0,"gold_gain":0,"player_choice":"Obtained Relic","damage_taken":0,"relics_obtained":["Magic Flower"],"max_hp_gain":0,"max_hp_loss":0,"event_name":"Addict","floor":27,"gold_loss":85},{"damage_healed":0,"gold_gain":0,"player_choice":"Ignored","damage_taken":0,"max_hp_gain":0,"max_hp_loss":0,"event_name":"Ghosts","floor":30,"gold_loss":0}],"is_beta":false,"boss_relics":[{"not_picked":["Runic Pyramid","Orrery"],"picked":"Lizard Tail"}],"items_purged_floors":[],"is_endless":false,"potions_floor_spawned":[3,11,12,21,23,25],"killed_by":"Automaton","ascension_level":0}