{"gold_per_floor":[117,42,60,72,89,89,108,108,108,163,177,196,229,245,245,245],"floor_reached":16,"playtime":1406,"items_purged":["Strike_G"],"score":106,"play_id":"9a84f0be-58c2-4c69-aa69-700d1bf96275","local_time":"20190204142216","is_ascension_mode":false,"campfire_choices":[{"data":"Skewer","floor":6,"key":"SMITH"},{"data":"Neutralize","floor":8,"key":"SMITH"},{"data":"Footwork","floor":15,"key":"SMITH"}],"neow_cost":"NONE","seed_source_timestamp":470775702625,"circlet_count":0,"master_deck":["Defend_G","Defend_G","Defend_G","Defend_G","Defend_G","Strike_G","Strike_G","Strike_G","Strike_G","Survivor","Neutralize+1","Dagger Throw","Blur","Backflip","Skewer+1","Terror","Poisoned Stab","Quick Slash","Footwork+1","Backflip","Dagger Spray"],"relics":["Ring of the Snake","Boot","Kunai","Nunchaku"],"potions_floor_usage":[7,12,16],"damage_taken":[{"damage":0,"enemies":"Jaw Worm","floor":1,"turns":4},{"damage":2,"enemies":"Small Slimes","floor":3,"turns":4},{"damage":0,"enemies":"Cultist","floor":4,"turns":4},{"damage":0,"enemies":"2 Fungi Beasts","floor":5,"turns":4},{"damage":1,"enemies":"Large Slime","floor":7,"turns":5},{"damage":13,"enemies":"Lagavulin Event","floor":10,"turns":6},{"damage":0,"enemies":"Looter","floor":11,"turns":2},{"damage":5,"enemies":"Lots of Slimes","floor":12,"turns":2},{"damage":22,"enemies":"Gremlin Nob","floor":13,"turns":4},{"damage":2,"enemies":"3 Louse","floor":14,"turns":5},{"damage":27,"enemies":"Slime Boss","floor":16,"turns":8}],"seed_played":"5981903571863807402","potions_obtained":[{"floor":1,"key":"GamblersBrew"},{"floor":3,"key":"SkillPotion"},{"floor":4,"key":"Ancient Potion"},{"floor":5,"key":"Explosive Potion"}],"is_trial":false,"path_per_floor":["M","$","M","M","M","R","M","R","T","?","M","M","E","M","R","B"],"character_chosen":"THE_SILENT","items_purchased":[],"campfire_rested":0,"item_purchase_floors":[],"current_hp_per_floor":[70,70,68,68,68,68,67,67,67,54,54,49,27,25,25,0],"gold":245,"neow_bonus":"RANDOM_COMMON_RELIC","is_prod":false,"is_daily":false,"chose_seed":false,"campfire_upgraded":3,"win_rate":0,"timestamp":1549286536,"path_taken":["M","$","M","M","M","R","M","R","T","?","M","M","E","M","R","BOSS"],"build_version":"2019-01-23","purchased_purges":1,"victory":false,"max_hp_per_floor":[70,70,70,70,70,70,70,70,70,70,70,70,70,70,70,70],"card_choices":[{"not_picked":["Infinite Blades","Blade Dance"],"picked":"Dagger Throw","floor":1},{"not_picked":["Underhanded Strike","Blade Dance"],"picked":"Blur","floor":3},{"not_picked":["PiercingWail","Bullet Time"],"picked":"Backflip","floor":4},{"not_picked":["Acrobatics","Deadly Poison"],"picked":"Skewer","floor":5},{"not_picked":["Expertise","Infinite Blades"],"picked":"Terror","floor":7},{"not_picked":["Bane","Calculated Gamble"],"picked":"Poisoned Stab","floor":10},{"not_picked":["Deadly Poison","Dagger Throw"],"picked":"Quick Slash","floor":11},{"not_picked":["All Out Attack","Sucker Punch"],"picked":"Footwork","floor":12},{"not_picked":["Quick Slash","Outmaneuver"],"picked":"Backflip","floor":13},{"not_picked":["Cloak And Dagger","Adrenaline"],"picked":"Dagger Spray","floor":14}],"player_experience":735257,"relics_obtained":[{"floor":10,"key":"Kunai"},{"floor":13,"key":"Nunchaku"}],"event_choices":[{"damage_healed":0,"gold_gain":30,"player_choice":"Searched \u00272\u0027 times","damage_taken":0,"max_hp_gain":0,"max_hp_loss":0,"event_name":"Dead Adventurer","floor":10,"gold_loss":0}],"is_beta":false,"boss_relics":[],"items_purged_floors":[2],"is_endless":false,"potions_floor_spawned":[1,3,4,5],"killed_by":"Slime Boss","ascension_level":0}