{"gold_per_floor":[113,127,127,202,222,248,248,269,269,286,386,415,430,128,128,228,228,242,182,194,194,205,205,216,229,282,298,0,0,0,20,20,118,118,137,137,137,149,162,162,177,177,223,223,223,233,53,70,70,70],"floor_reached":51,"playtime":3688,"items_purged":["Strike_B","Strike_B"],"score":917,"play_id":"08eea2d6-3a57-430a-988b-cc7cf34be9bb","local_time":"20190907171544","is_ascension_mode":true,"campfire_choices":[{"floor":7,"key":"REST"},{"floor":15,"key":"REST"},{"floor":23,"key":"REST"},{"floor":29,"key":"REST"},{"floor":32,"key":"REST"},{"data":"Defragment","floor":40,"key":"SMITH"},{"data":"Zap","floor":42,"key":"SMITH"},{"data":"Dualcast","floor":45,"key":"SMITH"},{"floor":49,"key":"REST"}],"neow_cost":"NONE","seed_source_timestamp":1849108276879700,"circlet_count":0,"master_deck":["AscendersBane","Strike_B","Strike_B","Defend_B","Defend_B","Defend_B","Defend_B","Zap+1","Dualcast+1","Defragment+1","BootSequence","Conserve Battery","Biased Cognition","Static Discharge","Auto Shields","Rainbow","White Noise","Thunder Strike","Conserve Battery+1","Cold Snap","Redo+1","BootSequence","Coolheaded","Madness","Madness","Glacier","Chrysalis","Steam","Go for the Eyes","Gash","Conserve Battery+1"],"relics":["Cracked Core","Dodecahedron","Omamori","Odd Mushroom","Bag of Preparation","Pen Nib","Regal Pillow","Inserter","Cables","Lantern","Meat on the Bone","Runic Pyramid","Boot"],"potions_floor_usage":[12,12,20,24,33,50,50],"damage_taken":[{"damage":0,"enemies":"Cultist","floor":1,"turns":3},{"damage":0,"enemies":"Small Slimes","floor":2,"turns":3},{"damage":8,"enemies":"2 Louse","floor":5,"turns":4},{"damage":22,"enemies":"Lagavulin","floor":6,"turns":9},{"damage":34,"enemies":"The Mushroom Lair","floor":8,"turns":4},{"damage":0,"enemies":"Exordium Wildlife","floor":10,"turns":4},{"damage":12,"enemies":"3 Sentries","floor":12,"turns":3},{"damage":1,"enemies":"2 Fungi Beasts","floor":13,"turns":3},{"damage":42,"enemies":"Slime Boss","floor":16,"turns":11},{"damage":0,"enemies":"Spheric Guardian","floor":18,"turns":3},{"damage":19,"enemies":"2 Thieves","floor":19,"turns":4},{"damage":20,"enemies":"Centurion and Healer","floor":20,"turns":8},{"damage":14,"enemies":"Shelled Parasite and Fungi","floor":22,"turns":6},{"damage":2,"enemies":"Chosen and Byrds","floor":24,"turns":8},{"damage":12,"enemies":"Centurion and Healer","floor":25,"turns":7},{"damage":21,"enemies":"Snake Plant","floor":27,"turns":5},{"damage":31,"enemies":"Cultist and Chosen","floor":31,"turns":6},{"damage":5,"enemies":"Champ","floor":33,"turns":10},{"damage":10,"enemies":"3 Shapes","floor":35,"turns":6},{"damage":18,"enemies":"3 Darklings","floor":38,"turns":9},{"damage":9,"enemies":"Writhing Mass","floor":39,"turns":12},{"damage":0,"enemies":"Jaw Worm Horde","floor":41,"turns":3},{"damage":38,"enemies":"3 Darklings","floor":46,"turns":7},{"damage":3,"enemies":"Sphere and 2 Shapes","floor":48,"turns":7},{"damage":33,"enemies":"Donu and Deca","floor":50,"turns":9}],"seed_played":"3927110078743136992","potions_obtained":[{"floor":1,"key":"Ancient Potion"},{"floor":5,"key":"PowerPotion"},{"floor":10,"key":"FairyPotion"},{"floor":16,"key":"Ancient Potion"},{"floor":18,"key":"FearPotion"},{"floor":22,"key":"Fire Potion"},{"floor":24,"key":"Ancient Potion"},{"floor":25,"key":"SteroidPotion"},{"floor":33,"key":"PowerPotion"},{"floor":35,"key":"GamblersBrew"},{"floor":46,"key":"Ancient Potion"}],"is_trial":false,"path_per_floor":["M","M","?","?","M","E","R","?","T","M","?","E","M","$","R","B",null,"M","M","M","T","M","R","M","M","T","M","$","R","?","M","R","B",null,"M","?","?","M","M","R","M","R","T","?","R","M","$","M","R","B",null],"character_chosen":"DEFECT","items_purchased":["Regal Pillow","White Noise","Meat on the Bone","Coolheaded","Go for the Eyes","Gash"],"campfire_rested":6,"item_purchase_floors":[14,14,28,28,47,47],"current_hp_per_floor":[75,75,63,52,44,22,46,12,12,12,12,8,7,7,46,4,63,63,44,24,24,10,49,47,35,35,14,14,53,37,18,59,54,79,69,69,58,52,55,55,55,55,55,55,55,29,29,38,79,46],"gold":70,"neow_bonus":"TEN_PERCENT_HP_BONUS","is_prod":false,"is_daily":false,"chose_seed":false,"campfire_upgraded":3,"win_rate":0,"timestamp":1567901744,"path_taken":["M","?","?","?","M","E","R","?","T","?","?","E","M","$","R","BOSS","M","M","M","?","M","R","M","M","T","M","$","R","?","M","R","BOSS","M","?","?","M","M","R","M","R","T","?","R","M","$","M","R","BOSS"],"build_version":"2019-07-17","purchased_purges":2,"victory":true,"max_hp_per_floor":[82,82,82,82,82,82,82,82,82,82,82,82,82,82,82,82,82,82,82,82,82,82,82,82,82,82,82,82,82,87,87,87,87,87,87,87,87,87,87,87,87,87,87,87,87,87,87,87,87,87],"card_choices":[{"not_picked":["Static Discharge","Cold Snap"],"picked":"Defragment","floor":1},{"not_picked":["Compile Driver","Rebound"],"picked":"BootSequence","floor":2},{"not_picked":["Static Discharge","Steam"],"picked":"Conserve Battery","floor":5},{"not_picked":["Barrage","Beam Cell"],"picked":"Biased Cognition","floor":6},{"not_picked":["Rebound","Ball Lightning"],"picked":"Static Discharge","floor":8},{"not_picked":["Barrage","Sweeping Beam","Compile Driver"],"picked":"SKIP","floor":10},{"not_picked":["Leap","Capacitor"],"picked":"Auto Shields","floor":12},{"not_picked":["Steam Power","Sunder"],"picked":"Rainbow","floor":13},{"not_picked":["Creative AI","Seek"],"picked":"Thunder Strike","floor":16},{"not_picked":["Force Field","Streamline"],"picked":"Conserve Battery+1","floor":18},{"not_picked":["Leap","Ball Lightning","Turbo"],"picked":"SKIP","floor":19},{"not_picked":["Cold Snap","Conserve Battery","Genetic Algorithm"],"picked":"SKIP","floor":20},{"not_picked":["Static Discharge+1","Rebound"],"picked":"Cold Snap","floor":22},{"not_picked":["Redo","Hello World+1","Steam"],"picked":"SKIP","floor":24},{"not_picked":["Loop","Cold Snap"],"picked":"Redo+1","floor":25},{"not_picked":["Buffer","Streamline"],"picked":"BootSequence","floor":27},{"not_picked":["Loop","Coolheaded","Sweeping Beam"],"picked":"SKIP","floor":31},{"not_picked":["Redo","Capacitor","Rebound"],"picked":"SKIP","floor":35},{"not_picked":["Skim+1","Steam"],"picked":"Glacier","floor":38},{"not_picked":["Ball Lightning","Hologram+1","Undo+1"],"picked":"SKIP","floor":39},{"not_picked":["Heatsinks","Rip and Tear","Stack"],"picked":"SKIP","floor":41},{"not_picked":["HandOfGreed","Mind Blast"],"picked":"Chrysalis","floor":44},{"not_picked":["Genetic Algorithm+1","Steam Power+1"],"picked":"Steam","floor":46},{"not_picked":["Blizzard+1","Cold Snap"],"picked":"Conserve Battery+1","floor":48}],"player_experience":288349,"relics_obtained":[{"floor":6,"key":"Omamori"},{"floor":8,"key":"Odd Mushroom"},{"floor":9,"key":"Bag of Preparation"},{"floor":12,"key":"Pen Nib"},{"floor":21,"key":"Cables"},{"floor":26,"key":"Lantern"},{"floor":43,"key":"Boot"}],"event_choices":[{"damage_healed":0,"gold_gain":0,"player_choice":"Success","damage_taken":12,"relics_obtained":["Dodecahedron"],"max_hp_gain":0,"max_hp_loss":0,"event_name":"Scrap Ooze","floor":3,"gold_loss":0},{"damage_healed":0,"gold_gain":75,"player_choice":"Gather Gold","damage_taken":11,"max_hp_gain":0,"max_hp_loss":0,"event_name":"World of Goop","floor":4,"gold_loss":0},{"damage_healed":0,"gold_gain":0,"player_choice":"Fought Mushrooms","damage_taken":0,"max_hp_gain":0,"max_hp_loss":0,"event_name":"Mushrooms","floor":8,"gold_loss":0},{"damage_healed":0,"gold_gain":100,"player_choice":"Pray","damage_taken":0,"max_hp_gain":0,"max_hp_loss":0,"event_name":"Golden Shrine","floor":11,"gold_loss":0},{"damage_healed":0,"gold_gain":0,"player_choice":"Shed Blood","damage_taken":21,"max_hp_gain":5,"max_hp_loss":0,"event_name":"Forgotten Altar","floor":30,"gold_loss":0},{"damage_healed":0,"gold_gain":0,"player_choice":"Ignored","damage_taken":0,"max_hp_gain":0,"max_hp_loss":0,"event_name":"Tomb of Lord Red Mask","floor":36,"gold_loss":0},{"damage_healed":0,"gold_gain":0,"player_choice":"Embrace Madness","damage_taken":11,"max_hp_gain":0,"max_hp_loss":0,"event_name":"Winding Halls","floor":37,"gold_loss":0,"cards_obtained":["Madness","Madness"]},{"damage_healed":0,"gold_gain":0,"player_choice":"Memory 1","damage_taken":0,"max_hp_gain":0,"max_hp_loss":0,"event_name":"SensoryStone","floor":44,"gold_loss":0}],"is_beta":false,"boss_relics":[{"not_picked":["Philosopher\u0027s Stone","Empty Cage"],"picked":"Inserter"},{"not_picked":["Sozu","FrozenCore"],"picked":"Runic Pyramid"}],"items_purged_floors":[14,47],"is_endless":false,"potions_floor_spawned":[1,5,10,16,18,22,24,25,33,35,39,41,46],"ascension_level":10}