{"path_per_floor":["M","T","?","$","M","R","E","M","T","M","R","$","E","?","R","B",null,"M","?","M","$","$","R","E","M","T","M","?","?","R","$","R","B",null,"M","?","$","?","?","E","?","M","T","R","M","R","$","E","R","B"],"character_chosen":"THE_SILENT","items_purchased":["Apotheosis","Adrenaline","Vajra"],"gold_per_floor":[363,363,438,7,20,20,52,72,96,114,114,14,43,43,43,146,146,159,159,173,23,23,23,48,59,59,69,69,69,69,69,69,164,164,182,182,57,57,57,84,0,13,13,13,28,28,28,55,55,55],"floor_reached":51,"campfire_rested":3,"playtime":5007,"current_hp_per_floor":[62,62,51,51,51,51,43,43,43,42,42,42,42,42,60,46,63,45,45,37,37,37,55,43,43,43,46,46,35,55,55,55,13,68,53,53,53,53,53,50,50,50,50,60,60,68,68,68,68,4],"items_purged":["Strike_G","Defend_G","Defend_G"],"gold":55,"score":777,"play_id":"0a225726-6ad0-449f-b242-f4e5a59a764f","local_time":"20180401024753","is_prod":false,"is_daily":false,"is_ascension_mode":false,"campfire_upgraded":6,"timestamp":1522543673,"path_taken":["M","?","?","$","M","R","E","M","T","M","R","$","E","?","R","BOSS","M","?","?","?","$","R","E","M","T","M","?","?","R","?","R","BOSS","M","?","$","?","?","E","?","M","T","R","?","R","?","E","R","BOSS"],"build_version":"2018-03-29v2","purchased_purges":4,"victory":true,"master_deck":["Defend_G","Defend_G","Strike_G","Strike_G","Strike_G","Strike_G","Survivor","Neutralize","Apotheosis","Adrenaline","Acrobatics+1","Cloak And Dagger+1","Prepared","Blade Dance+1","Acrobatics","Cloak And Dagger+1","Quick Slash","Backstab","Dagger Throw","Adrenaline+1","Accuracy+1","Storm of Steel+1","Panache","Neutralize+1","Skewer+1","Finisher+1"],"max_hp_per_floor":[63,63,63,63,63,63,63,63,63,63,63,63,63,63,63,63,63,63,63,63,63,63,63,63,63,63,63,63,68,68,68,68,68,68,68,68,68,68,68,68,68,68,68,68,68,68,68,68,68,68],"relics":["Ring of the Snake","Sundial","Shuriken","Dream Catcher","Dead Branch","Orrery","Mummified Hand","Vajra","War Paint","Happy Flower","Eternal Feather","Smiling Mask","Red Mask","Mercury Hourglass","Singing Bowl"],"card_choices":[{"not_picked":["Deadly Poison","Finisher"],"picked":"Acrobatics","floor":5},{"not_picked":["Backflip","Masterful Stab"],"picked":"Cloak And Dagger","floor":7},{"not_picked":["Concentrate","Distraction"],"picked":"Prepared","floor":8},{"not_picked":["Underhanded Strike","Endless Agony"],"picked":"Blade Dance","floor":15},{"not_picked":["Dagger Spray","Caltrops"],"picked":"Acrobatics","floor":17},{"not_picked":["All Out Attack","Underhanded Strike"],"picked":"Cloak And Dagger","floor":17},{"not_picked":["Sucker Punch","Eviscerate"],"picked":"Quick Slash","floor":17},{"not_picked":["Dodge and Roll","Outmaneuver"],"picked":"Backstab","floor":17},{"not_picked":["Deflect","Poisoned Stab"],"picked":"Dagger Throw","floor":17},{"not_picked":["Slice","Flying Knee"],"picked":"Adrenaline","floor":18},{"not_picked":["Dagger Throw","Sucker Punch"],"picked":"Accuracy","floor":20},{"not_picked":["A Thousand Cuts","Bullet Time"],"picked":"Storm of Steel","floor":33},{"not_picked":["Good Instincts","Deep Breath"],"picked":"Panache","floor":36},{"not_picked":["Dash","Dagger Spray"],"picked":"Skewer","floor":42},{"not_picked":["Infinite Blades","Acrobatics"],"picked":"Finisher","floor":48}],"player_experience":245331,"potions_floor_usage":[8,16,16,27,27,33,50,50],"damage_taken":[{"damage":1,"enemies":"Cultist","floor":1,"turns":5},{"damage":0,"enemies":"Jaw Worm","floor":5,"turns":4},{"damage":8,"enemies":"Lagavulin","floor":7,"turns":8},{"damage":0,"enemies":"2 Louse","floor":8,"turns":2},{"damage":1,"enemies":"Blue Slaver","floor":10,"turns":4},{"damage":0,"enemies":"Gremlin Nob","floor":13,"turns":3},{"damage":14,"enemies":"Slime Boss","floor":16,"turns":8},{"damage":18,"enemies":"Spheric Guardian","floor":18,"turns":4},{"damage":8,"enemies":"Shell Parasite","floor":20,"turns":4},{"damage":12,"enemies":"Book of Stabbing","floor":24,"turns":3},{"damage":0,"enemies":"Chosen and Byrds","floor":25,"turns":2},{"damage":0,"enemies":"Snecko","floor":27,"turns":2},{"damage":42,"enemies":"Automaton","floor":33,"turns":5},{"damage":15,"enemies":"3 Darklings","floor":35,"turns":2},{"damage":3,"enemies":"Giant Head","floor":40,"turns":5},{"damage":0,"enemies":"Orb Walker","floor":42,"turns":2},{"damage":0,"enemies":"Sphere and 2 Shapes","floor":45,"turns":1},{"damage":0,"enemies":"2 Orb Walkers","floor":48,"turns":1},{"damage":79,"enemies":"Time Eater","floor":50,"turns":10}],"event_choices":[{"event_name":"World of Goop","player_choice":"Gather Gold","floor":3,"damage_taken":0},{"event_name":"Purifier","player_choice":"One Purge","floor":14,"damage_taken":0},{"event_name":"The Mausoleum","player_choice":"Yes","floor":19,"damage_taken":0},{"event_name":"Addict","player_choice":"Ignored","floor":28,"damage_taken":0},{"event_name":"Forgotten Altar","player_choice":"Shed Blood","floor":29,"damage_taken":0},{"event_name":"SensoryStone","player_choice":"Memory 1","floor":36,"damage_taken":0},{"event_name":"Match and Keep!","player_choice":"1 cards matched","floor":38,"damage_taken":0},{"event_name":"Mysterious Sphere","player_choice":"Ignore","floor":39,"damage_taken":0},{"event_name":"Tomb of Lord Red Mask","player_choice":"Paid","floor":41,"damage_taken":0}],"boss_relics":[{"not_picked":["Sozu","Velvet Choker"],"picked":"Orrery"},{"not_picked":["Runic Pyramid","White Beast Statue"],"picked":"Eternal Feather"}],"potions_floor_spawned":[5,10,13,16,18,20,33,40,42],"seed_played":"2867345414660496622","ascension_level":0,"is_trial":false}