{"path_per_floor":["M","M","?","M","$","E","M","R","T","R","M","E","T","M","R","B",null,"M","M","?","$","?","R","M","R","T","M","M","M","R"],"character_chosen":"THE_SILENT","items_purchased":["Endless Agony","Accuracy","Cloak And Dagger","Slice","Flying Knee","Outmaneuver"],"gold_per_floor":[113,127,87,105,24,54,67,67,67,67,81,146,198,215,215,314,314,332,348,348,105,105,105,124,124,124,144,164,182,182],"floor_reached":31,"campfire_rested":5,"playtime":3033,"current_hp_per_floor":[66,64,64,70,70,42,35,56,56,56,56,35,35,30,51,11,70,46,22,22,22,22,43,24,45,59,41,21,1,26],"items_purged":[],"gold":182,"score":249,"play_id":"a326c732-6e66-4478-a998-fb350945a24d","is_prod":false,"is_daily":false,"is_ascension_mode":false,"campfire_upgraded":1,"path_taken":["M","M","?","M","$","E","M","R","T","R","M","E","?","M","R","BOSS","M","M","?","$","?","R","M","R","T","M","?","M","R","M"],"build_version":"2018-02-08-PROD1","purchased_purges":0,"victory":false,"master_deck":["Defend_G","Defend_G","Defend_G","Defend_G","Defend_G","Strike_G","Strike_G","Strike_G","Strike_G","Strike_G","Survivor","Neutralize","Infinite Blades","Flechettes","Noxious Fumes","Endless Agony","Dagger Spray+1","Predator","Backflip","Infinite Blades","Predator","Phantasmal Killer","Flying Knee","Flying Knee","Accuracy","Cloak And Dagger","Slice","Flying Knee","Outmaneuver","Backflip","Backflip","Cloak And Dagger","Finisher"],"max_hp_per_floor":[70,70,70,70,70,70,70,70,70,70,70,70,70,70,70,70,70,70,70,70,70,70,70,70,70,84,84,84,84,84],"relics":["Question Card","Ginger","Gremlin Horn","Tiny Chest","Bag of Marbles","Black Star","Mango"],"card_choices":[{"not_picked":["Cloak And Dagger","Dagger Throw","Caltrops"],"picked":"Infinite Blades"},{"not_picked":["Sucker Punch","Dagger Spray","Eviscerate"],"picked":"Flechettes"},{"not_picked":["PiercingWail","Poisoned Stab","Catalyst"],"picked":"Noxious Fumes"},{"not_picked":["Slice","Underhanded Strike","Night Terror"],"picked":"Dagger Spray"},{"not_picked":["Endless Agony","Prepared","Underhanded Strike"],"picked":"Predator"},{"not_picked":["Prepared","Catalyst","Heel Hook"],"picked":"Backflip"},{"not_picked":["Blur","Deflect","Quick Slash"],"picked":"Infinite Blades"},{"not_picked":["Noxious Fumes","Heel Hook","Cloak And Dagger"],"picked":"Predator"},{"not_picked":["Venomology","Unload","A Thousand Cuts"],"picked":"Phantasmal Killer"},{"not_picked":["Underhanded Strike","Backflip","Malaise"],"picked":"Flying Knee"},{"not_picked":["Bane","Quick Slash","Deadly Poison"],"picked":"Flying Knee"},{"not_picked":["Eviscerate","Crippling Poison","Deflect"],"picked":"Backflip"},{"not_picked":["Eviscerate","Bullet Time","Leg Sweep"],"picked":"Backflip"},{"not_picked":["Acrobatics","Malaise","Deadly Poison"],"picked":"Cloak And Dagger"},{"not_picked":["Skewer","Poisoned Stab","Acrobatics"],"picked":"Finisher"}],"player_experience":50639,"potions_floor_usage":[4,4,7,7,16,16,18,24,27],"damage_taken":[{"damage":4,"enemies":"Small Slimes","floor":1,"turns":5},{"damage":2,"enemies":"Blue Slaver","floor":2,"turns":7},{"damage":1,"enemies":"Cultist","floor":4,"turns":3},{"damage":28,"enemies":"3 Sentries","floor":6,"turns":6},{"damage":7,"enemies":"Large Slime","floor":7,"turns":4},{"damage":0,"enemies":"2 Fungi Beasts","floor":11,"turns":2},{"damage":21,"enemies":"Gremlin Nob","floor":12,"turns":4},{"damage":5,"enemies":"3 Louse","floor":14,"turns":2},{"damage":40,"enemies":"Hexaghost","floor":16,"turns":9},{"damage":24,"enemies":"2 Thieves","floor":18,"turns":4},{"damage":24,"enemies":"Spheric Guardian","floor":19,"turns":4},{"damage":19,"enemies":"Centurion and Healer","floor":24,"turns":5},{"damage":18,"enemies":"Snake Plant","floor":27,"turns":3},{"damage":20,"enemies":"3 Cultists","floor":28,"turns":4},{"damage":20,"enemies":"Centurion and Healer","floor":29,"turns":8},{"damage":29,"enemies":"Snecko","floor":31,"turns":5}],"event_choices":[{"event_name":"The Woman in Blue","player_choice":"Bought 3 Potions","floor":3,"damage_taken":0},{"event_name":"Drug Dealer","player_choice":"Ignored","floor":20,"damage_taken":0},{"event_name":"Cursed Tome","player_choice":"Ignored","floor":22,"damage_taken":0}],"boss_relics":[{"not_picked":["Lizard Tail","White Beast Statue"],"picked":"Black Star"}],"potions_floor_spawned":[6,11,14,16,19,24],"seed_played":"-5709185465129854799","killed_by":"Snecko","ascension_level":0,"is_trial":false}