{"path_per_floor":["M","M","M","M","M","R","?","?","T","$","M","M","R","E","R","B",null,"M","M","$","T","M","R","?","?","T","R","E","M","R","?","R"],"character_chosen":"IRONCLAD","items_purchased":[],"gold_per_floor":[19,33,50,61,78,78,78,78,78,3,23,39,39,75,75,194,194,218,232,132,132,156,156,156,81,81,81,119,134,134,134,134,134],"floor_reached":33,"campfire_rested":0,"playtime":2621,"current_hp_per_floor":[76,76,72,63,47,47,47,47,47,47,56,65,65,74,74,74,74,60,69,69,69,50,50,50,50,50,50,33,41,41,41,41,0],"items_purged":["Strike_R","Strike_R"],"gold":134,"score":292,"play_id":"63b3a4bd-5c58-450d-a708-057350114d4b","local_time":"20180330002358","is_prod":false,"is_daily":false,"is_ascension_mode":false,"campfire_upgraded":7,"timestamp":1522362238,"path_taken":["M","M","M","?","M","R","?","?","T","$","M","M","R","E","R","BOSS","M","?","$","?","M","R","?","?","T","R","E","M","R","?","R","BOSS"],"build_version":"2018-03-22v2","purchased_purges":2,"victory":false,"master_deck":["Strike_R","Strike_R+1","Defend_R","Defend_R","Bash+1","Pummel+1","Thunderclap+1","Whirlwind+1","Headbutt+1","Seeing Red+1"],"max_hp_per_floor":[80,80,80,80,80,80,80,74,74,74,74,74,74,74,74,74,74,74,74,74,74,74,74,74,74,74,74,74,74,74,74,74,74],"relics":["Burning Blood","Golden Idol","Magic Flower","Torii","Velvet Choker","Calipers","Blue Candle","Red Skull","Bottled Flame"],"card_choices":[{"not_picked":["Dual Wield","Sentinel"],"picked":"Pummel","floor":2},{"not_picked":["Intimidate","Havoc"],"picked":"Thunderclap","floor":3},{"not_picked":["Twin Strike","Flex"],"picked":"Whirlwind","floor":4},{"not_picked":["Twin Strike","Warcry"],"picked":"Headbutt","floor":12}],"player_experience":223419,"potions_floor_usage":[14,16,16,16,22,28,33,33],"damage_taken":[{"damage":10,"enemies":"Cultist","floor":1,"turns":4},{"damage":6,"enemies":"Jaw Worm","floor":2,"turns":3},{"damage":10,"enemies":"2 Louse","floor":3,"turns":2},{"damage":15,"enemies":"2 Fungi Beasts","floor":4,"turns":4},{"damage":22,"enemies":"Exordium Thugs","floor":5,"turns":5},{"damage":0,"enemies":"3 Louse","floor":11,"turns":1},{"damage":0,"enemies":"Lots of Slimes","floor":12,"turns":1},{"damage":0,"enemies":"3 Sentries","floor":14,"turns":1},{"damage":9,"enemies":"Slime Boss","floor":16,"turns":3},{"damage":23,"enemies":"Shell Parasite","floor":18,"turns":4},{"damage":0,"enemies":"3 Byrds","floor":19,"turns":3},{"damage":28,"enemies":"Centurion and Healer","floor":22,"turns":4},{"damage":41,"enemies":"Book of Stabbing","floor":28,"turns":4},{"damage":1,"enemies":"Snecko","floor":29,"turns":3},{"damage":50,"enemies":"Champ","floor":33,"turns":7}],"event_choices":[{"event_name":"Match and Keep!","player_choice":"0 cards matched","floor":7,"damage_taken":0},{"event_name":"Golden Idol","player_choice":"Lose Max HP","floor":8,"damage_taken":0},{"event_name":"The Mausoleum","player_choice":"Yes","floor":24,"damage_taken":0},{"event_name":"Beggar","player_choice":"Gave Gold","floor":25,"damage_taken":0},{"event_name":"The Library","player_choice":"Read","floor":31,"damage_taken":0}],"boss_relics":[{"not_picked":["White Beast Statue","Runic Cube"],"picked":"Velvet Choker"}],"potions_floor_spawned":[1,4,11,14,16,19,22,28],"seed_played":"-5120952857976298544","killed_by":"Champ","ascension_level":0,"is_trial":false}