{"gold_per_floor":[360,435,445,115,130,130,145,161,161,178,213,213,225,242,242,346,346,359,359,374,374,374,374,386,386,386,421,439,78,78,93,93,193,193,205,5,20,31,31,31,46,66,112,123,123,143,18,0,0,0],"floor_reached":50,"playtime":4129,"items_purged":["Normality","Strike_B","Strike_B"],"score":567,"play_id":"81702825-66c4-4dd8-9c5b-10cb81858ba7","local_time":"20190826121608","is_ascension_mode":true,"campfire_choices":[{"floor":6.0,"key":"RECALL"},{"floor":12.0,"key":"REST"},{"floor":15.0,"key":"REST"},{"floor":23.0,"key":"REST"},{"floor":25.0,"key":"REST"},{"floor":32.0,"key":"REST"},{"floor":40,"key":"REST"},{"floor":49,"key":"REST"}],"neow_cost":"CURSE","seed_source_timestamp":0,"circlet_count":0,"master_deck":["Strike_B","Strike_B","Defend_B","Defend_B","Defend_B","Zap","Dualcast","Cold Snap","Genetic Algorithm","Gash","Sunder","Glacier+1","Hello World","Hologram","Blizzard","Go for the Eyes","All For One","Defragment","Chaos+1","J.A.X.","Hologram","Meteor Strike"],"special_seed":0,"relics":["Cracked Core","Bottled Lightning","Art of War","Fusion Hammer","Shuriken","Singing Bowl","Symbiotic Virus","Lizard Tail","Strange Spoon","Boot","Red Mask"],"potions_floor_usage":[44,50,50],"damage_taken":[{"damage":5.0,"enemies":"Small Slimes","floor":1.0,"turns":4.0},{"damage":0.0,"enemies":"Cultist","floor":3.0,"turns":3.0},{"damage":0.0,"enemies":"2 Louse","floor":5.0,"turns":2.0},{"damage":12.0,"enemies":"Red Slaver","floor":7.0,"turns":4.0},{"damage":17.0,"enemies":"Large Slime","floor":8.0,"turns":5.0},{"damage":1.0,"enemies":"3 Louse","floor":10.0,"turns":4.0},{"damage":5.0,"enemies":"3 Sentries","floor":11.0,"turns":9.0},{"damage":0.0,"enemies":"Red Slaver","floor":13.0,"turns":4.0},{"damage":0.0,"enemies":"Large Slime","floor":14.0,"turns":6.0},{"damage":55.0,"enemies":"Slime Boss","floor":16.0,"turns":11.0},{"damage":3.0,"enemies":"2 Thieves","floor":18.0,"turns":4.0},{"damage":0.0,"enemies":"Chosen","floor":20.0,"turns":4.0},{"damage":23.0,"enemies":"3 Cultists","floor":24.0,"turns":5.0},{"damage":21.0,"enemies":"Book of Stabbing","floor":27.0,"turns":7.0},{"damage":4.0,"enemies":"Cultist and Chosen","floor":28.0,"turns":6.0},{"damage":12.0,"enemies":"Chosen and Byrds","floor":31.0,"turns":5.0},{"damage":58.0,"enemies":"Champ","floor":33.0,"turns":13.0},{"damage":32.0,"enemies":"3 Darklings","floor":35.0,"turns":6.0},{"damage":3,"enemies":"3 Shapes","floor":37,"turns":3},{"damage":17,"enemies":"Jaw Worm Horde","floor":38,"turns":5},{"damage":39,"enemies":"3 Darklings","floor":41,"turns":5},{"damage":16,"enemies":"Maw","floor":42,"turns":10},{"damage":15,"enemies":"Sphere and 2 Shapes","floor":44,"turns":6},{"damage":4,"enemies":"4 Shapes","floor":46,"turns":6},{"damage":83,"enemies":"Time Eater","floor":50,"turns":15}],"seed_played":"3220029069736367348","potions_obtained":[{"floor":5.0,"key":"Energy Potion"},{"floor":7.0,"key":"SteroidPotion"},{"floor":10.0,"key":"LiquidBronze"},{"floor":27.0,"key":"Fire Potion"},{"floor":28.0,"key":"SpeedPotion"},{"floor":37,"key":"Weak Potion"},{"floor":46,"key":"Weak Potion"}],"is_trial":false,"path_per_floor":["M","?","M","$","M","R","M","M","T","M","E","R","M","M","R","B",null,"M","?","M","?","?","R","M","R","T","E","M","$","?","M","R","B",null,"M","$","M","M","?","R","M","M","T","M","?","M","$","?","R","B"],"character_chosen":"DEFECT","items_purchased":["Bottled Lightning","Symbiotic Virus","Strange Spoon"],"campfire_rested":7,"item_purchase_floors":[4,29,36],"current_hp_per_floor":[70,63,63,63,63,63,51,34,34,33,28,50,50,50,72,17,75,72,72,72,72,72,75,52,74,74,55,53,53,53,43,67,11,83,53,53,52,37,37,63,26,12,12,48,48,46,46,46,75,0],"gold":0,"neow_bonus":"TWO_FIFTY_GOLD","is_prod":false,"is_daily":false,"chose_seed":false,"campfire_upgraded":0,"win_rate":0,"timestamp":1566839768,"path_taken":["M","?","M","?","M","R","M","?","T","M","E","R","M","?","R","BOSS","M","?","?","?","?","R","M","R","T","E","?","$","?","M","R","BOSS","M","?","M","?","?","R","M","M","T","M","?","?","?","?","R","BOSS"],"build_version":"2019-07-17","purchased_purges":3,"victory":false,"max_hp_per_floor":[75,75,75,75,75,75,75,75,75,75,75,75,75,75,75,75,75,75,75,75,75,75,75,75,75,75,77,79,79,79,81,81,83,83,85,85,87,89,89,89,91,93,93,95,95,97,97,97,97,97],"card_choices":[{"not_picked":["Gash","FTL"],"picked":"Cold Snap","floor":1.0},{"not_picked":["Ball Lightning","Fusion"],"picked":"Genetic Algorithm","floor":3.0},{"not_picked":["Redo","Auto Shields"],"picked":"Gash","floor":5.0},{"not_picked":["Fusion","Streamline"],"picked":"Sunder","floor":7.0},{"not_picked":["Auto Shields","Sweeping Beam"],"picked":"Glacier","floor":8.0},{"not_picked":["Rebound","Redo"],"picked":"Hello World","floor":10.0},{"not_picked":["Coolheaded","Sweeping Beam"],"picked":"Hologram","floor":11.0},{"not_picked":["Sweeping Beam","Conserve Battery"],"picked":"Blizzard","floor":13.0},{"not_picked":["Multi-Cast","Doom and Gloom"],"picked":"Go for the Eyes","floor":14.0},{"not_picked":["Seek","Electrodynamics"],"picked":"All For One","floor":16.0},{"not_picked":["Storm","Ball Lightning"],"picked":"Defragment","floor":18.0},{"not_picked":["Steam+1","Tempest+1"],"picked":"Chaos+1","floor":20.0},{"not_picked":["Stack","Cold Snap"],"picked":"Hologram","floor":24.0},{"not_picked":["Chaos","Steam","Streamline"],"picked":"Singing Bowl","floor":27.0},{"not_picked":["Steam","Chill","Go for the Eyes"],"picked":"Singing Bowl","floor":28.0},{"not_picked":["Doom and Gloom","Chill+1","Defragment"],"picked":"Singing Bowl","floor":31.0},{"not_picked":["Thunder Strike","Reboot","Buffer"],"picked":"Singing Bowl","floor":33.0},{"not_picked":["Ball Lightning","Loop+1","Heatsinks"],"picked":"Singing Bowl","floor":35.0},{"not_picked":["Coolheaded","Steam","Hologram+1"],"picked":"Singing Bowl","floor":37},{"not_picked":["Compile Driver","Go for the Eyes","Cold Snap+1"],"picked":"Singing Bowl","floor":38},{"not_picked":["Stack","Beam Cell","Ball Lightning+1"],"picked":"Singing Bowl","floor":41},{"not_picked":["Hyperbeam","Leap","Beam Cell+1"],"picked":"Singing Bowl","floor":42},{"not_picked":["Scrape+1","Go for the Eyes+1","Steam Power+1"],"picked":"Singing Bowl","floor":44},{"not_picked":["Redo","Recycle+1","Hello World+1"],"picked":"Singing Bowl","floor":46}],"player_experience":204943,"relics_obtained":[{"floor":11.0,"key":"Art of War"},{"floor":26.0,"key":"Shuriken"},{"floor":27.0,"key":"Singing Bowl"},{"floor":43,"key":"Boot"}],"event_choices":[{"damage_healed":0.0,"max_hp_gain":0.0,"max_hp_loss":0.0,"gold_gain":75.0,"event_name":"FaceTrader","player_choice":"Touch","floor":2.0,"gold_loss":0.0,"damage_taken":7.0},{"damage_healed":0.0,"max_hp_gain":0.0,"max_hp_loss":0.0,"gold_gain":0.0,"event_name":"Wheel of Change","player_choice":"Cursed","floor":19.0,"gold_loss":0.0,"damage_taken":0.0,"cards_obtained":["Decay"]},{"damage_healed":0.0,"max_hp_gain":0.0,"max_hp_loss":0.0,"gold_gain":0.0,"event_name":"Drug Dealer","player_choice":"Obtain J.A.X.","floor":21.0,"gold_loss":0.0,"damage_taken":0.0,"cards_obtained":["J.A.X."]},{"cards_removed":["Decay"],"damage_healed":0.0,"max_hp_gain":0.0,"max_hp_loss":0.0,"gold_gain":0.0,"event_name":"Fountain of Cleansing","player_choice":"Removed Curses","floor":22.0,"gold_loss":0.0,"damage_taken":0.0},{"damage_healed":0.0,"max_hp_gain":0.0,"max_hp_loss":0.0,"gold_gain":0.0,"event_name":"Upgrade Shrine","player_choice":"Upgraded","floor":30.0,"gold_loss":0.0,"damage_taken":0.0,"cards_upgraded":["Glacier"]},{"damage_healed":0,"gold_gain":0,"player_choice":"Ignored","damage_taken":0,"max_hp_gain":0,"max_hp_loss":0,"event_name":"The Moai Head","floor":39,"gold_loss":0},{"damage_healed":0,"gold_gain":0,"cards_transformed":["Defend_B"],"player_choice":"Transformed","damage_taken":0,"max_hp_gain":0,"max_hp_loss":0,"event_name":"Transmorgrifier","floor":45,"gold_loss":0,"cards_obtained":["Meteor Strike"]},{"damage_healed":0,"gold_gain":0,"player_choice":"Paid","damage_taken":0,"relics_obtained":["Red Mask"],"max_hp_gain":0,"max_hp_loss":0,"event_name":"Tomb of Lord Red Mask","floor":48,"gold_loss":18}],"is_beta":false,"boss_relics":[{"not_picked":["Busted Crown","Orrery"],"picked":"Fusion Hammer"},{"not_picked":["Black Star","Eternal Feather"],"picked":"Lizard Tail"}],"items_purged_floors":[4,29,47],"is_endless":false,"potions_floor_spawned":[5,7,10,13,14,27,28,37,46],"killed_by":"Time Eater","ascension_level":2}