{"gold_per_floor":[112,112,124,74,86,86,106,106,174,206,223,234,109,109,109,109],"floor_reached":16,"playtime":687,"items_purged":["Strike_B"],"score":128,"play_id":"6f13a6d8-9969-4f0f-9ff8-d648531edf0f","local_time":"20190722214506","is_ascension_mode":true,"campfire_choices":[{"data":"Consume","floor":6,"key":"SMITH"},{"data":"Zap","floor":8,"key":"SMITH"},{"floor":15,"key":"REST"}],"neow_cost":"NONE","seed_source_timestamp":1051024906986109,"circlet_count":0,"master_deck":["Strike_B","Strike_B","Defend_B","Defend_B","Defend_B","Defend_B","Zap+1","Dualcast","Consume+1","FTL","FTL","Static Discharge","Skim","Steam","Coolheaded"],"relics":["Cracked Core","Juzu Bracelet","Bottled Lightning","DataDisk"],"potions_floor_usage":[],"damage_taken":[{"damage":3,"enemies":"Jaw Worm","floor":1,"turns":5},{"damage":1,"enemies":"2 Louse","floor":3,"turns":3},{"damage":0,"enemies":"Small Slimes","floor":5,"turns":3},{"damage":15,"enemies":"Gremlin Gang","floor":7,"turns":5},{"damage":30,"enemies":"Lagavulin","floor":10,"turns":4},{"damage":17,"enemies":"Exordium Thugs","floor":11,"turns":4},{"damage":0,"enemies":"Exordium Wildlife","floor":12,"turns":3},{"damage":66,"enemies":"The Guardian","floor":16,"turns":7}],"seed_played":"266166018629426988","potions_obtained":[{"floor":1,"key":"AttackPotion"},{"floor":5,"key":"Ancient Potion"},{"floor":11,"key":"Weak Potion"}],"is_trial":false,"path_per_floor":["M","?","M","?","M","R","M","R","T","E","M","M","$","?","R","B"],"character_chosen":"DEFECT","items_purchased":["Coolheaded"],"campfire_rested":1,"item_purchase_floors":[13],"current_hp_per_floor":[72,77,76,76,76,76,61,61,61,31,14,14,14,14,38,0],"gold":109,"neow_bonus":"RANDOM_COMMON_RELIC","is_prod":false,"is_daily":false,"chose_seed":false,"campfire_upgraded":2,"win_rate":0,"timestamp":1563857106,"path_taken":["M","?","M","?","M","R","M","R","T","E","M","M","?","?","R","BOSS"],"build_version":"2019-07-17","purchased_purges":1,"victory":false,"max_hp_per_floor":[75,80,80,80,80,80,80,80,80,80,80,80,80,80,80,80],"card_choices":[{"not_picked":["Cold Snap","Turbo"],"picked":"Consume","floor":1},{"not_picked":["Fusion","Scrape"],"picked":"FTL","floor":3},{"not_picked":["Hologram","Redo"],"picked":"FTL","floor":5},{"not_picked":["Redo","Steam"],"picked":"Static Discharge","floor":7},{"not_picked":["Seek","Ball Lightning"],"picked":"Skim","floor":10},{"not_picked":["Barrage","Ball Lightning"],"picked":"Steam","floor":11},{"not_picked":["Sweeping Beam","Go for the Eyes","Turbo"],"picked":"SKIP","floor":12}],"player_experience":190583,"relics_obtained":[{"floor":9,"key":"Bottled Lightning"},{"floor":10,"key":"DataDisk"}],"event_choices":[{"damage_healed":0,"gold_gain":0,"player_choice":"Donut","damage_taken":0,"max_hp_gain":5,"max_hp_loss":0,"event_name":"Big Fish","floor":2,"gold_loss":0},{"cards_removed":["Strike_B"],"damage_healed":0,"gold_gain":0,"player_choice":"Card Removal","damage_taken":0,"max_hp_gain":0,"max_hp_loss":0,"event_name":"The Cleric","floor":4,"gold_loss":50},{"damage_healed":0,"gold_gain":0,"player_choice":"Ignored","damage_taken":0,"max_hp_gain":0,"max_hp_loss":0,"event_name":"Golden Idol","floor":14,"gold_loss":0}],"is_beta":false,"boss_relics":[],"items_purged_floors":[13],"is_endless":false,"potions_floor_spawned":[1,5,11],"killed_by":"The Guardian","ascension_level":5}