{"gold_per_floor":[119,130,150,150,165,192,192,192,238,251,251,96,128,128,128,227,227,207,153,167,167,39,71,88,88,113,145,63,63,63,63,63,63],"floor_reached":33,"playtime":1333,"items_purged":["Shame"],"score":291,"play_id":"42390470-0462-4ff1-95eb-1512efd24603","local_time":"20190908135307","is_ascension_mode":false,"campfire_choices":[{"floor":7,"key":"REST"},{"data":"Uppercut","floor":11,"key":"SMITH"},{"data":"Perfected Strike","floor":15,"key":"SMITH"},{"floor":30,"key":"REST"},{"data":"Barricade","floor":32,"key":"SMITH"}],"neow_cost":"NONE","seed_source_timestamp":2211902152169584,"circlet_count":0,"master_deck":["Strike_R","Strike_R","Strike_R+1","Strike_R","Strike_R","Defend_R","Defend_R","Defend_R","Defend_R","Bash","Ghostly Armor+1","Spot Weakness+1","Perfected Strike+1","Uppercut+1","Pommel Strike","Offering+1","Barricade+1","Body Slam","True Grit+1","Immolate+1","Armaments+1","Shrug It Off+1","Entrench+1","Enlightenment+1"],"relics":["Burning Blood","Red Skull","Darkstone Periapt","Orichalcum","Toxic Egg 2","Bag of Marbles","Strawberry","Juzu Bracelet","Black Star","Matryoshka","Gremlin Horn","Vajra","MutagenicStrength","War Paint","Dream Catcher","Whetstone","Regal Pillow"],"potions_floor_usage":[10,10,16,16,16,23,23],"damage_taken":[{"damage":16,"enemies":"Jaw Worm","floor":1,"turns":5},{"damage":6,"enemies":"Cultist","floor":2,"turns":4},{"damage":0,"enemies":"2 Louse","floor":3,"turns":4},{"damage":20,"enemies":"Large Slime","floor":5,"turns":8},{"damage":53,"enemies":"Lagavulin","floor":6,"turns":7},{"damage":4,"enemies":"Lots of Slimes","floor":10,"turns":6},{"damage":23,"enemies":"3 Sentries","floor":13,"turns":8},{"damage":34,"enemies":"The Guardian","floor":16,"turns":7},{"damage":16,"enemies":"2 Thieves","floor":18,"turns":4},{"damage":6,"enemies":"Chosen","floor":20,"turns":3},{"damage":25,"enemies":"Book of Stabbing","floor":23,"turns":6},{"damage":13,"enemies":"Centurion and Healer","floor":24,"turns":7},{"damage":35,"enemies":"Gremlin Leader","floor":27,"turns":7},{"damage":94,"enemies":"Collector","floor":33,"turns":7}],"seed_played":"1779253997290525583","potions_obtained":[{"floor":1,"key":"SpeedPotion"},{"floor":2,"key":"EssenceOfSteel"},{"floor":6,"key":"BloodPotion"},{"floor":10,"key":"Poison Potion"},{"floor":14,"key":"EssenceOfSteel"},{"floor":14,"key":"Weak Potion"},{"floor":16,"key":"Explosive Potion"},{"floor":18,"key":"EssenceOfSteel"},{"floor":27,"key":"FearPotion"}],"is_trial":false,"path_per_floor":["M","M","M","?","M","E","R","?","T","M","R","$","E","?","R","B",null,"M","$","M","?","$","E","M","?","T","E","$","?","R","?","R","B"],"character_chosen":"IRONCLAD","items_purchased":["Strawberry","True Grit+1","Armaments+1","Enlightenment+1"],"campfire_rested":2,"item_purchase_floors":[12,19,22,28],"current_hp_per_floor":[70,70,76,76,62,15,39,39,39,61,61,68,51,51,51,23,87,77,77,77,83,83,64,57,57,57,28,28,28,70,93,93,0],"gold":63,"neow_bonus":"RANDOM_COMMON_RELIC","is_prod":false,"is_daily":false,"chose_seed":false,"campfire_upgraded":3,"win_rate":0,"timestamp":1567943587,"path_taken":["M","M","M","?","?","E","R","?","T","M","R","$","E","?","R","BOSS","M","$","M","?","$","E","M","?","T","E","$","?","R","?","R","BOSS"],"build_version":"2019-07-17","purchased_purges":1,"victory":false,"max_hp_per_floor":[80,80,80,80,80,80,80,80,80,80,80,87,87,87,87,87,87,87,87,87,93,93,93,93,93,93,93,93,93,93,93,93,93],"card_choices":[{"not_picked":["Wild Strike","Body Slam"],"picked":"Ghostly Armor","floor":1},{"not_picked":["Heavy Blade","Flex"],"picked":"Spot Weakness","floor":2},{"not_picked":["Ghostly Armor","Headbutt"],"picked":"Perfected Strike","floor":3},{"not_picked":["Sword Boomerang","Corruption","Rage"],"picked":"SKIP","floor":5},{"not_picked":["Berserk","Clash"],"picked":"Uppercut","floor":6},{"not_picked":["Cleave","Havoc+1"],"picked":"Pommel Strike","floor":10},{"not_picked":["Thunderclap","Clothesline"],"picked":"Offering+1","floor":13},{"not_picked":["Double Tap+1","Dark Embrace"],"picked":"Barricade","floor":16},{"not_picked":["Heavy Blade+1","Sword Boomerang"],"picked":"Body Slam","floor":18},{"not_picked":["True Grit+1","Whirlwind"],"picked":"Immolate","floor":20},{"not_picked":["Clothesline","Heavy Blade","Dropkick+1"],"picked":"SKIP","floor":23},{"not_picked":["Armaments+1","Sever Soul+1"],"picked":"Shrug It Off+1","floor":24},{"not_picked":["Heavy Blade","Reaper"],"picked":"Entrench+1","floor":27}],"player_experience":179101,"relics_obtained":[{"floor":6,"key":"Orichalcum"},{"floor":9,"key":"Bag of Marbles"},{"floor":13,"key":"Juzu Bracelet"},{"floor":23,"key":"Gremlin Horn"},{"floor":23,"key":"Vajra"},{"floor":26,"key":"War Paint"},{"floor":26,"key":"Dream Catcher"},{"floor":27,"key":"Whetstone"},{"floor":27,"key":"Regal Pillow"}],"event_choices":[{"damage_healed":0,"gold_gain":0,"player_choice":"Gave Potion","damage_taken":0,"relics_obtained":["Darkstone Periapt"],"max_hp_gain":0,"max_hp_loss":0,"event_name":"WeMeetAgain","floor":4,"gold_loss":0},{"damage_healed":0,"gold_gain":0,"player_choice":"Searched \u00271\u0027 times","damage_taken":0,"relics_obtained":["Toxic Egg 2"],"max_hp_gain":0,"max_hp_loss":0,"event_name":"Dead Adventurer","floor":8,"gold_loss":0},{"damage_healed":0,"gold_gain":0,"player_choice":"Got Potions","damage_taken":0,"max_hp_gain":0,"max_hp_loss":0,"event_name":"Lab","floor":14,"gold_loss":0},{"damage_healed":0,"gold_gain":0,"player_choice":"Stole Relic","damage_taken":0,"relics_obtained":["Matryoshka"],"max_hp_gain":0,"max_hp_loss":0,"event_name":"Addict","floor":21,"gold_loss":0,"cards_obtained":["Shame"]},{"damage_healed":0,"gold_gain":0,"player_choice":"Inject Mutagens","damage_taken":0,"relics_obtained":["MutagenicStrength"],"max_hp_gain":0,"max_hp_loss":0,"event_name":"Drug Dealer","floor":25,"gold_loss":0},{"damage_healed":0,"gold_gain":0,"player_choice":"Ignored","damage_taken":0,"max_hp_gain":0,"max_hp_loss":0,"event_name":"N\u0027loth","floor":29,"gold_loss":0},{"damage_healed":31,"gold_gain":0,"player_choice":"Heal","damage_taken":0,"max_hp_gain":0,"max_hp_loss":0,"event_name":"The Library","floor":31,"gold_loss":0}],"is_beta":false,"boss_relics":[{"not_picked":["Coffee Dripper","Pandora\u0027s Box"],"picked":"Black Star"}],"items_purged_floors":[22],"is_endless":false,"potions_floor_spawned":[1,2,6,10,16,18,27],"killed_by":"Collector","ascension_level":0}