{"path_per_floor":["M","$","M","M","?","R","M","R","T","M","?","R","M","?","R","B",null,"M","?","$","?","M","R"],"character_chosen":"THE_SILENT","items_purchased":["Outmaneuver","Meat on the Bone","Accuracy"],"gold_per_floor":[114,60,80,90,70,70,87,87,117,128,128,128,146,175,175,295,295,310,310,0,0,19,19],"floor_reached":24,"campfire_rested":5,"playtime":2086,"current_hp_per_floor":[61,61,51,49,49,70,49,70,70,63,46,67,61,55,70,7,70,42,42,42,42,36,57],"items_purged":[],"gold":19,"score":186,"play_id":"a425fa05-192e-4970-a440-5fdf9064d926","is_prod":false,"is_daily":false,"is_ascension_mode":false,"campfire_upgraded":0,"path_taken":["M","$","M","M","?","R","?","R","T","M","?","R","?","?","R","BOSS","M","?","$","?","M","R","E"],"build_version":"2018-02-12-PROD1","purchased_purges":0,"victory":false,"master_deck":["Defend_G","Defend_G","Defend_G","Defend_G","Strike_G","Strike_G","Strike_G","Strike_G","Strike_G","Survivor","Neutralize","Noxious Fumes","Outmaneuver","Outmaneuver","Flying Knee","Leg Sweep","Riddle With Holes","Flying Knee","Terror","Storm of Steel","Backflip+1","Riddle With Holes","Accuracy","Predator","Dagger Throw"],"max_hp_per_floor":[70,70,70,70,70,70,70,70,70,70,70,70,70,70,70,70,70,70,70,70,70,70,70],"relics":["Snecko Eye","Tiny Chest","Golden Idol","Odd Mushroom","Velvet Choker","Meat on the Bone"],"card_choices":[{"not_picked":["Leg Sweep","Cloak And Dagger"],"picked":"Noxious Fumes"},{"not_picked":["Leg Sweep","Expertise"],"picked":"Outmaneuver"},{"not_picked":["Dagger Spray","Dagger Throw"],"picked":"Flying Knee"},{"not_picked":["Deflect","Masterful Stab"],"picked":"Leg Sweep"},{"not_picked":["Sucker Punch","Endless Agony"],"picked":"Riddle With Holes"},{"not_picked":["Slice","PiercingWail"],"picked":"Flying Knee"},{"not_picked":["Underhanded Strike","Masterful Stab"],"picked":"Terror"},{"not_picked":["Night Terror","After Image"],"picked":"Storm of Steel"},{"not_picked":["Expertise","Outmaneuver"],"picked":"Backflip"},{"not_picked":["Deadly Poison","Dodge and Roll"],"picked":"Dagger Throw"}],"player_experience":85416,"potions_floor_usage":[10,14,14,16,24],"damage_taken":[{"damage":9,"enemies":"Jaw Worm","floor":1,"turns":6},{"damage":10,"enemies":"Blue Slaver","floor":3,"turns":6},{"damage":2,"enemies":"Small Slimes","floor":4,"turns":4},{"damage":21,"enemies":"Gremlin Gang","floor":7,"turns":5},{"damage":7,"enemies":"Looter","floor":10,"turns":4},{"damage":6,"enemies":"3 Louse","floor":13,"turns":5},{"damage":6,"enemies":"The Mushroom Lair","floor":14,"turns":2},{"damage":63,"enemies":"Slime Boss","floor":16,"turns":12},{"damage":28,"enemies":"Spheric Guardian","floor":18,"turns":5},{"damage":18,"enemies":"Chosen","floor":22,"turns":5},{"damage":60,"enemies":"Book of Stabbing","floor":24,"turns":5}],"event_choices":[{"event_name":"The Woman in Blue","player_choice":"Bought 1 Potion","floor":5,"damage_taken":0},{"event_name":"Golden Idol","player_choice":"Take Damage","floor":11,"damage_taken":0},{"event_name":"Mushrooms","player_choice":"Fought Mushrooms","floor":14,"damage_taken":0},{"event_name":"Transmorgrifier","player_choice":"Transform","floor":19,"damage_taken":0},{"event_name":"The Library","player_choice":"Read","floor":21,"damage_taken":0}],"boss_relics":[{"not_picked":["Astrolabe","Orrery"],"picked":"Velvet Choker"}],"potions_floor_spawned":[1,4,7,10,18],"seed_played":"2001089657584221926","killed_by":"Book of Stabbing","ascension_level":0,"is_trial":false}