{"gold_per_floor":[118,133,144,47,60,60,92,92,92,117,133,59,59,78,78,180,180,193,208,307,207,207,207,220,220,246,256,104,119,299,312,312,312],"floor_reached":33,"playtime":3079,"items_purged":["Strike_R","Strike_R","Strike_R"],"score":259,"play_id":"2b4c6116-db8b-4f6a-aa01-93aa079695e2","local_time":"20190207230042","is_ascension_mode":false,"campfire_choices":[{"data":"Cleave","floor":6,"key":"SMITH"},{"data":"Dual Wield","floor":13,"key":"SMITH"},{"floor":15,"key":"REST"},{"data":"Inflame","floor":23,"key":"SMITH"},{"data":"Flex","floor":25,"key":"SMITH"},{"data":"Pommel Strike","floor":32,"key":"SMITH"}],"neow_cost":"NONE","seed_source_timestamp":25197153778549,"circlet_count":0,"master_deck":["Strike_R","Defend_R+1","Defend_R","Defend_R","Defend_R","Bash+1","Shrug It Off","True Grit+1","Cleave+1","True Grit","Inflame+1","Dual Wield+1","Dropkick+1","Flex+1","Reaper","Disarm","Thunderclap","Pommel Strike+1"],"relics":["Burning Blood","War Paint","Self Forming Clay","Busted Crown","Vajra"],"potions_floor_usage":[7,10,14,16,18,19,27,31,33],"damage_taken":[{"damage":6,"enemies":"Cultist","floor":1,"turns":3},{"damage":6,"enemies":"2 Louse","floor":2,"turns":2},{"damage":0,"enemies":"Small Slimes","floor":3,"turns":3},{"damage":12,"enemies":"Exordium Thugs","floor":5,"turns":5},{"damage":10,"enemies":"3 Sentries","floor":7,"turns":9},{"damage":6,"enemies":"Gremlin Nob","floor":10,"turns":4},{"damage":8,"enemies":"2 Fungi Beasts","floor":11,"turns":4},{"damage":5,"enemies":"Lots of Slimes","floor":14,"turns":4},{"damage":57,"enemies":"Hexaghost","floor":16,"turns":10},{"damage":4,"enemies":"Spheric Guardian","floor":18,"turns":6},{"damage":6,"enemies":"Shell Parasite","floor":19,"turns":7},{"damage":15,"enemies":"Snake Plant","floor":24,"turns":4},{"damage":8,"enemies":"Centurion and Healer","floor":27,"turns":5},{"damage":16,"enemies":"Cultist and Chosen","floor":29,"turns":5},{"damage":12,"enemies":"Snake Plant","floor":31,"turns":5},{"damage":71,"enemies":"Automaton","floor":33,"turns":8}],"seed_played":"-2264595401531909674","potions_obtained":[{"floor":2,"key":"Block Potion"},{"floor":3,"key":"SpeedPotion"},{"floor":7,"key":"Strength Potion"},{"floor":14,"key":"SkillPotion"},{"floor":16,"key":"PowerPotion"},{"floor":18,"key":"Block Potion"},{"floor":24,"key":"SkillPotion"},{"floor":27,"key":"Block Potion"},{"floor":29,"key":"Dexterity Potion"}],"is_trial":false,"path_per_floor":["M","M","M","$","M","R","E","?","T","E","M","$","R","M","R","B",null,"M","M","?","$","?","R","M","R","T","M","$","M","?","M","R","B"],"character_chosen":"IRONCLAD","items_purchased":["Cleave","Dropkick","Pommel Strike"],"campfire_rested":1,"item_purchase_floors":[4,12,28],"current_hp_per_floor":[80,80,80,80,74,74,70,70,70,70,68,68,68,69,80,29,80,80,80,80,80,80,80,76,76,76,80,80,80,56,59,59,0],"gold":312,"neow_bonus":"UPGRADE_CARD","is_prod":false,"is_daily":false,"chose_seed":false,"campfire_upgraded":5,"win_rate":0,"timestamp":1549576842,"path_taken":["M","?","M","$","M","R","E","?","T","E","?","?","R","M","R","BOSS","M","M","?","$","?","R","M","R","T","M","$","?","?","?","R","BOSS"],"build_version":"2019-01-23","purchased_purges":3,"victory":false,"max_hp_per_floor":[80,80,80,80,80,80,80,80,80,80,80,80,80,80,80,80,80,80,80,80,80,80,80,80,80,80,80,80,80,80,80,80,80],"card_choices":[{"not_picked":["Warcry","Clash","Havoc"],"picked":"SKIP","floor":1},{"not_picked":["Pummel","Armaments"],"picked":"Shrug It Off","floor":2},{"not_picked":["Searing Blow","Twin Strike"],"picked":"True Grit","floor":3},{"not_picked":["Clash","Sword Boomerang"],"picked":"True Grit","floor":5},{"not_picked":["Flex","Intimidate"],"picked":"Inflame","floor":7},{"not_picked":["Clash","Sword Boomerang"],"picked":"Dual Wield","floor":10},{"not_picked":["Corruption","Burning Pact","Wild Strike"],"picked":"SKIP","floor":11},{"not_picked":["Carnage","Perfected Strike"],"picked":"Flex","floor":14},{"not_picked":["Double Tap","Brutality"],"picked":"Reaper","floor":16},{"not_picked":[],"picked":"Disarm","floor":18},{"not_picked":[],"picked":"Thunderclap","floor":19},{"not_picked":["Armaments"],"picked":"SKIP","floor":24},{"not_picked":["Combust"],"picked":"SKIP","floor":27},{"not_picked":["Burning Pact"],"picked":"SKIP","floor":29},{"not_picked":["Iron Wave"],"picked":"SKIP","floor":31}],"player_experience":773981,"relics_obtained":[{"floor":7,"key":"War Paint"},{"floor":10,"key":"Self Forming Clay"},{"floor":26,"key":"Vajra"}],"event_choices":[{"cards_removed":["Strike_R"],"damage_healed":0,"gold_gain":0,"player_choice":"Offered Basic","damage_taken":0,"max_hp_gain":0,"max_hp_loss":0,"event_name":"Bonfire Elementals","floor":8,"gold_loss":0},{"damage_healed":0,"gold_gain":99,"player_choice":"Stole From Cult","damage_taken":0,"max_hp_gain":0,"max_hp_loss":0,"event_name":"Nest","floor":20,"gold_loss":0},{"damage_healed":0,"gold_gain":0,"player_choice":"Upgraded","damage_taken":0,"max_hp_gain":0,"max_hp_loss":0,"event_name":"Upgrade Shrine","floor":22,"gold_loss":0,"cards_upgraded":["Dropkick"]},{"damage_healed":0,"gold_gain":180,"player_choice":"GOLD GOLD ","damage_taken":24,"max_hp_gain":0,"max_hp_loss":0,"event_name":"Knowing Skull","floor":30,"potions_obtained":[],"gold_loss":0,"cards_obtained":[]}],"is_beta":false,"boss_relics":[{"not_picked":["Velvet Choker","Eternal Feather"],"picked":"Busted Crown"}],"items_purged_floors":[4,21,28],"is_endless":false,"potions_floor_spawned":[2,3,7,14,16,18,24,27,29],"killed_by":"Automaton","ascension_level":0}