{"gold_per_floor":[119,139,158,33,33,33,33,62,87,12,26,36,36,36,36,132,132,147,166,182,15,33,33],"floor_reached":23,"playtime":1529,"items_purged":["Strike_G"],"score":193,"play_id":"a81800d1-8fa4-4f52-a2ed-2e005c447927","local_time":"20190826225744","is_ascension_mode":false,"campfire_choices":[{"data":"Phantasmal Killer","floor":6,"key":"SMITH"},{"floor":13,"key":"REST"},{"floor":15,"key":"REST"}],"neow_cost":"NONE","seed_source_timestamp":1121165827780703,"circlet_count":0,"master_deck":["Strike_G","Strike_G","Strike_G","Defend_G","Defend_G","Defend_G","Defend_G","Defend_G","Survivor","Neutralize+1","Poisoned Stab","Outmaneuver","PiercingWail","Phantasmal Killer+1","Dagger Throw","Acrobatics","Underhanded Strike","Dagger Throw","Glass Knife","Night Terror","Infinite Blades","Blade Dance","Skewer+1","Flying Knee","Backflip"],"relics":["Ring of the Snake","Ancient Tea Set","Strawberry","Sozu","Lantern"],"potions_floor_usage":[],"damage_taken":[{"damage":0,"enemies":"Jaw Worm","floor":1,"turns":6},{"damage":0,"enemies":"2 Louse","floor":2,"turns":2},{"damage":0,"enemies":"Cultist","floor":3,"turns":4},{"damage":38,"enemies":"Gremlin Nob","floor":8,"turns":5},{"damage":8,"enemies":"Large Slime","floor":11,"turns":6},{"damage":12,"enemies":"Blue Slaver","floor":12,"turns":5},{"damage":38,"enemies":"Hexaghost","floor":16,"turns":11},{"damage":4,"enemies":"3 Byrds","floor":18,"turns":5},{"damage":21,"enemies":"Spheric Guardian","floor":19,"turns":4},{"damage":31,"enemies":"Centurion and Healer","floor":20,"turns":7},{"damage":12,"enemies":"Snecko","floor":22,"turns":4},{"damage":27,"enemies":"Book of Stabbing","floor":23,"turns":4}],"seed_played":"5707178886230541696","potions_obtained":[{"floor":2,"key":"Dexterity Potion"},{"floor":3,"key":"Strength Potion"},{"floor":11,"key":"Fruit Juice"}],"is_trial":false,"path_per_floor":["M","M","M","$","?","R","?","E","T","$","M","M","R","?","R","B",null,"M","M","M","$","M","E"],"character_chosen":"THE_SILENT","items_purchased":["Phantasmal Killer","Dagger Throw","Lantern","Flying Knee"],"campfire_rested":2,"item_purchase_floors":[4,4,21,21],"current_hp_per_floor":[70,70,70,70,70,70,63,25,32,32,24,12,35,35,58,20,77,73,52,21,21,9,0],"gold":33,"neow_bonus":"UPGRADE_CARD","is_prod":false,"is_daily":false,"chose_seed":false,"campfire_upgraded":1,"win_rate":0.0,"timestamp":1566853064,"path_taken":["M","M","M","$","?","R","?","E","T","$","M","M","R","?","R","BOSS","M","M","M","$","M","E"],"build_version":"2019-07-17","purchased_purges":1,"victory":false,"max_hp_per_floor":[70,70,70,70,70,70,70,70,77,77,77,77,77,77,77,77,77,77,77,77,77,77,77],"card_choices":[{"not_picked":["Escape Plan","Reflex"],"picked":"Poisoned Stab","floor":1},{"not_picked":["Tactician","Prepared"],"picked":"Outmaneuver","floor":2},{"not_picked":["Masterful Stab","Poisoned Stab"],"picked":"PiercingWail","floor":3},{"not_picked":["PiercingWail","Well Laid Plans"],"picked":"Acrobatics","floor":8},{"not_picked":["Deflect","Sucker Punch"],"picked":"Underhanded Strike","floor":11},{"not_picked":["Endless Agony","Acrobatics"],"picked":"Dagger Throw","floor":12},{"not_picked":["Burst","Adrenaline"],"picked":"Night Terror","floor":16},{"not_picked":["Acrobatics","Prepared"],"picked":"Infinite Blades","floor":18},{"not_picked":["Reflex+1","Skewer"],"picked":"Blade Dance","floor":19},{"not_picked":["Crippling Poison","Catalyst"],"picked":"Skewer+1","floor":20},{"not_picked":["Blade Dance","Calculated Gamble+1"],"picked":"Backflip","floor":22}],"player_experience":29407,"relics_obtained":[{"floor":8,"key":"Ancient Tea Set"},{"floor":9,"key":"Strawberry"}],"event_choices":[{"damage_healed":0,"gold_gain":0,"player_choice":"Ignored","damage_taken":0,"max_hp_gain":0,"max_hp_loss":0,"event_name":"Liars Game","floor":5,"gold_loss":0},{"cards_removed":["Strike_G"],"damage_healed":0,"gold_gain":0,"player_choice":"Card Removal","damage_taken":7,"max_hp_gain":0,"max_hp_loss":0,"event_name":"Golden Wing","floor":7,"gold_loss":0},{"damage_healed":0,"gold_gain":0,"player_choice":"1 cards matched","damage_taken":0,"max_hp_gain":0,"max_hp_loss":0,"event_name":"Match and Keep!","floor":14,"gold_loss":0,"cards_obtained":["Glass Knife"]}],"is_beta":false,"boss_relics":[{"not_picked":["Eternal Feather","HoveringKite"],"picked":"Sozu"}],"items_purged_floors":[10],"is_endless":false,"potions_floor_spawned":[2,3,11,18],"killed_by":"Book of Stabbing","ascension_level":0}