{"gold_per_floor":[110,42,57,74,85,85,35,35,35,51,78,51,83,95,107,221,233,265,294,506,529,541,553,576,65,65,65,83,83,83,183,183,282,282,302,302],"floor_reached":36,"playtime":3401,"items_purged":["Defend_G"],"score":397,"play_id":"d344334a-eb8e-4041-bb0e-936cc9360031","local_time":"20190124233822","is_ascension_mode":false,"campfire_choices":[{"data":"Accuracy","floor":6,"key":"SMITH"},{"data":"Infinite Blades","floor":8,"key":"SMITH"},{"data":"Cloak And Dagger","floor":15,"key":"SMITH"},{"data":"Cloak And Dagger","floor":23,"key":"SMITH"},{"floor":27,"key":"REST"},{"floor":29,"key":"DIG"},{"floor":32,"key":"REST"}],"neow_cost":"CURSE","seed_source_timestamp":44764279092871,"circlet_count":0,"master_deck":["Defend_G","Defend_G","Defend_G","Defend_G","Survivor","Neutralize","Malaise","Expertise","Infinite Blades+1","Cloak And Dagger+1","Accuracy+1","Blade Dance","Cloak And Dagger+1","Accuracy","Phantasmal Killer","Infinite Blades","Bite","Bite","Bite","Bite","Bite","Envenom+1"],"relics":["Ring of the Snake","Letter Opener","Kunai","MawBank","Philosopher\u0027s Stone","Meat on the Bone","MealTicket","Shovel","Snake Skull","MutagenicStrength","Pocketwatch","Frozen Egg 2","Cursed Key"],"potions_floor_usage":[4,11,13,18,28,31,33,35],"damage_taken":[{"damage":1,"enemies":"Cultist","floor":1,"turns":5},{"damage":2,"enemies":"Small Slimes","floor":3,"turns":6},{"damage":0,"enemies":"Jaw Worm","floor":4,"turns":3},{"damage":7,"enemies":"Looter","floor":5,"turns":5},{"damage":7,"enemies":"Gremlin Gang","floor":10,"turns":5},{"damage":8,"enemies":"Lagavulin","floor":11,"turns":5},{"damage":11,"enemies":"3 Sentries","floor":13,"turns":5},{"damage":14,"enemies":"The Guardian","floor":16,"turns":9},{"damage":9,"enemies":"Shell Parasite","floor":18,"turns":3},{"damage":19,"enemies":"2 Thieves","floor":19,"turns":4},{"damage":14,"enemies":"3 Cultists","floor":21,"turns":5},{"damage":15,"enemies":"Sentry and Sphere","floor":24,"turns":3},{"damage":15,"enemies":"Centurion and Healer","floor":28,"turns":4},{"damage":23,"enemies":"Colosseum Slavers","floor":31,"turns":4},{"damage":25,"enemies":"Colosseum Nobs","floor":31,"turns":4},{"damage":33,"enemies":"Champ","floor":33,"turns":7},{"damage":28,"enemies":"3 Darklings","floor":35,"turns":3},{"damage":47,"enemies":"2 Orb Walkers","floor":36,"turns":3}],"seed_played":"868061011057269159","potions_obtained":[{"floor":1,"key":"FearPotion"},{"floor":4,"key":"GamblersBrew"},{"floor":10,"key":"Block Potion"},{"floor":11,"key":"FearPotion"},{"floor":24,"key":"SkillPotion"},{"floor":28,"key":"Weak Potion"},{"floor":31,"key":"SneckoOil"},{"floor":33,"key":"Poison Potion"}],"is_trial":false,"path_per_floor":["M","$","M","M","M","R","?","R","T","M","E","$","E","?","R","B",null,"M","M","?","M","?","R","M","$","T","R","M","R","?","?","R","B",null,"M","?"],"character_chosen":"THE_SILENT","items_purchased":["Infinite Blades","Cloak And Dagger","Meat on the Bone","MealTicket"],"campfire_rested":2,"item_purchase_floors":[2,12,25,25],"current_hp_per_floor":[69,69,67,67,60,60,60,60,60,53,45,45,34,34,34,20,67,58,39,39,25,25,25,16,16,16,29,34,34,34,28,41,32,46,34,0],"gold":302,"neow_bonus":"THREE_RARE_CARDS","is_prod":false,"is_daily":false,"chose_seed":false,"campfire_upgraded":4,"win_rate":0,"timestamp":1548369502,"path_taken":["M","$","M","?","M","R","?","R","T","M","E","?","E","?","R","BOSS","M","?","?","?","?","R","M","?","T","R","?","R","?","?","R","BOSS","M","?"],"build_version":"2019-01-23","purchased_purges":1,"victory":false,"max_hp_per_floor":[70,70,70,70,70,70,67,67,67,67,67,67,67,67,67,67,67,67,67,67,67,46,46,46,46,46,46,46,46,46,46,46,46,46,46,46],"card_choices":[{"not_picked":["Phantasmal Killer","Tools of the Trade"],"picked":"Malaise","floor":0},{"not_picked":["Quick Slash","PiercingWail"],"picked":"Expertise","floor":1},{"not_picked":["Outmaneuver","Poisoned Stab","Eviscerate"],"picked":"SKIP","floor":3},{"not_picked":["Setup","Sucker Punch"],"picked":"Cloak And Dagger","floor":4},{"not_picked":["Blade Dance","Dagger Spray"],"picked":"Accuracy","floor":5},{"not_picked":["Doppelganger","Sucker Punch"],"picked":"Blade Dance","floor":10},{"not_picked":["Acrobatics","PiercingWail","Endless Agony"],"picked":"SKIP","floor":11},{"not_picked":["Sucker Punch","Cloak And Dagger"],"picked":"Accuracy","floor":13},{"not_picked":["Glass Knife","Bullet Time"],"picked":"Phantasmal Killer","floor":16},{"not_picked":["Underhanded Strike","Dodge and Roll+1"],"picked":"Infinite Blades","floor":18},{"not_picked":["All Out Attack","Deadly Poison+1","Backflip"],"picked":"SKIP","floor":19},{"not_picked":["Masterful Stab","Riddle With Holes+1","Slice+1"],"picked":"SKIP","floor":21},{"not_picked":["Predator+1","Backflip","Eviscerate"],"picked":"SKIP","floor":24},{"not_picked":["Outmaneuver","Escape Plan+1","Setup+1"],"picked":"SKIP","floor":28},{"not_picked":["After Image+1","Adrenaline"],"picked":"Envenom+1","floor":33},{"not_picked":["Quick Slash+1","Deadly Poison+1","Backflip+1"],"picked":"SKIP","floor":35}],"player_experience":616334,"relics_obtained":[{"floor":9,"key":"Letter Opener"},{"floor":11,"key":"Kunai"},{"floor":13,"key":"MawBank"},{"floor":26,"key":"Shovel"},{"floor":29,"key":"Snake Skull"},{"floor":31,"key":"Pocketwatch"},{"floor":31,"key":"Frozen Egg 2"}],"event_choices":[{"cards_removed":["Parasite"],"damage_healed":0,"gold_gain":0,"player_choice":"Card Removal","damage_taken":0,"max_hp_gain":0,"max_hp_loss":0,"event_name":"The Cleric","floor":7,"gold_loss":50},{"damage_healed":0,"gold_gain":0,"player_choice":"0 cards matched","damage_taken":0,"max_hp_gain":0,"max_hp_loss":0,"event_name":"Match and Keep!","floor":14,"gold_loss":0,"cards_obtained":[]},{"damage_healed":0,"gold_gain":200,"player_choice":"Gold","damage_taken":0,"max_hp_gain":0,"max_hp_loss":0,"event_name":"Wheel of Change","floor":20,"gold_loss":0},{"damage_healed":0,"gold_gain":0,"player_choice":"Became a vampire","damage_taken":0,"max_hp_gain":0,"max_hp_loss":21,"event_name":"Vampires","floor":22,"gold_loss":0,"cards_obtained":["Bite","Bite","Bite","Bite","Bite"]},{"damage_healed":0,"gold_gain":0,"player_choice":"Inject Mutagens","damage_taken":0,"relics_obtained":["MutagenicStrength"],"max_hp_gain":0,"max_hp_loss":0,"event_name":"Drug Dealer","floor":30,"gold_loss":0},{"damage_healed":0,"gold_gain":0,"player_choice":"Fight","damage_taken":0,"max_hp_gain":0,"max_hp_loss":0,"event_name":"Colosseum","floor":31,"gold_loss":0},{"damage_healed":0,"gold_gain":0,"player_choice":"Fought Nobs","damage_taken":0,"max_hp_gain":0,"max_hp_loss":0,"event_name":"Colosseum","floor":31,"gold_loss":0},{"damage_healed":0,"gold_gain":0,"player_choice":"Fight","damage_taken":0,"max_hp_gain":0,"max_hp_loss":0,"event_name":"Mysterious Sphere","floor":36,"gold_loss":0}],"is_beta":false,"boss_relics":[{"not_picked":["Busted Crown","Runic Pyramid"],"picked":"Philosopher\u0027s Stone"},{"not_picked":["Pandora\u0027s Box","Runic Dome"],"picked":"Cursed Key"}],"items_purged_floors":[25],"is_endless":false,"potions_floor_spawned":[1,4,10,11,24,28,31,33],"killed_by":"2 Orb Walkers","ascension_level":0}