{"path_per_floor":["M","M","?","M","M","E","M","M","T","M","M","R","?","?","R","B",null,"M","M","?","?","M","R","?","$","T","?","?","M","R","M","R","B",null,"M","M","?","$"],"character_chosen":"THE_SILENT","items_purchased":["Paper Crane","Art of War","Sucker Punch","Slice","Acrobatics","Dramatic Entrance","Bane"],"gold_per_floor":[110,124,124,134,144,171,189,203,203,220,231,231,406,406,406,508,508,522,541,541,541,553,553,553,4,4,4,4,24,24,43,43,140,140,154,168,168,49],"floor_reached":39,"campfire_rested":5,"playtime":3762,"current_hp_per_floor":[70,68,53,53,53,37,25,21,21,21,21,44,44,44,67,23,77,63,37,37,23,14,38,38,38,38,38,38,4,28,8,32,39,82,44,15,15,15],"items_purged":[],"gold":49,"score":360,"play_id":"bcb8491a-00d5-458a-ae1b-8165726fd5fb","is_prod":false,"is_daily":false,"is_ascension_mode":false,"campfire_upgraded":0,"path_taken":["M","M","?","M","M","E","M","M","T","M","?","R","?","?","R","BOSS","M","M","?","?","M","R","?","$","T","?","?","M","R","M","R","BOSS","M","M","?","$","M"],"build_version":"2018-02-12-PROD1","purchased_purges":0,"victory":false,"master_deck":["Defend_G","Defend_G","Defend_G","Defend_G","Defend_G","Strike_G+1","Strike_G","Strike_G","Strike_G","Strike_G+1","Survivor","Neutralize","Cloak And Dagger","Backstab","Dash","Backflip","Dagger Spray","Finisher","Acrobatics","Deflect","Noxious Fumes","Endless Agony","Storm of Steel","Outmaneuver+1","Flying Knee","Dagger Throw","Outmaneuver+1","Finisher","Sucker Punch","Slice","Acrobatics","Noxious Fumes+1","Sucker Punch+1","Infinite Blades","Finisher","Phantasmal Killer","Normality","Writhe","Clumsy","Sucker Punch+1","Accuracy+1","Dramatic Entrance","Bane"],"max_hp_per_floor":[77,77,77,77,77,77,77,77,77,77,77,77,77,77,77,77,77,77,77,77,82,82,82,82,82,82,82,82,82,82,82,82,82,82,82,82,82,82],"relics":["Ring of the Snake","Strawberry","Dream Catcher","Unceasing Top","Lizard Tail","Paper Crane","Art of War","Bronze Scales","Calling Bell","Lantern","Matryoshka","Snake Skull"],"card_choices":[{"not_picked":["Calculated Gamble","Skewer"],"picked":"Cloak And Dagger"},{"not_picked":["Crippling Poison","Outmaneuver"],"picked":"Backstab"},{"not_picked":["Choke","Distraction"],"picked":"Dash"},{"not_picked":["Deflect","Blade Dance"],"picked":"Backflip"},{"not_picked":["Poisoned Stab","Slice"],"picked":"Dagger Spray"},{"not_picked":["Calculated Gamble","Outmaneuver"],"picked":"Finisher"},{"not_picked":["Die Die Die","Bane"],"picked":"Acrobatics"},{"not_picked":["Dodge and Roll","Leg Sweep"],"picked":"Deflect"},{"not_picked":["Venomology","Bouncing Flask"],"picked":"Noxious Fumes"},{"not_picked":["Dash","Quick Slash"],"picked":"Endless Agony"},{"not_picked":["Phantasmal Killer","Wraith Form"],"picked":"Storm of Steel"},{"not_picked":["Sucker Punch","Calculated Gamble"],"picked":"Outmaneuver"},{"not_picked":["Flechettes","PiercingWail"],"picked":"Flying Knee"},{"not_picked":["PiercingWail","Dodge and Roll"],"picked":"Dagger Throw"},{"not_picked":["Caltrops","Leg Sweep"],"picked":"Outmaneuver"},{"not_picked":["Outmaneuver","Well Laid Plans"],"picked":"Noxious Fumes"},{"not_picked":["Phantasmal Killer","Underhanded Strike"],"picked":"Sucker Punch"},{"not_picked":["Blur","Slice"],"picked":"Infinite Blades"},{"not_picked":["Underhanded Strike","Dagger Spray"],"picked":"Finisher"},{"not_picked":["Wraith Form","Envenom"],"picked":"Phantasmal Killer"},{"not_picked":["Deadly Poison","PiercingWail"],"picked":"Sucker Punch"},{"not_picked":["Dodge and Roll","All Out Attack"],"picked":"Accuracy"}],"player_experience":78955,"potions_floor_usage":[7,11,16,22,33,36],"damage_taken":[{"damage":7,"enemies":"Cultist","floor":1,"turns":6},{"damage":2,"enemies":"Blue Slaver","floor":2,"turns":5},{"damage":0,"enemies":"Jaw Worm","floor":4,"turns":3},{"damage":0,"enemies":"Exordium Wildlife","floor":5,"turns":2},{"damage":16,"enemies":"Gremlin Nob","floor":6,"turns":5},{"damage":12,"enemies":"Large Slime","floor":7,"turns":6},{"damage":4,"enemies":"2 Fungi Beasts","floor":8,"turns":2},{"damage":0,"enemies":"Exordium Wildlife","floor":10,"turns":2},{"damage":0,"enemies":"Large Slime","floor":11,"turns":5},{"damage":44,"enemies":"Hexaghost","floor":16,"turns":14},{"damage":14,"enemies":"3 Byrds","floor":18,"turns":6},{"damage":26,"enemies":"2 Thieves","floor":19,"turns":5},{"damage":21,"enemies":"Snecko","floor":22,"turns":5},{"damage":34,"enemies":"Centurion and Healer","floor":29,"turns":7},{"damage":20,"enemies":"Slaver and Parasite","floor":31,"turns":5},{"damage":76,"enemies":"Automaton","floor":33,"turns":10},{"damage":38,"enemies":"3 Shapes","floor":35,"turns":4},{"damage":44,"enemies":"3 Darklings","floor":36,"turns":7},{"damage":18,"enemies":"Sphere and 2 Shapes","floor":39,"turns":3}],"event_choices":[{"event_name":"Shining Light","player_choice":"Entered Light","floor":3,"damage_taken":0},{"event_name":"Liars Game","player_choice":"agreed","floor":13,"damage_taken":0},{"event_name":"Living Wall","player_choice":"Forget","floor":14,"damage_taken":0},{"event_name":"Cursed Tome","player_choice":"Ignored","floor":20,"damage_taken":0},{"event_name":"Forgotten Altar","player_choice":"Shed Blood","floor":21,"damage_taken":0},{"event_name":"The Library","player_choice":"Read","floor":24,"damage_taken":0},{"event_name":"Vampires","player_choice":"Ignored","floor":27,"damage_taken":0},{"event_name":"Addict","player_choice":"Ignored","floor":28,"damage_taken":0},{"event_name":"Mysterious Sphere","player_choice":"Ignore","floor":37,"damage_taken":0}],"boss_relics":[{"not_picked":["Runic Pyramid","Runic Dome"],"picked":"Lizard Tail"},{"not_picked":["Black Star","Cursed Key"],"picked":"Calling Bell"}],"potions_floor_spawned":[1,6,8,10,19,29,35],"seed_played":"-7821669467739538800","killed_by":"Sphere and 2 Shapes","ascension_level":0,"is_trial":false}