{"gold_per_floor":[119,119,130,142,155,189,189,214,214,227,237,250,78,95,95,196,196,209,27,45,58,74,74,74],"floor_reached":24,"playtime":1852,"items_purged":["Defend_R","Defend_R"],"score":214,"play_id":"974dc113-e896-4900-b937-afe53d87a9cd","local_time":"20190829121437","is_ascension_mode":false,"campfire_choices":[{"data":"Bash","floor":7,"key":"SMITH"},{"data":"True Grit","floor":15,"key":"SMITH"},{"floor":23,"key":"REST"}],"neow_cost":"NONE","seed_source_timestamp":1341461432178511,"circlet_count":0,"master_deck":["Strike_R","Strike_R","Strike_R","Strike_R","Defend_R","Defend_R","Bash+1","Reckless Charge","Cleave+1","Iron Wave","Headbutt","Shrug It Off","Feel No Pain","Second Wind","Dual Wield","Seeing Red","True Grit+1","Wild Strike","Impervious","Shockwave","Infernal Blade","Demon Form","True Grit"],"relics":["Burning Blood","Anchor","Lantern","Letter Opener","Mark of Pain"],"potions_floor_usage":[6,16,16,16,20],"damage_taken":[{"damage":3,"enemies":"Jaw Worm","floor":1,"turns":3},{"damage":0,"enemies":"Cultist","floor":3,"turns":2},{"damage":0,"enemies":"2 Louse","floor":4,"turns":3},{"damage":6,"enemies":"2 Fungi Beasts","floor":5,"turns":3},{"damage":6,"enemies":"Gremlin Nob","floor":6,"turns":3},{"damage":20,"enemies":"Lagavulin","floor":8,"turns":7},{"damage":21,"enemies":"Gremlin Gang","floor":10,"turns":5},{"damage":4,"enemies":"Large Slime","floor":11,"turns":5},{"damage":0,"enemies":"3 Louse","floor":12,"turns":2},{"damage":17,"enemies":"Exordium Thugs","floor":14,"turns":5},{"damage":47,"enemies":"The Guardian","floor":16,"turns":20},{"damage":13,"enemies":"Shell Parasite","floor":18,"turns":8},{"damage":14,"enemies":"Spheric Guardian","floor":20,"turns":7},{"damage":30,"enemies":"Snecko","floor":21,"turns":8},{"damage":24,"enemies":"Snake Plant","floor":22,"turns":5},{"damage":47,"enemies":"Sentry and Sphere","floor":24,"turns":5}],"seed_played":"-7350911637135715646","potions_obtained":[{"floor":3,"key":"Fire Potion"},{"floor":5,"key":"SteroidPotion"},{"floor":10,"key":"EssenceOfSteel"},{"floor":16,"key":"Weak Potion"},{"floor":18,"key":"SteroidPotion"}],"is_trial":false,"path_per_floor":["M","?","M","M","M","E","R","E","T","M","M","M","$","M","R","B",null,"M","$","M","M","M","R","M"],"character_chosen":"IRONCLAD","items_purchased":["True Grit","Fire Potion","Shockwave"],"campfire_rested":1,"item_purchase_floors":[13,13,19],"current_hp_per_floor":[80,80,80,80,80,80,80,66,66,51,53,59,59,48,48,7,80,73,73,65,41,23,47,0],"gold":74,"neow_bonus":"TRANSFORM_CARD","is_prod":false,"is_daily":false,"chose_seed":false,"campfire_upgraded":2,"win_rate":0,"timestamp":1567073677,"path_taken":["M","?","M","M","M","E","R","E","T","M","M","M","$","?","R","BOSS","M","$","M","M","?","R","M"],"build_version":"2019-07-17","purchased_purges":2,"victory":false,"max_hp_per_floor":[80,80,80,80,80,80,80,80,80,80,80,80,80,80,80,80,80,80,80,80,80,80,80,80],"card_choices":[{"not_picked":["Armaments","True Grit"],"picked":"Cleave","floor":1},{"not_picked":["Thunderclap","Searing Blow"],"picked":"Iron Wave","floor":3},{"not_picked":["Dropkick","Inflame"],"picked":"Headbutt","floor":4},{"not_picked":["Body Slam","Barricade"],"picked":"Shrug It Off","floor":5},{"not_picked":["Body Slam","Exhume"],"picked":"Feel No Pain","floor":6},{"not_picked":["Iron Wave","Heavy Blade"],"picked":"Second Wind","floor":8},{"not_picked":["Cleave","Wild Strike"],"picked":"Dual Wield","floor":10},{"not_picked":["Shockwave","Heavy Blade"],"picked":"Seeing Red","floor":11},{"not_picked":["Cleave","Fire Breathing","Body Slam"],"picked":"SKIP","floor":12},{"not_picked":["True Grit","Rupture"],"picked":"Wild Strike","floor":14},{"not_picked":["Dark Embrace","Limit Break"],"picked":"Impervious","floor":16},{"not_picked":["Clothesline","Iron Wave","Twin Strike"],"picked":"SKIP","floor":18},{"not_picked":["Seeing Red","Twin Strike"],"picked":"Infernal Blade","floor":20},{"not_picked":["Cleave","Havoc+1"],"picked":"Demon Form","floor":21},{"not_picked":["Cleave","Thunderclap"],"picked":"True Grit","floor":22}],"player_experience":76026,"relics_obtained":[{"floor":6,"key":"Anchor"},{"floor":8,"key":"Lantern"},{"floor":9,"key":"Letter Opener"}],"event_choices":[{"damage_healed":0,"gold_gain":0,"player_choice":"Upgraded","damage_taken":0,"max_hp_gain":0,"max_hp_loss":0,"event_name":"Upgrade Shrine","floor":2,"gold_loss":0,"cards_upgraded":["Cleave"]}],"is_beta":false,"boss_relics":[{"not_picked":["Runic Pyramid","Runic Dome"],"picked":"Mark of Pain"}],"items_purged_floors":[13,19],"is_endless":false,"potions_floor_spawned":[3,5,10,16,18],"killed_by":"Sentry and Sphere","ascension_level":0}