{"gold_per_floor":[99,99,99,99,99,99,99,99,99,69,69,23,23,23,23,23,23,23,23,23,23,23,23,23,23,23,23,23,23,23],"floor_reached":30,"playtime":1570,"items_purged":[],"score":323,"play_id":"0baa844c-5e54-4921-9657-07524d5054a4","local_time":"20190723210551","is_ascension_mode":true,"campfire_choices":[{"floor":8,"key":"REST"},{"data":"Multi-Cast","floor":15,"key":"SMITH"},{"floor":23,"key":"REST"}],"neow_cost":"NONE","seed_source_timestamp":1134184974967048,"circlet_count":0,"master_deck":["Strike_B","Strike_B+1","Defend_B","Defend_B","Defend_B","Defend_B","Zap+1","Dualcast+1","Melter","Ball Lightning","Conserve Battery","Sweeping Beam+1","Doom and Gloom","Coolheaded+1","Conserve Battery","Multi-Cast+1","Rebound","Echo Form","Double Energy","Leap","Capacitor","Redo+1","Steam","Conserve Battery+1"],"relics":["Ectoplasm","Strawberry","Runic Pyramid","Dream Catcher","Whetstone","War Paint"],"potions_floor_usage":[28,30],"damage_taken":[{"damage":0,"enemies":"2 Louse","floor":1,"turns":2},{"damage":1,"enemies":"Cultist","floor":2,"turns":3},{"damage":7,"enemies":"Jaw Worm","floor":3,"turns":2},{"damage":11,"enemies":"Exordium Wildlife","floor":4,"turns":4},{"damage":10,"enemies":"3 Sentries","floor":6,"turns":5},{"damage":9,"enemies":"3 Louse","floor":7,"turns":2},{"damage":1,"enemies":"Looter","floor":10,"turns":3},{"damage":0,"enemies":"Large Slime","floor":11,"turns":3},{"damage":0,"enemies":"Exordium Wildlife","floor":13,"turns":2},{"damage":4,"enemies":"Exordium Thugs","floor":14,"turns":4},{"damage":41,"enemies":"Hexaghost","floor":16,"turns":9},{"damage":15,"enemies":"Shell Parasite","floor":18,"turns":5},{"damage":8,"enemies":"Chosen","floor":21,"turns":5},{"damage":21,"enemies":"Book of Stabbing","floor":24,"turns":4},{"damage":15,"enemies":"Snecko","floor":25,"turns":5},{"damage":22,"enemies":"Cultist and Chosen","floor":27,"turns":5},{"damage":4,"enemies":"Shelled Parasite and Fungi","floor":28,"turns":4},{"damage":11,"enemies":"Snake Plant","floor":30,"turns":2}],"seed_played":"-4304143663512918693","potions_obtained":[{"floor":1,"key":"Swift Potion"},{"floor":2,"key":"Dexterity Potion"},{"floor":6,"key":"Strength Potion"},{"floor":7,"key":"AttackPotion"},{"floor":28,"key":"Poison Potion"}],"is_trial":false,"path_per_floor":["M","M","M","M","?","E","M","R","T","M","M","$","M","M","R","B",null,"M","?","?","M","?","R","E","M","T","M","M","T","M"],"character_chosen":"DEFECT","items_purchased":["Rebound"],"campfire_rested":2,"item_purchase_floors":[12],"current_hp_per_floor":[75,74,67,56,56,53,44,68,68,67,67,67,67,63,63,22,67,52,52,52,44,44,68,47,32,32,10,6,6,0],"gold":23,"neow_bonus":"BOSS_RELIC","is_prod":false,"is_daily":false,"chose_seed":false,"campfire_upgraded":1,"win_rate":0,"timestamp":1563941151,"path_taken":["M","M","M","M","?","E","M","R","T","?","M","$","M","M","R","BOSS","M","?","?","M","?","R","E","M","T","M","M","?","M"],"build_version":"2019-07-17","purchased_purges":0,"victory":false,"max_hp_per_floor":[75,75,75,75,75,82,82,82,82,82,82,82,82,82,82,82,82,82,82,82,82,82,82,82,82,82,82,82,82,82],"card_choices":[{"not_picked":["Self Repair","BootSequence"],"picked":"Melter","floor":1},{"not_picked":["Reinforced Body","Steam"],"picked":"Ball Lightning","floor":2},{"not_picked":["Gash","Tempest"],"picked":"Conserve Battery","floor":3},{"not_picked":["Self Repair","Scrape"],"picked":"Sweeping Beam","floor":4},{"not_picked":["Consume","Loop"],"picked":"Doom and Gloom","floor":6},{"not_picked":["Aggregate","Sunder"],"picked":"Coolheaded","floor":7},{"not_picked":["Stack","Blizzard"],"picked":"Conserve Battery","floor":10},{"not_picked":["Cold Snap","Storm"],"picked":"Multi-Cast","floor":11},{"not_picked":["Go for the Eyes","Streamline","Lockon"],"picked":"SKIP","floor":13},{"not_picked":["Sweeping Beam","Steam","Hologram"],"picked":"SKIP","floor":14},{"not_picked":["Amplify","Electrodynamics"],"picked":"Echo Form","floor":16},{"not_picked":["Sweeping Beam","Go for the Eyes+1"],"picked":"Double Energy","floor":18},{"not_picked":["Go for the Eyes","Cold Snap","Beam Cell"],"picked":"SKIP","floor":21},{"not_picked":["Recycle","Heatsinks"],"picked":"Redo+1","floor":24},{"not_picked":["Ball Lightning","Leap"],"picked":"Steam","floor":25},{"not_picked":["Genetic Algorithm","Reprogram+1"],"picked":"Conserve Battery+1","floor":27},{"not_picked":["Streamline","Reprogram","Go for the Eyes+1"],"picked":"SKIP","floor":28}],"player_experience":194197,"relics_obtained":[{"floor":6,"key":"Strawberry"},{"floor":24,"key":"Dream Catcher"},{"floor":26,"key":"Whetstone"},{"floor":29,"key":"War Paint"}],"event_choices":[{"damage_healed":0,"gold_gain":0,"player_choice":"Upgraded","damage_taken":0,"max_hp_gain":0,"max_hp_loss":0,"event_name":"Upgrade Shrine","floor":5,"gold_loss":0,"cards_upgraded":["Zap"]},{"damage_healed":0,"gold_gain":0,"player_choice":"Ignored","damage_taken":0,"max_hp_gain":0,"max_hp_loss":0,"event_name":"Vampires","floor":19,"gold_loss":0},{"damage_healed":0,"gold_gain":0,"player_choice":"Ignored","damage_taken":0,"max_hp_gain":0,"max_hp_loss":0,"event_name":"The Mausoleum","floor":20,"gold_loss":0},{"damage_healed":0,"gold_gain":0,"cards_transformed":["Strike_B","Strike_B"],"player_choice":"Became Test Subject","damage_taken":0,"max_hp_gain":0,"max_hp_loss":0,"event_name":"Drug Dealer","floor":22,"gold_loss":0,"cards_obtained":["Leap","Capacitor"]}],"is_beta":false,"boss_relics":[{"not_picked":["Philosopher\u0027s Stone","Inserter"],"picked":"Runic Pyramid"}],"items_purged_floors":[],"is_endless":false,"potions_floor_spawned":[1,2,6,7,13,14,21,25,28],"killed_by":"Snake Plant","ascension_level":5}