{"path_per_floor":["M","$","M","M","$","R","E","$","T","R","M","M","E","?","R","B",null,"M","?","?","M","?","E","R","M","T","$","M","R","M","M","R"],"character_chosen":"THE_SILENT","items_purchased":["A Thousand Cuts","Quick Slash","Backflip","Sucker Punch","Finisher","Noxious Fumes","Underhanded Strike"],"gold_per_floor":[118,44,62,82,12,12,46,19,19,19,32,43,69,69,69,173,173,193,93,93,106,106,137,137,155,155,1,15,15,33,46,46],"floor_reached":33,"campfire_rested":5,"playtime":2725,"current_hp_per_floor":[69,69,65,62,62,62,43,43,43,66,64,64,43,36,59,23,77,65,65,65,61,61,36,59,24,24,24,12,35,7,6,29],"items_purged":[],"gold":46,"score":328,"play_id":"62ed1d3d-63d5-440e-a842-b4ee8f0201eb","is_prod":false,"is_daily":false,"is_ascension_mode":false,"campfire_upgraded":1,"path_taken":["M","$","M","M","$","R","E","?","T","R","M","?","E","?","R","BOSS","M","?","?","M","?","E","R","M","T","$","M","R","M","M","R","BOSS"],"build_version":"2018-02-08-PROD1","purchased_purges":0,"victory":false,"master_deck":["Defend_G","Defend_G","Defend_G","Defend_G","Survivor","Neutralize","Noxious Fumes","A Thousand Cuts+1","Slice","Backflip","Quick Slash","Backflip","Infinite Blades","Sucker Punch","Slice","Riddle With Holes","Dagger Spray","A Thousand Cuts","PiercingWail+1","J.A.X.","Writhe","Expertise","Bite","Bite","Bite","Bite","Bite","Predator","Calculated Gamble","Finisher","Noxious Fumes","Underhanded Strike","Backstab","Flying Knee","Dagger Throw+1"],"max_hp_per_floor":[70,70,70,70,70,70,77,77,77,77,77,77,77,77,77,77,77,77,77,77,77,77,77,77,77,77,77,77,77,77,77,77],"relics":["Ring of the Snake","Strawberry","Tingsha","Mercury Hourglass","Philosopher\u0027s Stone","Vajra","Frozen Eye"],"card_choices":[{"not_picked":["Poisoned Stab","Bane"],"picked":"Noxious Fumes"},{"not_picked":["Well Laid Plans","Underhanded Strike"],"picked":"Slice"},{"not_picked":["Poisoned Stab","Dagger Spray"],"picked":"Backflip"},{"not_picked":["Reflex","Heel Hook"],"picked":"Infinite Blades"},{"not_picked":["Backflip","Underhanded Strike"],"picked":"Slice"},{"not_picked":["Dodge and Roll","Underhanded Strike"],"picked":"Riddle With Holes"},{"not_picked":["Reflex","Dodge and Roll"],"picked":"Dagger Spray"},{"not_picked":["Bullet Time","Phantasmal Killer"],"picked":"A Thousand Cuts"},{"not_picked":["Leg Sweep","Crippling Poison"],"picked":"PiercingWail"},{"not_picked":["Well Laid Plans","Poisoned Stab"],"picked":"Expertise"},{"not_picked":["Underhanded Strike","Outmaneuver"],"picked":"Predator"},{"not_picked":["Skewer","Prepared"],"picked":"Calculated Gamble"},{"not_picked":["Outmaneuver","Sucker Punch"],"picked":"Backstab"},{"not_picked":["Sucker Punch","Bane"],"picked":"Flying Knee"},{"not_picked":["Poisoned Stab","Acrobatics"],"picked":"Dagger Throw"}],"player_experience":42460,"potions_floor_usage":[12,13,16,21,23,30],"damage_taken":[{"damage":1,"enemies":"Blue Slaver","floor":1,"turns":6},{"damage":4,"enemies":"Cultist","floor":3,"turns":5},{"damage":3,"enemies":"Jaw Worm","floor":4,"turns":4},{"damage":26,"enemies":"Gremlin Nob","floor":7,"turns":5},{"damage":2,"enemies":"Looter","floor":11,"turns":4},{"damage":0,"enemies":"Large Slime","floor":12,"turns":4},{"damage":21,"enemies":"Lagavulin","floor":13,"turns":5},{"damage":36,"enemies":"The Guardian","floor":16,"turns":9},{"damage":12,"enemies":"Spheric Guardian","floor":18,"turns":3},{"damage":15,"enemies":"Chosen","floor":21,"turns":4},{"damage":31,"enemies":"Slavers","floor":23,"turns":4},{"damage":43,"enemies":"Snake Plant","floor":25,"turns":4},{"damage":18,"enemies":"Snecko","floor":28,"turns":4},{"damage":34,"enemies":"Slaver and Parasite","floor":30,"turns":5},{"damage":3,"enemies":"Snake Plant","floor":31,"turns":3},{"damage":36,"enemies":"Collector","floor":33,"turns":3}],"event_choices":[{"event_name":"Golden Wing","player_choice":"Card Removal","floor":14,"damage_taken":0},{"event_name":"Drug Dealer","player_choice":"Got JAXXED","floor":19,"damage_taken":0},{"event_name":"The Mausoleum","player_choice":"Yes","floor":20,"damage_taken":0},{"event_name":"Vampires","player_choice":"Became a vampire (Vial)","floor":22,"damage_taken":0}],"boss_relics":[{"not_picked":["Tiny House","Sozu"],"picked":"Philosopher\u0027s Stone"}],"potions_floor_spawned":[3,7,13,16,18,23],"seed_played":"6949195931755375090","killed_by":"Collector","ascension_level":0,"is_trial":false}