{"gold_per_floor":[114,114,189,189,53,97,97,115,162,176,176,146,165,190,190,316,316,337,351,351,351,207,247,247,261,284,324,348,348,194,207,207,335,335,359,359,88,109,130,130,130],"floor_reached":41,"playtime":4641,"items_purged":["Strike_G","Strike_G","Defend_G"],"score":486,"play_id":"372ab5e6-3436-4c98-8559-ee7ac06e2c36","local_time":"20190127013956","is_ascension_mode":false,"campfire_choices":[{"data":"Footwork","floor":7,"key":"SMITH"},{"data":"Noxious Fumes","floor":11,"key":"SMITH"},{"data":"Neutralize","floor":15,"key":"SMITH"},{"data":"Footwork","floor":24,"key":"SMITH"},{"floor":29,"key":"RECALL"},{"floor":32,"key":"REST"}],"neow_cost":"NONE","seed_source_timestamp":26115954194309,"circlet_count":0,"master_deck":["Defend_G","Defend_G","Defend_G","Defend_G","Strike_G","Strike_G+1","Strike_G","Survivor+1","Neutralize+1","Noxious Fumes+1","Footwork+1","Backflip","Bane","Dagger Spray","Blur","Terror","Dodge and Roll","Caltrops","Envenom","Prepared+1","Footwork+1","Leg Sweep+1","Blur+1","Backflip","Acrobatics","Malaise","Dash"],"relics":["Ring of the Snake","NeowsBlessing","Golden Idol","Ginger","Ancient Tea Set","Velvet Choker","Blue Candle","Ice Cream","Runic Pyramid","Art of War"],"potions_floor_usage":[16,16,23,23,27,33,35,39,40,40],"damage_taken":[{"damage":0,"enemies":"2 Louse","floor":1,"turns":1},{"damage":0,"enemies":"3 Sentries","floor":6,"turns":2},{"damage":0,"enemies":"Small Slimes","floor":8,"turns":1},{"damage":1,"enemies":"Cultist","floor":10,"turns":4},{"damage":0,"enemies":"Looter","floor":12,"turns":4},{"damage":0,"enemies":"Exordium Thugs","floor":13,"turns":5},{"damage":2,"enemies":"Large Slime","floor":14,"turns":8},{"damage":5,"enemies":"Hexaghost","floor":16,"turns":11},{"damage":0,"enemies":"3 Byrds","floor":18,"turns":4},{"damage":15,"enemies":"2 Thieves","floor":19,"turns":4},{"damage":2,"enemies":"Gremlin Leader","floor":23,"turns":8},{"damage":7,"enemies":"Snake Plant","floor":25,"turns":5},{"damage":8,"enemies":"Book of Stabbing","floor":27,"turns":7},{"damage":0,"enemies":"Snecko","floor":28,"turns":7},{"damage":0,"enemies":"Chosen and Byrds","floor":31,"turns":6},{"damage":6,"enemies":"Automaton","floor":33,"turns":13},{"damage":0,"enemies":"Orb Walker","floor":35,"turns":5},{"damage":0,"enemies":"3 Darklings","floor":38,"turns":5},{"damage":1,"enemies":"Sphere and 2 Shapes","floor":39,"turns":8},{"damage":54,"enemies":"Reptomancer","floor":40,"turns":3},{"damage":12,"enemies":"Transient","floor":41,"turns":5}],"seed_played":"5499134870969904126","potions_obtained":[{"floor":1,"key":"Weak Potion"},{"floor":10,"key":"EssenceOfSteel"},{"floor":18,"key":"SpeedPotion"},{"floor":21,"key":"SkillPotion"},{"floor":21,"key":"SmokeBomb"},{"floor":23,"key":"Energy Potion"},{"floor":27,"key":"SkillPotion"},{"floor":28,"key":"SkillPotion"},{"floor":33,"key":"PowerPotion"},{"floor":35,"key":"EssenceOfSteel"}],"is_trial":false,"path_per_floor":["M","?","?","?","$","E","R","M","T","M","R","M","M","M","R","B",null,"M","M","?","?","$","E","R","M","T","E","M","R","$","M","R","B",null,"M","?","$","M","M","E","M"],"character_chosen":"THE_SILENT","items_purchased":["Footwork","Backflip","Footwork","Backflip","Art of War"],"campfire_rested":1,"item_purchase_floors":[5,5,22,30,37],"current_hp_per_floor":[70,65,54,41,41,41,41,41,41,40,40,40,40,38,38,33,65,65,50,50,50,50,48,48,41,41,33,33,33,33,33,52,46,65,65,65,65,65,64,10,0],"gold":130,"neow_bonus":"THREE_ENEMY_KILL","is_prod":false,"is_daily":false,"chose_seed":false,"campfire_upgraded":4,"win_rate":0,"timestamp":1548549596,"path_taken":["M","?","?","?","$","E","R","M","T","M","R","M","M","M","R","BOSS","M","M","?","?","$","E","R","M","T","E","M","R","$","?","R","BOSS","M","?","$","M","M","E","M"],"build_version":"2019-01-23","purchased_purges":3,"victory":false,"max_hp_per_floor":[70,65,65,65,65,65,65,65,65,65,65,65,65,65,65,65,65,65,65,65,65,65,65,65,65,65,65,65,65,65,65,65,65,65,65,65,65,65,65,65,65],"card_choices":[{"not_picked":["Predator","Bane"],"picked":"Noxious Fumes","floor":1},{"not_picked":["Concentrate","Prepared"],"picked":"Bane","floor":6},{"not_picked":["Dodge and Roll","PiercingWail"],"picked":"Dagger Spray","floor":8},{"not_picked":["Quick Slash","Distraction"],"picked":"Blur","floor":10},{"not_picked":["Flying Knee","PiercingWail"],"picked":"Terror","floor":12},{"not_picked":["Flying Knee","Storm of Steel"],"picked":"Dodge and Roll","floor":13},{"not_picked":["Quick Slash","Eviscerate"],"picked":"Caltrops","floor":14},{"not_picked":["Corpse Explosion","After Image"],"picked":"Envenom","floor":16},{"not_picked":["Bouncing Flask","Dodge and Roll"],"picked":"Prepared+1","floor":18},{"not_picked":["All Out Attack","Dagger Throw","Poisoned Stab"],"picked":"SKIP","floor":19},{"not_picked":["Flechettes","Outmaneuver"],"picked":"Leg Sweep+1","floor":23},{"not_picked":["Outmaneuver+1","Tactician+1","Deflect"],"picked":"SKIP","floor":25},{"not_picked":["Unload","Slice","Outmaneuver+1"],"picked":"SKIP","floor":27},{"not_picked":["Deadly Poison","PiercingWail"],"picked":"Blur+1","floor":28},{"not_picked":["Flying Knee","Crippling Poison+1"],"picked":"Acrobatics","floor":31},{"not_picked":["Glass Knife","After Image"],"picked":"Malaise","floor":33},{"not_picked":["Deadly Poison+1","Crippling Poison","Acrobatics"],"picked":"SKIP","floor":35},{"not_picked":["Dodge and Roll","Cloak And Dagger+1","Blade Dance"],"picked":"SKIP","floor":38},{"not_picked":["Backflip","Dagger Throw+1"],"picked":"Dash","floor":39}],"player_experience":664728,"relics_obtained":[{"floor":6,"key":"Ginger"},{"floor":9,"key":"Ancient Tea Set"},{"floor":23,"key":"Blue Candle"},{"floor":27,"key":"Ice Cream"}],"event_choices":[{"damage_healed":0,"gold_gain":0,"player_choice":"Lose Max HP","damage_taken":0,"relics_obtained":["Golden Idol"],"max_hp_gain":0,"max_hp_loss":5,"event_name":"Golden Idol","floor":2,"gold_loss":0},{"damage_healed":0,"gold_gain":75,"player_choice":"Gather Gold","damage_taken":11,"max_hp_gain":0,"max_hp_loss":0,"event_name":"World of Goop","floor":3,"gold_loss":0},{"damage_healed":0,"gold_gain":0,"player_choice":"Entered Light","damage_taken":13,"max_hp_gain":0,"max_hp_loss":0,"event_name":"Shining Light","floor":4,"gold_loss":0,"cards_upgraded":["Strike_G","Survivor"]},{"damage_healed":0,"gold_gain":0,"player_choice":"Ignored","damage_taken":0,"max_hp_gain":0,"max_hp_loss":0,"event_name":"Vampires","floor":20,"gold_loss":0},{"damage_healed":0,"gold_gain":0,"player_choice":"Got Potions","damage_taken":0,"max_hp_gain":0,"max_hp_loss":0,"event_name":"Lab","floor":21,"gold_loss":0},{"damage_healed":0,"gold_gain":0,"player_choice":"0 cards matched","damage_taken":0,"max_hp_gain":0,"max_hp_loss":0,"event_name":"Match and Keep!","floor":36,"gold_loss":0,"cards_obtained":[]}],"is_beta":false,"boss_relics":[{"not_picked":["Black Star","Busted Crown"],"picked":"Velvet Choker"},{"not_picked":["Fusion Hammer","Runic Dome"],"picked":"Runic Pyramid"}],"items_purged_floors":[22,30,37],"is_endless":false,"potions_floor_spawned":[1,10,18,23,27,28,33,35,40],"killed_by":"Transient","ascension_level":0}