{"gold_per_floor":[111,36,50,70,70,40,40,72,72,33,33,33,33,58,58,181,181,202,29,29,50,68,68,82,82,108,144,169,181,213,150,162,304,316,343,355,367,404,53,53,53,66,66,110,20,20,36,57,57,57],"floor_reached":50,"playtime":5717,"items_purged":["Defend_G","Defend_G","Strike_G"],"score":497,"play_id":"db8391d9-a5ce-4ef3-9148-c0fe564bd9bd","local_time":"20190810195832","is_ascension_mode":false,"campfire_choices":[{"data":"Deadly Poison","floor":7,"key":"SMITH"},{"floor":11,"key":"REST"},{"data":"Backflip","floor":15,"key":"SMITH"},{"data":"Catalyst","floor":23,"key":"SMITH"},{"data":"Crippling Poison","floor":25,"key":"SMITH"},{"data":"Outmaneuver","floor":32,"key":"SMITH"},{"data":"Quick Slash","floor":40,"key":"SMITH"},{"data":"Footwork","floor":46,"key":"SMITH"},{"data":"Slice","floor":49,"key":"SMITH"}],"neow_cost":"NONE","seed_source_timestamp":951508505468121,"circlet_count":0,"master_deck":["Strike_G","Defend_G","Survivor","Neutralize","Crippling Poison+1","Deadly Poison+1","Backflip+1","Footwork+1","Endless Agony+1","Catalyst+1","Slice+1","Night Terror","Quick Slash+1","RitualDagger","Outmaneuver+1","Escape Plan+1","PiercingWail+1","Crippling Poison+1","Backflip+1","Bouncing Flask+1","Bullet Time","Caltrops+1","Acrobatics+1","Flechettes+1","Footwork+1","Dodge and Roll+1"],"relics":["Ring of the Snake","Gremlin Horn","Meat on the Bone","Golden Idol","Coffee Dripper","MawBank","Black Star","Sundial","Blood Vial","Paper Crane","Strawberry"],"potions_floor_usage":[28],"damage_taken":[{"damage":2,"enemies":"Cultist","floor":1,"turns":5},{"damage":6,"enemies":"Small Slimes","floor":3,"turns":3},{"damage":0,"enemies":"2 Louse","floor":4,"turns":2},{"damage":2,"enemies":"Looter","floor":6,"turns":4},{"damage":24,"enemies":"Gremlin Nob","floor":8,"turns":5},{"damage":7,"enemies":"3 Louse","floor":14,"turns":3},{"damage":3,"enemies":"The Guardian","floor":16,"turns":9},{"damage":1,"enemies":"Shell Parasite","floor":18,"turns":7},{"damage":16,"enemies":"2 Thieves","floor":21,"turns":5},{"damage":16,"enemies":"Snecko","floor":22,"turns":5},{"damage":12,"enemies":"3 Cultists","floor":24,"turns":4},{"damage":15,"enemies":"Snake Plant","floor":27,"turns":3},{"damage":3,"enemies":"Shelled Parasite and Fungi","floor":28,"turns":4},{"damage":3,"enemies":"Chosen and Byrds","floor":30,"turns":6},{"damage":21,"enemies":"Champ","floor":33,"turns":10},{"damage":0,"enemies":"Orb Walker","floor":35,"turns":2},{"damage":0,"enemies":"3 Shapes","floor":38,"turns":3},{"damage":0,"enemies":"Writhing Mass","floor":42,"turns":3},{"damage":63,"enemies":"Giant Head","floor":44,"turns":8},{"damage":11,"enemies":"Sphere and 2 Shapes","floor":47,"turns":4},{"damage":6,"enemies":"Jaw Worm Horde","floor":48,"turns":4},{"damage":34,"enemies":"Donu and Deca","floor":50,"turns":6}],"seed_played":"7057476437796911275","potions_obtained":[{"floor":1,"key":"Energy Potion"},{"floor":14,"key":"Weak Potion"},{"floor":16,"key":"Weak Potion"},{"floor":30,"key":"Ancient Potion"}],"is_trial":false,"path_per_floor":["M","$","M","M","?","M","R","E","T","$","R","?","?","M","R","B",null,"M","$","?","M","M","R","M","R","T","M","M","?","M","?","R","B",null,"M","?","?","M","$","R","?","M","T","E","?","R","M","M","R","B"],"character_chosen":"THE_SILENT","items_purchased":["Catalyst","LiquidBronze","Sundial"],"campfire_rested":1,"item_purchase_floors":[10,19,39],"current_hp_per_floor":[68,68,62,62,62,60,60,36,36,36,57,57,57,50,50,47,65,64,64,58,42,38,38,38,38,38,35,44,44,41,41,41,32,65,65,65,65,65,65,65,65,65,65,21,21,21,24,32,32,0],"gold":57,"neow_bonus":"REMOVE_CARD","is_prod":false,"is_daily":false,"chose_seed":false,"campfire_upgraded":8,"win_rate":0.0,"timestamp":1565485112,"path_taken":["M","$","?","M","?","M","R","E","T","?","R","?","?","M","R","BOSS","M","$","?","M","M","R","M","R","T","M","M","?","?","?","R","BOSS","M","?","?","?","$","R","?","M","T","E","?","R","M","M","R","BOSS"],"build_version":"2019-07-17","purchased_purges":3,"victory":false,"max_hp_per_floor":[70,70,70,70,70,70,70,70,70,70,70,70,65,65,65,65,65,65,65,65,65,65,65,65,65,65,65,65,65,65,65,65,65,65,65,65,65,65,65,65,65,65,65,72,72,72,72,72,72,72],"card_choices":[{"not_picked":["Choke","Infinite Blades"],"picked":"Crippling Poison","floor":1},{"not_picked":["Reflex","Sucker Punch"],"picked":"Deadly Poison","floor":3},{"not_picked":["Outmaneuver","Tactician"],"picked":"Backflip","floor":4},{"not_picked":["Envenom","Quick Slash"],"picked":"Footwork","floor":6},{"not_picked":["Bane","Dagger Throw"],"picked":"Endless Agony","floor":8},{"not_picked":["Tactician","Quick Slash"],"picked":"Slice","floor":14},{"not_picked":["Wraith Form v2","Corpse Explosion"],"picked":"Night Terror","floor":16},{"not_picked":["Flying Knee","Sucker Punch"],"picked":"Quick Slash","floor":18},{"not_picked":["Riddle With Holes","Blade Dance"],"picked":"Outmaneuver","floor":21},{"not_picked":["Dagger Throw+1","PiercingWail"],"picked":"Escape Plan+1","floor":22},{"not_picked":["Dagger Spray","Acrobatics"],"picked":"PiercingWail+1","floor":24},{"not_picked":["Reflex","Noxious Fumes"],"picked":"Crippling Poison+1","floor":27},{"not_picked":["Deflect","Dagger Spray+1"],"picked":"Backflip+1","floor":28},{"not_picked":["Skewer","Finisher+1"],"picked":"Bouncing Flask+1","floor":30},{"not_picked":["Venomology","A Thousand Cuts"],"picked":"Bullet Time","floor":33},{"not_picked":["Outmaneuver","Quick Slash"],"picked":"Caltrops+1","floor":35},{"not_picked":["Cloak And Dagger+1","Dagger Throw"],"picked":"Acrobatics+1","floor":38},{"not_picked":["Quick Slash","Dagger Spray+1"],"picked":"Flechettes+1","floor":42},{"not_picked":["Flying Knee","Underhanded Strike"],"picked":"Footwork+1","floor":44},{"not_picked":["Backflip+1","Bane+1"],"picked":"Dodge and Roll+1","floor":47},{"not_picked":["Choke+1","Endless Agony","Slice+1"],"picked":"SKIP","floor":48}],"player_experience":110445,"relics_obtained":[{"floor":8,"key":"Gremlin Horn"},{"floor":9,"key":"Meat on the Bone"},{"floor":26,"key":"MawBank"},{"floor":43,"key":"Blood Vial"},{"floor":44,"key":"Paper Crane"},{"floor":44,"key":"Strawberry"}],"event_choices":[{"cards_removed":["Strike_G"],"damage_healed":0,"gold_gain":0,"player_choice":"Offered Basic","damage_taken":0,"max_hp_gain":0,"max_hp_loss":0,"event_name":"Bonfire Elementals","floor":5,"gold_loss":0},{"damage_healed":0,"gold_gain":0,"player_choice":"Ignored","damage_taken":0,"max_hp_gain":0,"max_hp_loss":0,"event_name":"Liars Game","floor":12,"gold_loss":0},{"damage_healed":0,"gold_gain":0,"player_choice":"Lose Max HP","damage_taken":0,"relics_obtained":["Golden Idol"],"max_hp_gain":0,"max_hp_loss":5,"event_name":"Golden Idol","floor":13,"gold_loss":0},{"damage_healed":0,"gold_gain":0,"player_choice":"Joined the Cult","damage_taken":6,"max_hp_gain":0,"max_hp_loss":0,"event_name":"Nest","floor":20,"gold_loss":0,"cards_obtained":["RitualDagger"]},{"cards_removed":["Strike_G"],"damage_healed":0,"gold_gain":0,"player_choice":"Elegance","damage_taken":0,"max_hp_gain":0,"max_hp_loss":0,"event_name":"Back to Basics","floor":29,"gold_loss":0},{"cards_removed":["Defend_G"],"damage_healed":0,"gold_gain":0,"player_choice":"Gave Gold","damage_taken":0,"max_hp_gain":0,"max_hp_loss":0,"event_name":"Beggar","floor":31,"gold_loss":75},{"damage_healed":0,"gold_gain":0,"player_choice":"Ignored","damage_taken":0,"max_hp_gain":0,"max_hp_loss":0,"event_name":"Tomb of Lord Red Mask","floor":36,"gold_loss":0},{"damage_healed":0,"gold_gain":0,"player_choice":"Ignored","damage_taken":0,"max_hp_gain":0,"max_hp_loss":0,"event_name":"SecretPortal","floor":37,"gold_loss":0},{"damage_healed":0,"gold_gain":0,"player_choice":"Ignored","damage_taken":0,"max_hp_gain":0,"max_hp_loss":0,"event_name":"Mysterious Sphere","floor":41,"gold_loss":0},{"cards_removed":["Defend_G"],"damage_healed":0,"gold_gain":0,"player_choice":"Upgrade and Remove","damage_taken":0,"max_hp_gain":0,"max_hp_loss":0,"event_name":"Designer","floor":45,"gold_loss":90,"cards_upgraded":["Endless Agony"]}],"is_beta":false,"boss_relics":[{"not_picked":["Busted Crown","Snecko Eye"],"picked":"Coffee Dripper"},{"not_picked":["Orrery","White Beast Statue"],"picked":"Black Star"}],"items_purged_floors":[2,19,39],"is_endless":false,"potions_floor_spawned":[1,14,16,22,24,30,33,48],"killed_by":"Donu and Deca","ascension_level":0}