{"gold_per_floor":[212,231,249,263,277,312,312,322,322,339,355,382,382,134,134,231,231,244,259,259,270,90,90],"floor_reached":23,"playtime":1105,"items_purged":["Strike_R","Strike_R"],"score":232,"play_id":"365115cc-07c9-4b6d-80e4-b92a605b7091","local_time":"20190908133040","is_ascension_mode":false,"campfire_choices":[{"data":"Bash","floor":7,"key":"SMITH"},{"floor":13,"key":"REST"},{"data":"True Grit","floor":15,"key":"SMITH"}],"neow_cost":"NONE","seed_source_timestamp":2210782776320626,"circlet_count":0,"master_deck":["Strike_R","Strike_R","Strike_R","Defend_R","Defend_R","Defend_R","Defend_R","Bash+1","Wild Strike","Sword Boomerang","Cleave","Pommel Strike","Shrug It Off","Feed","Sever Soul+1","Iron Wave+1","Immolate+1","True Grit+1","Battle Trance","Demon Form","Shrug It Off","Uppercut+1","Impervious"],"relics":["Black Blood","Pear","Molten Egg 2","Shuriken"],"potions_floor_usage":[5,8,12,19,21],"damage_taken":[{"damage":6,"enemies":"Cultist","floor":1,"turns":3},{"damage":0,"enemies":"Small Slimes","floor":2,"turns":3},{"damage":6,"enemies":"2 Louse","floor":3,"turns":2},{"damage":10,"enemies":"Looter","floor":4,"turns":2},{"damage":28,"enemies":"Exordium Thugs","floor":5,"turns":5},{"damage":38,"enemies":"3 Sentries","floor":6,"turns":9},{"damage":0,"enemies":"3 Louse","floor":8,"turns":4},{"damage":2,"enemies":"Large Slime","floor":10,"turns":6},{"damage":15,"enemies":"Exordium Thugs","floor":11,"turns":4},{"damage":6,"enemies":"Gremlin Nob","floor":12,"turns":3},{"damage":7,"enemies":"Slime Boss","floor":16,"turns":8},{"damage":51,"enemies":"Shell Parasite","floor":18,"turns":7},{"damage":11,"enemies":"2 Thieves","floor":19,"turns":2},{"damage":9,"enemies":"Chosen and Byrds","floor":21,"turns":6},{"damage":64,"enemies":"Book of Stabbing","floor":23,"turns":7}],"seed_played":"8655560616286611567","potions_obtained":[{"floor":3,"key":"Weak Potion"},{"floor":6,"key":"GamblersBrew"},{"floor":11,"key":"Explosive Potion"},{"floor":16,"key":"Energy Potion"}],"is_trial":false,"path_per_floor":["M","M","M","M","M","E","R","M","T","M","M","E","R","$","R","B",null,"M","M","?","M","$","E"],"character_chosen":"IRONCLAD","items_purchased":["True Grit","Battle Trance","SteroidPotion","Impervious"],"campfire_rested":1,"item_purchase_floors":[14,14,14,22],"current_hp_per_floor":[80,80,80,76,54,32,32,41,41,48,42,42,71,71,71,73,102,61,60,50,51,51,0],"gold":90,"neow_bonus":"HUNDRED_GOLD","is_prod":false,"is_daily":false,"chose_seed":false,"campfire_upgraded":2,"win_rate":0,"timestamp":1567942240,"path_taken":["M","?","?","M","M","E","R","M","T","M","M","E","R","$","R","BOSS","M","M","?","M","$","E"],"build_version":"2019-07-17","purchased_purges":2,"victory":false,"max_hp_per_floor":[80,80,80,80,80,90,90,93,93,96,99,99,99,99,99,102,102,102,102,102,102,102,102],"card_choices":[{"not_picked":["Thunderclap","Dual Wield"],"picked":"Wild Strike","floor":1},{"not_picked":["Fire Breathing","Combust"],"picked":"Sword Boomerang","floor":2},{"not_picked":["Flex","Perfected Strike"],"picked":"Cleave","floor":3},{"not_picked":["Wild Strike","Dark Embrace"],"picked":"Pommel Strike","floor":4},{"not_picked":["Iron Wave","Flex"],"picked":"Shrug It Off","floor":5},{"not_picked":["Body Slam","Evolve"],"picked":"Feed","floor":6},{"not_picked":["Sword Boomerang","Twin Strike","Flex"],"picked":"SKIP","floor":8},{"not_picked":["Combust","Pommel Strike+1"],"picked":"Sever Soul+1","floor":10},{"not_picked":["Twin Strike+1","Anger+1"],"picked":"Iron Wave+1","floor":11},{"not_picked":["Inflame","Sword Boomerang+1"],"picked":"Immolate+1","floor":12},{"not_picked":["Limit Break","Reaper+1"],"picked":"Demon Form","floor":16},{"not_picked":["Clash+1","Corruption"],"picked":"Shrug It Off","floor":18},{"not_picked":["Sword Boomerang+1","Perfected Strike+1"],"picked":"Uppercut+1","floor":19},{"not_picked":["Clothesline+1","Sword Boomerang+1","Iron Wave+1"],"picked":"SKIP","floor":21}],"player_experience":177996,"relics_obtained":[{"floor":6,"key":"Pear"},{"floor":9,"key":"Molten Egg 2"},{"floor":12,"key":"Shuriken"}],"event_choices":[{"damage_healed":0,"gold_gain":0,"player_choice":"","damage_taken":10,"max_hp_gain":0,"max_hp_loss":0,"event_name":"Knowing Skull","floor":20,"potions_obtained":[],"gold_loss":0,"cards_obtained":[]}],"is_beta":false,"boss_relics":[{"not_picked":["Philosopher\u0027s Stone","Calling Bell"],"picked":"Black Blood"}],"items_purged_floors":[14,22],"is_endless":false,"potions_floor_spawned":[3,6,11,16],"killed_by":"Book of Stabbing","ascension_level":0}