{"gold_per_floor":[365,77,96,96,116,116,131,146,219,219,552,568,76,88,88,188,188,203,214,139,158,33,33,33],"floor_reached":24,"playtime":2314,"items_purged":["Strike_B","Strike_B","Decay"],"score":200,"play_id":"357d7942-1ea4-4d87-a9ec-a7e071c1276b","local_time":"20180708015245","is_ascension_mode":false,"campfire_choices":[{"data":"Scrape","floor":6,"key":"SMITH"},{"floor":10,"key":"REST"},{"floor":15,"key":"REST"},{"floor":23,"key":"REST"}],"neow_cost":"TEN_PERCENT_HP_LOSS","seed_source_timestamp":29978791196466,"circlet_count":0,"master_deck":["Strike_B","Strike_B","Defend_B","Defend_B","Defend_B","Zap","Dualcast","Scrape+1","Gash","FTL","Flash of Steel","Heatsinks","Aggregate","Storm","Storm","Creative AI","Machine Learning","Clumsy","Loop+1","Gash","Gash"],"relics":["Cracked Core","Darkstone Periapt","Old Coin","Peace Pipe","Calling Bell","Question Card","Bronze Scales","Bird Faced Urn"],"potions_floor_usage":[11,11,14,16,18,19,21,24],"damage_taken":[{"damage":7,"enemies":"2 Louse","floor":1,"turns":3},{"damage":6,"enemies":"Jaw Worm","floor":3,"turns":3},{"damage":0,"enemies":"Cultist","floor":5,"turns":3},{"damage":5,"enemies":"Looter","floor":7,"turns":3},{"damage":8,"enemies":"Red Slaver","floor":8,"turns":2},{"damage":11,"enemies":"3 Sentries","floor":11,"turns":5},{"damage":0,"enemies":"Large Slime","floor":12,"turns":4},{"damage":18,"enemies":"Exordium Wildlife","floor":14,"turns":3},{"damage":50,"enemies":"The Guardian","floor":16,"turns":6},{"damage":44,"enemies":"3 Byrds","floor":18,"turns":3},{"damage":27,"enemies":"Spheric Guardian","floor":19,"turns":4},{"damage":37,"enemies":"Snake Plant","floor":21,"turns":3},{"damage":41,"enemies":"Gremlin Leader","floor":24,"turns":4}],"seed_played":"-2018111915102491575","potions_obtained":[{"floor":3,"key":"Fire Potion"},{"floor":5,"key":"Energy Potion"},{"floor":7,"key":"SkillPotion"},{"floor":12,"key":"Dexterity Potion"},{"floor":14,"key":"Regen Potion"},{"floor":18,"key":"PowerPotion"},{"floor":19,"key":"Poison Potion"},{"floor":21,"key":"Poison Potion"}],"is_trial":false,"path_per_floor":["M","$","M","?","M","R","M","M","T","R","E","M","$","M","R","B",null,"M","M","?","M","$","R"],"character_chosen":"DEFECT","items_purchased":["Gash","FTL","Flash of Steel","Peace Pipe","Creative AI"],"campfire_rested":3,"item_purchase_floors":[2,2,2,13,13],"current_hp_per_floor":[61,61,55,48,48,48,43,35,35,55,44,44,44,26,46,11,86,48,33,33,4,4,29,0],"gold":33,"neow_bonus":"TWO_FIFTY_GOLD","is_prod":false,"is_daily":false,"chose_seed":false,"campfire_upgraded":1,"win_rate":0.0,"timestamp":1531007565,"path_taken":["M","$","M","?","M","R","M","M","T","R","E","?","?","M","R","BOSS","M","M","?","M","$","R","E"],"build_version":"2018-07-05","purchased_purges":3,"victory":false,"max_hp_per_floor":[68,68,68,68,68,68,68,68,68,68,68,68,68,68,68,68,86,86,86,86,86,86,86,86],"card_choices":[{"not_picked":["Gash","Conserve Battery"],"picked":"Scrape","floor":1},{"not_picked":["Compile Driver","Ball Lightning","Amplify"],"picked":"SKIP","floor":3},{"not_picked":["Compile Driver","Steam"],"picked":"Heatsinks","floor":5},{"not_picked":["Leap","Blizzard","Lockon"],"picked":"SKIP","floor":7},{"not_picked":["Conserve Battery","Melter"],"picked":"Aggregate","floor":8},{"not_picked":["Fusion","Streamline"],"picked":"Storm","floor":11},{"not_picked":["Ball Lightning","Glacier"],"picked":"Storm","floor":12},{"not_picked":["Compile Driver","Aggregate","Leap"],"picked":"SKIP","floor":14},{"not_picked":["Multi-Cast","Biased Cognition"],"picked":"Machine Learning","floor":16},{"not_picked":["Steam","Heatsinks","Streamline"],"picked":"Loop+1","floor":18},{"not_picked":["Loop","Doom and Gloom+1","BootSequence"],"picked":"Gash","floor":19},{"not_picked":["Reboot","Redo","Hologram"],"picked":"Gash","floor":21}],"player_experience":432364,"relics_obtained":[{"floor":9,"key":"Darkstone Periapt"},{"floor":11,"key":"Old Coin"},{"floor":17,"key":"Question Card"},{"floor":17,"key":"Bronze Scales"},{"floor":17,"key":"Bird Faced Urn"}],"event_choices":[{"event_name":"Golden Wing","player_choice":"Card Removal","floor":4,"damage_taken":0},{"event_name":"Beggar","player_choice":"Gave Gold","floor":20,"damage_taken":0}],"boss_relics":[{"not_picked":["Fusion Hammer","Ectoplasm"],"picked":"Calling Bell"}],"items_purged_floors":[2,13,22],"is_endless":false,"potions_floor_spawned":[3,5,7,12,14,18,19,21],"killed_by":"Gremlin Leader","ascension_level":0}