{"gold_per_floor":[114,114,39,50,100,130,130,144,226,226,243,253,264,339,339,438,438,409,177,92,106,106,139,150,150,230,230,230,230,258,268,268,268],"floor_reached":33,"playtime":1811,"items_purged":["Strike_G"],"score":310,"play_id":"2abe1d20-201a-46e0-bcf4-b2051e41fb48","local_time":"20190906200853","is_ascension_mode":false,"campfire_choices":[{"data":"Neutralize","floor":7,"key":"SMITH"},{"data":"Riddle With Holes","floor":10,"key":"SMITH"},{"data":"After Image","floor":15,"key":"SMITH"},{"floor":25,"key":"REST"},{"floor":29,"key":"REST"},{"floor":32,"key":"REST"}],"neow_cost":"NONE","seed_source_timestamp":2061168506389432,"circlet_count":0,"master_deck":["Strike_G","Strike_G+1","Strike_G","Strike_G+1","Defend_G","Defend_G","Defend_G","Defend_G","Defend_G","Survivor","Neutralize+1","Deflect","Noxious Fumes","Noxious Fumes","Dodge and Roll","Riddle With Holes+1","Bane","Dagger Throw","After Image+1","Burst","Escape Plan+1","Well Laid Plans","PiercingWail","Dodge and Roll","Outmaneuver","Prepared","Cloak And Dagger","Escape Plan+1","Malaise"],"relics":["Ring of the Snake","NeowsBlessing","Bag of Marbles","Whetstone","Kunai","Black Star","Dream Catcher","Du-Vu Doll","Bag of Preparation","Mercury Hourglass","Enchiridion","Anchor","Letter Opener"],"potions_floor_usage":[18,21,23,33,33,33],"damage_taken":[{"damage":0,"enemies":"2 Louse","floor":1,"turns":1},{"damage":0,"enemies":"Cultist","floor":4,"turns":1},{"damage":0,"enemies":"3 Sentries","floor":6,"turns":1},{"damage":0,"enemies":"Jaw Worm","floor":8,"turns":3},{"damage":5,"enemies":"3 Louse","floor":11,"turns":5},{"damage":2,"enemies":"Looter","floor":12,"turns":2},{"damage":0,"enemies":"Large Slime","floor":13,"turns":4},{"damage":3,"enemies":"The Guardian","floor":16,"turns":12},{"damage":4,"enemies":"2 Thieves","floor":18,"turns":5},{"damage":2,"enemies":"Chosen","floor":21,"turns":7},{"damage":26,"enemies":"Slavers","floor":23,"turns":8},{"damage":25,"enemies":"Snake Plant","floor":24,"turns":7},{"damage":15,"enemies":"Gremlin Leader","floor":30,"turns":7},{"damage":0,"enemies":"3 Cultists","floor":31,"turns":5},{"damage":45,"enemies":"Collector","floor":33,"turns":10}],"seed_played":"-991812953628130716","potions_obtained":[{"floor":1,"key":"SkillPotion"},{"floor":4,"key":"GhostInAJar"},{"floor":6,"key":"GamblersBrew"},{"floor":11,"key":"SpeedPotion"},{"floor":23,"key":"Ancient Potion"},{"floor":24,"key":"Explosive Potion"},{"floor":30,"key":"Block Potion"}],"is_trial":false,"path_per_floor":["M","?","$","M","T","E","R","M","T","R","M","M","M","?","R","B",null,"M","$","?","M","?","E","M","R","T","?","?","R","E","M","R","B"],"character_chosen":"THE_SILENT","items_purchased":["Noxious Fumes","Well Laid Plans","PiercingWail","Dodge and Roll"],"campfire_rested":3,"item_purchase_floors":[3,19,19,19],"current_hp_per_floor":[70,70,70,70,70,70,70,70,70,70,65,63,63,52,52,49,70,66,66,66,64,64,38,13,34,34,34,18,39,24,24,45,0],"gold":268,"neow_bonus":"THREE_ENEMY_KILL","is_prod":false,"is_daily":false,"chose_seed":false,"campfire_upgraded":3,"win_rate":0,"timestamp":1567793333,"path_taken":["M","?","?","M","?","E","R","M","T","R","M","M","M","?","R","BOSS","M","$","?","M","?","E","M","R","T","?","?","R","E","M","R","BOSS"],"build_version":"2019-07-17","purchased_purges":1,"victory":false,"max_hp_per_floor":[70,70,70,70,70,70,70,70,70,70,70,70,70,70,70,70,70,70,70,70,70,70,70,70,70,70,70,70,70,70,70,70,70],"card_choices":[{"not_picked":["Calculated Gamble","Bane"],"picked":"Deflect","floor":1},{"not_picked":["Slice","Prepared"],"picked":"Noxious Fumes","floor":4},{"not_picked":["Reflex","Choke"],"picked":"Dodge and Roll","floor":6},{"not_picked":["Escape Plan","Setup"],"picked":"Riddle With Holes","floor":8},{"not_picked":["Underhanded Strike","Prepared"],"picked":"Bane","floor":11},{"not_picked":["Bouncing Flask","Crippling Poison"],"picked":"Dagger Throw","floor":12},{"not_picked":["Poisoned Stab","Dash"],"picked":"After Image","floor":13},{"not_picked":["Storm of Steel","Wraith Form v2"],"picked":"Burst","floor":16},{"not_picked":["Skewer","Bane"],"picked":"Escape Plan+1","floor":18},{"not_picked":["Flechettes","Flying Knee"],"picked":"Outmaneuver","floor":21},{"not_picked":["Slice+1","PiercingWail"],"picked":"Prepared","floor":23},{"not_picked":["Prepared","Quick Slash"],"picked":"Cloak And Dagger","floor":24},{"not_picked":["Underhanded Strike","Dagger Throw+1"],"picked":"Escape Plan+1","floor":29},{"not_picked":["Cloak And Dagger","Accuracy","Quick Slash"],"picked":"SKIP","floor":30},{"not_picked":["Calculated Gamble+1","Cloak And Dagger"],"picked":"Malaise","floor":31}],"player_experience":170106,"relics_obtained":[{"floor":5,"key":"Bag of Marbles"},{"floor":6,"key":"Whetstone"},{"floor":9,"key":"Kunai"},{"floor":23,"key":"Du-Vu Doll"},{"floor":23,"key":"Bag of Preparation"},{"floor":26,"key":"Mercury Hourglass"},{"floor":28,"key":"Enchiridion"},{"floor":30,"key":"Anchor"},{"floor":30,"key":"Letter Opener"}],"event_choices":[{"damage_healed":0,"gold_gain":0,"player_choice":"Bought 0 Potions","damage_taken":0,"max_hp_gain":0,"max_hp_loss":0,"event_name":"The Woman in Blue","floor":2,"gold_loss":0},{"damage_healed":0,"gold_gain":75,"player_choice":"Gather Gold","damage_taken":11,"max_hp_gain":0,"max_hp_loss":0,"event_name":"World of Goop","floor":14,"gold_loss":0},{"damage_healed":0,"gold_gain":0,"player_choice":"Obtained Relic","damage_taken":0,"relics_obtained":["Dream Catcher"],"max_hp_gain":0,"max_hp_loss":0,"event_name":"Addict","floor":20,"gold_loss":85},{"damage_healed":0,"gold_gain":0,"player_choice":"Ignored","damage_taken":0,"max_hp_gain":0,"max_hp_loss":0,"event_name":"Ghosts","floor":22,"gold_loss":0},{"damage_healed":0,"gold_gain":0,"player_choice":"Ignored","damage_taken":0,"max_hp_gain":0,"max_hp_loss":0,"event_name":"Vampires","floor":27,"gold_loss":0},{"damage_healed":0,"gold_gain":0,"player_choice":"Obtained Book","damage_taken":16,"max_hp_gain":0,"max_hp_loss":0,"event_name":"Cursed Tome","floor":28,"gold_loss":0}],"is_beta":false,"boss_relics":[{"not_picked":["WristBlade","Ectoplasm"],"picked":"Black Star"}],"items_purged_floors":[19],"is_endless":false,"potions_floor_spawned":[1,4,6,11,13,23,24,30],"killed_by":"Collector","ascension_level":0}