{"gold_per_floor":[109,109,123,48,58,58,85,99,167,201,101,101,113,125,137,248,260,287,299,221,246,51,84,96,96,96,96,109,109,109,127,127,229,229,242,92,62,77,90,90,90,109,134,181,193,207,232,57,57,57,57,57,6,31,31],"floor_reached":55,"playtime":3924,"items_purged":["Strike_R","Strike_R","Defend_R","Decay","Strike_R"],"score":675,"play_id":"109cc334-0966-446c-bf57-a56500160407","local_time":"20190907161509","is_ascension_mode":false,"campfire_choices":[{"data":"Spot Weakness","floor":6,"key":"SMITH"},{"data":"Whirlwind","floor":13,"key":"SMITH"},{"data":"Seeing Red","floor":15,"key":"SMITH"},{"data":"Disarm","floor":25,"key":"SMITH"},{"floor":27,"key":"RECALL"},{"data":"Thunderclap","floor":30,"key":"SMITH"},{"data":"Corruption","floor":32,"key":"SMITH"},{"data":"True Grit","floor":40,"key":"SMITH"},{"data":"Dark Embrace","floor":49,"key":"SMITH"},{"data":"Second Wind","floor":52,"key":"SMITH"}],"neow_cost":"NONE","seed_source_timestamp":7943159860338,"circlet_count":0,"master_deck":["Strike_R","Defend_R+1","Defend_R","Defend_R","Bash+1","Thunderclap+1","Spot Weakness+1","Seeing Red+1","Disarm+1","Whirlwind+1","Reaper+1","Corruption+1","Dark Embrace+1","Injury","Parasite","True Grit+1","Parasite","Pommel Strike+1","Second Wind+1","Master of Strategy","Warcry+1","Shockwave+1","Fiend Fire"],"relics":["Burning Blood","Thread and Needle","Sundial","Vajra","MawBank","Busted Crown","Ginger","Du-Vu Doll","Calling Bell","Juzu Bracelet","Question Card","Prayer Wheel","Bronze Scales","Charon\u0027s Ashes","Ice Cream","Dodecahedron"],"potions_floor_usage":[1,7,10,16,16,16,18,21,31,38,39,39,54,55,55],"damage_taken":[{"damage":12,"enemies":"Small Slimes","floor":1,"turns":4},{"damage":9,"enemies":"2 Louse","floor":3,"turns":2},{"damage":6,"enemies":"Cultist","floor":5,"turns":3},{"damage":28,"enemies":"Lagavulin","floor":7,"turns":5},{"damage":0,"enemies":"Blue Slaver","floor":8,"turns":3},{"damage":9,"enemies":"3 Sentries","floor":10,"turns":6},{"damage":11,"enemies":"Slime Boss","floor":16,"turns":6},{"damage":13,"enemies":"Spheric Guardian","floor":18,"turns":4},{"damage":6,"enemies":"2 Thieves","floor":21,"turns":2},{"damage":20,"enemies":"Book of Stabbing","floor":23,"turns":4},{"damage":6,"enemies":"Snecko","floor":24,"turns":5},{"damage":8,"enemies":"Centurion and Healer","floor":28,"turns":3},{"damage":5,"enemies":"Snake Plant","floor":31,"turns":3},{"damage":45,"enemies":"Collector","floor":33,"turns":6},{"damage":0,"enemies":"3 Darklings","floor":35,"turns":1},{"damage":15,"enemies":"3 Shapes","floor":38,"turns":5},{"damage":21,"enemies":"Writhing Mass","floor":39,"turns":5},{"damage":9,"enemies":"Sphere and 2 Shapes","floor":42,"turns":3},{"damage":0,"enemies":"2 Orb Walkers","floor":44,"turns":2},{"damage":37,"enemies":"Transient","floor":45,"turns":5},{"damage":11,"enemies":"Maw","floor":46,"turns":7},{"damage":7,"enemies":"Reptomancer","floor":47,"turns":4},{"damage":16,"enemies":"Donu and Deca","floor":50,"turns":4},{"damage":31,"enemies":"Shield and Spear","floor":54,"turns":5},{"damage":86,"enemies":"The Heart","floor":55,"turns":6}],"seed_played":"-1869512696397571613","potions_obtained":[{"floor":0,"key":"Poison Potion"},{"floor":0,"key":"Fruit Juice"},{"floor":0,"key":"Dexterity Potion"},{"floor":3,"key":"Ancient Potion"},{"floor":7,"key":"Explosive Potion"},{"floor":10,"key":"Poison Potion"},{"floor":14,"key":"SteroidPotion"},{"floor":14,"key":"SteroidPotion"},{"floor":16,"key":"GamblersBrew"},{"floor":18,"key":"AttackPotion"},{"floor":28,"key":"Weak Potion"},{"floor":33,"key":"Explosive Potion"},{"floor":37,"key":"SmokeBomb"},{"floor":37,"key":"Regen Potion"},{"floor":38,"key":"Regen Potion"},{"floor":45,"key":"Dexterity Potion"},{"floor":47,"key":"FearPotion"},{"floor":54,"key":"SteroidPotion"}],"is_trial":false,"path_per_floor":["M","?","M","$","M","R","E","M","T","E","$","?","R","?","R","B",null,"M","?","?","M","$","E","M","R","T","R","M","$","R","M","R","B",null,"M","$","?","M","M","R","?","M","T","?","M","M","E","$","R","B",null,"R","$","E","B"],"character_chosen":"IRONCLAD","items_purchased":["Corruption","Block Potion"],"campfire_rested":0,"item_purchase_floors":[22,53],"current_hp_per_floor":[79,62,59,59,59,59,37,43,43,40,40,33,33,33,33,28,85,78,78,78,83,83,75,81,81,81,81,83,83,83,85,85,46,85,85,85,85,85,82,82,82,79,79,85,73,80,85,85,85,78,85,85,85,85,0],"gold":31,"neow_bonus":"THREE_SMALL_POTIONS","is_prod":false,"is_daily":false,"chose_seed":false,"campfire_upgraded":9,"win_rate":0,"timestamp":1567865709,"path_taken":["M","?","M","$","M","R","E","M","T","E","$","?","R","?","R","BOSS","M","?","?","M","$","E","M","R","T","R","M","$","R","?","R","BOSS","M","$","?","M","M","R","?","M","T","?","M","M","E","$","R","BOSS","R","$","E","BOSS"],"build_version":"2019-07-17","purchased_purges":5,"victory":false,"max_hp_per_floor":[85,85,85,85,85,85,85,85,85,85,85,85,85,85,85,85,85,85,85,85,85,85,85,85,85,85,85,85,85,85,85,85,85,85,85,85,85,85,85,85,85,85,85,85,85,85,85,85,85,85,85,85,85,85,85],"card_choices":[{"not_picked":["Shrug It Off","Sword Boomerang"],"picked":"Thunderclap","floor":1},{"not_picked":["Reckless Charge","Pummel","Clash"],"picked":"SKIP","floor":3},{"not_picked":["Sword Boomerang","Flex"],"picked":"Spot Weakness","floor":5},{"not_picked":["Cleave","True Grit"],"picked":"Seeing Red","floor":7},{"not_picked":["Thunderclap","Ghostly Armor"],"picked":"Disarm","floor":8},{"not_picked":["Armaments","Body Slam"],"picked":"Whirlwind","floor":10},{"not_picked":["Fiend Fire","Bludgeon"],"picked":"Reaper","floor":16},{"not_picked":["Heavy Blade"],"picked":"SKIP","floor":18},{"not_picked":["Clash"],"picked":"SKIP","floor":21},{"not_picked":["Twin Strike"],"picked":"SKIP","floor":23},{"not_picked":["Inflame"],"picked":"SKIP","floor":24},{"not_picked":["Warcry"],"picked":"SKIP","floor":28},{"not_picked":["Corruption"],"picked":"SKIP","floor":31},{"not_picked":[],"picked":"Dark Embrace","floor":33},{"not_picked":["Metallicize","Rage"],"picked":"SKIP","floor":35},{"not_picked":["Headbutt","Pommel Strike"],"picked":"SKIP","floor":35},{"not_picked":["Sever Soul"],"picked":"True Grit","floor":38},{"not_picked":["Thunderclap","Inflame"],"picked":"SKIP","floor":38},{"not_picked":["Warcry+1"],"picked":"Pommel Strike+1","floor":39},{"not_picked":["Anger"],"picked":"Second Wind","floor":39},{"not_picked":["PanicButton"],"picked":"Master of Strategy","floor":41},{"not_picked":["Heavy Blade"],"picked":"Warcry+1","floor":42},{"not_picked":["Heavy Blade+1","Sword Boomerang+1"],"picked":"SKIP","floor":42},{"not_picked":["Clothesline+1"],"picked":"Shockwave+1","floor":45},{"not_picked":["Battle Trance+1","Anger"],"picked":"SKIP","floor":45},{"not_picked":["Clash","Anger+1"],"picked":"SKIP","floor":46},{"not_picked":["Havoc+1","Sword Boomerang+1"],"picked":"SKIP","floor":46},{"not_picked":["Sword Boomerang","Second Wind"],"picked":"SKIP","floor":47},{"not_picked":["Second Wind+1"],"picked":"Fiend Fire","floor":54}],"player_experience":833325,"relics_obtained":[{"floor":7,"key":"Thread and Needle"},{"floor":9,"key":"Sundial"},{"floor":10,"key":"Vajra"},{"floor":23,"key":"Du-Vu Doll"},{"floor":34,"key":"Juzu Bracelet"},{"floor":34,"key":"Question Card"},{"floor":34,"key":"Prayer Wheel"},{"floor":43,"key":"Bronze Scales"},{"floor":44,"key":"Charon\u0027s Ashes"},{"floor":47,"key":"Ice Cream"},{"floor":54,"key":"Dodecahedron"}],"event_choices":[{"damage_healed":0,"gold_gain":0,"player_choice":"Entered Light","damage_taken":17,"max_hp_gain":0,"max_hp_loss":0,"event_name":"Shining Light","floor":2,"gold_loss":0,"cards_upgraded":["Bash","Defend_R"]},{"damage_healed":0,"gold_gain":0,"player_choice":"Success","damage_taken":7,"relics_obtained":["MawBank"],"max_hp_gain":0,"max_hp_loss":0,"event_name":"Scrap Ooze","floor":12,"gold_loss":0},{"damage_healed":0,"gold_gain":0,"player_choice":"Got Potions","damage_taken":0,"max_hp_gain":0,"max_hp_loss":0,"event_name":"Lab","floor":14,"gold_loss":0},{"damage_healed":0,"gold_gain":0,"player_choice":"Opened","damage_taken":0,"relics_obtained":["Ginger"],"max_hp_gain":0,"max_hp_loss":0,"event_name":"The Mausoleum","floor":19,"gold_loss":0},{"cards_removed":["Strike_R"],"damage_healed":0,"gold_gain":0,"player_choice":"Upgrade and Remove","damage_taken":0,"max_hp_gain":0,"max_hp_loss":0,"event_name":"Designer","floor":20,"gold_loss":90,"cards_upgraded":["Reaper"]},{"damage_healed":0,"gold_gain":0,"player_choice":"Bought 2 Potions","damage_taken":0,"max_hp_gain":0,"max_hp_loss":0,"event_name":"The Woman in Blue","floor":37,"gold_loss":0},{"damage_healed":0,"gold_gain":0,"player_choice":"Memory 1","damage_taken":0,"max_hp_gain":0,"max_hp_loss":0,"event_name":"SensoryStone","floor":41,"gold_loss":0},{"damage_healed":0,"gold_gain":0,"player_choice":"Fight","damage_taken":0,"max_hp_gain":0,"max_hp_loss":0,"event_name":"Mysterious Sphere","floor":44,"gold_loss":0}],"is_beta":false,"boss_relics":[{"not_picked":["Runic Cube","Pandora\u0027s Box"],"picked":"Busted Crown"},{"not_picked":["Sozu","Mark of Pain"],"picked":"Calling Bell"}],"items_purged_floors":[4,11,22,36,48],"is_endless":false,"potions_floor_spawned":[3,7,10,16,18,28,33,38,45,47,54],"killed_by":"The Heart","ascension_level":0}