{"gold_per_floor":[109,125,142,156,207,207,207,238,291,171,171,191,191,208,208,305,305,315,215,215,122,149,174,191,191,191,210,244,244,344,363,363,459,459,474,488,588,601,104,104,22,22,47,74,296,296,296,296,296,296],"floor_reached":51,"playtime":3406,"items_purged":["Strike_R","Strike_R","Cleave"],"score":761,"play_id":"967952cb-209a-45ef-a915-e4c9806c5b8a","local_time":"20190905174925","is_ascension_mode":false,"campfire_choices":[{"data":"Uppercut","floor":6,"key":"SMITH"},{"data":"Heavy Blade","floor":11,"key":"SMITH"},{"data":"Shockwave","floor":13,"key":"SMITH"},{"data":"True Grit","floor":15,"key":"SMITH"},{"data":"Flame Barrier","floor":25,"key":"SMITH"},{"data":"Limit Break","floor":29,"key":"SMITH"},{"floor":32,"key":"REST"},{"data":"Demon Form","floor":40,"key":"SMITH"},{"data":"Infernal Blade","floor":42,"key":"SMITH"},{"floor":49,"key":"REST"}],"neow_cost":"NONE","seed_source_timestamp":1964795066561543,"circlet_count":0,"master_deck":["Defend_R","Defend_R","Defend_R","Defend_R","Bash","Twin Strike","Uppercut+1","Shockwave+1","Limit Break+1","Heavy Blade+1","Pommel Strike","True Grit+1","Offering","Dropkick+1","Rage+1","Flame Barrier+1","Enlightenment","Battle Trance","Power Through+1","Burning Pact","Armaments+1","Demon Form+1","Feel No Pain+1","Infernal Blade+1","Heavy Blade+1"],"relics":["Black Blood","Omamori","Bag of Marbles","Bottled Flame","Vajra","Astrolabe","Nilry\u0027s Codex","Red Mask","Art of War","Ginger","Shuriken","Pocketwatch","Gremlin Horn","Champion Belt","Incense Burner","Red Skull","Juzu Bracelet"],"potions_floor_usage":[16,30,30,30,44,44,44,50],"damage_taken":[{"damage":10,"enemies":"Cultist","floor":1,"turns":4},{"damage":11,"enemies":"Jaw Worm","floor":2,"turns":3},{"damage":0,"enemies":"Small Slimes","floor":3,"turns":4},{"damage":7,"enemies":"Looter","floor":4,"turns":3},{"damage":38,"enemies":"Lagavulin","floor":8,"turns":7},{"damage":0,"enemies":"2 Fungi Beasts","floor":12,"turns":2},{"damage":4,"enemies":"Exordium Wildlife","floor":14,"turns":2},{"damage":34,"enemies":"The Guardian","floor":16,"turns":11},{"damage":0,"enemies":"2 Thieves","floor":18,"turns":1},{"damage":0,"enemies":"Masked Bandits","floor":22,"turns":1},{"damage":25,"enemies":"Slavers","floor":23,"turns":5},{"damage":0,"enemies":"3 Byrds","floor":24,"turns":3},{"damage":11,"enemies":"Centurion and Healer","floor":27,"turns":5},{"damage":6,"enemies":"Gremlin Leader","floor":28,"turns":6},{"damage":6,"enemies":"Colosseum Slavers","floor":30,"turns":3},{"damage":15,"enemies":"Colosseum Nobs","floor":30,"turns":4},{"damage":0,"enemies":"Snecko","floor":31,"turns":5},{"damage":34,"enemies":"Automaton","floor":33,"turns":8},{"damage":0,"enemies":"Orb Walker","floor":35,"turns":2},{"damage":6,"enemies":"3 Shapes","floor":36,"turns":3},{"damage":14,"enemies":"Mind Bloom Boss Battle","floor":37,"turns":8},{"damage":21,"enemies":"Jaw Worm Horde","floor":38,"turns":4},{"damage":26,"enemies":"Reptomancer","floor":44,"turns":5},{"damage":32,"enemies":"Time Eater","floor":50,"turns":10}],"seed_played":"-123108937668459469","potions_obtained":[{"floor":3,"key":"SmokeBomb"},{"floor":4,"key":"PowerPotion"},{"floor":12,"key":"Ancient Potion"},{"floor":16,"key":"GamblersBrew"},{"floor":18,"key":"SkillPotion"},{"floor":23,"key":"Strength Potion"},{"floor":31,"key":"Poison Potion"},{"floor":38,"key":"SpeedPotion"},{"floor":44,"key":"Weak Potion"}],"is_trial":false,"path_per_floor":["M","M","M","M","?","R","T","E","T","$","R","M","R","M","R","B",null,"M","$","?","$","?","E","M","R","T","M","E","R","?","M","R","B",null,"M","M","?","M","$","R","$","R","T","E","?","?","?","?","R","B",null],"character_chosen":"IRONCLAD","items_purchased":["Heavy Blade","Enlightenment","Incense Burner","BloodPotion","Infernal Blade"],"campfire_rested":2,"item_purchase_floors":[10,21,39,39,41],"current_hp_per_floor":[76,71,77,76,76,76,76,44,44,44,44,50,50,52,52,24,80,80,80,64,64,70,51,57,57,57,52,52,52,43,49,73,45,80,80,80,76,65,65,65,65,65,65,69,69,69,69,69,80,58],"gold":296,"neow_bonus":"RANDOM_COMMON_RELIC","is_prod":false,"is_daily":false,"chose_seed":false,"campfire_upgraded":8,"win_rate":0,"timestamp":1567698565,"path_taken":["M","M","M","?","?","R","?","E","T","$","R","M","R","M","R","BOSS","M","$","?","$","?","E","M","R","T","M","E","R","?","?","R","BOSS","M","M","?","M","$","R","$","R","T","E","?","?","?","?","R","BOSS"],"build_version":"2019-07-17","purchased_purges":3,"victory":true,"max_hp_per_floor":[80,80,80,80,80,80,80,80,80,80,80,80,80,80,80,80,80,80,80,80,80,80,80,80,80,80,80,80,80,80,80,80,80,80,80,80,80,80,80,80,80,80,80,80,80,80,80,80,80,80],"card_choices":[{"not_picked":["Wild Strike","Headbutt"],"picked":"Twin Strike","floor":1},{"not_picked":["Clash","Reckless Charge"],"picked":"Cleave","floor":2},{"not_picked":["Pummel","Body Slam"],"picked":"Uppercut","floor":3},{"not_picked":["Warcry","Headbutt"],"picked":"Shockwave","floor":4},{"not_picked":["Twin Strike","Rupture"],"picked":"Limit Break","floor":8},{"not_picked":["Heavy Blade","Warcry"],"picked":"Pommel Strike","floor":12},{"not_picked":["Pummel","Ghostly Armor"],"picked":"True Grit","floor":14},{"not_picked":["Juggernaut","Berserk"],"picked":"Offering","floor":16},{"not_picked":["Dropkick","Armaments"],"picked":"Flame Barrier","floor":18},{"not_picked":["Warcry","Sword Boomerang+1","Body Slam"],"picked":"SKIP","floor":23},{"not_picked":["Warcry","Sword Boomerang+1","Body Slam"],"picked":"SKIP","floor":23},{"not_picked":["Clash","Corruption"],"picked":"Battle Trance","floor":24},{"not_picked":["Body Slam","Iron Wave"],"picked":"Power Through+1","floor":27},{"not_picked":["Warcry+1","Intimidate+1"],"picked":"Burning Pact","floor":28},{"not_picked":["Shrug It Off","Havoc"],"picked":"Armaments+1","floor":31},{"not_picked":["Brutality","Double Tap"],"picked":"Demon Form","floor":33},{"not_picked":["Armaments","Flame Barrier","Sword Boomerang"],"picked":"SKIP","floor":35},{"not_picked":["Shockwave+1","Ghostly Armor"],"picked":"Feel No Pain+1","floor":36},{"not_picked":["Thunderclap+1","Feel No Pain+1","Warcry"],"picked":"SKIP","floor":38},{"not_picked":["Juggernaut","Rampage"],"picked":"Heavy Blade+1","floor":44}],"player_experience":163614,"relics_obtained":[{"floor":7,"key":"Bag of Marbles"},{"floor":8,"key":"Bottled Flame"},{"floor":9,"key":"Vajra"},{"floor":20,"key":"Nilry\u0027s Codex"},{"floor":22,"key":"Red Mask"},{"floor":23,"key":"Art of War"},{"floor":26,"key":"Ginger"},{"floor":28,"key":"Shuriken"},{"floor":30,"key":"Pocketwatch"},{"floor":30,"key":"Gremlin Horn"},{"floor":37,"key":"Champion Belt"},{"floor":43,"key":"Red Skull"},{"floor":44,"key":"Juzu Bracelet"}],"event_choices":[{"damage_healed":0,"gold_gain":51,"player_choice":"Gained Gold","damage_taken":0,"max_hp_gain":0,"max_hp_loss":0,"event_name":"Golden Wing","floor":5,"gold_loss":0},{"damage_healed":0,"gold_gain":0,"player_choice":"Obtained Book","damage_taken":16,"max_hp_gain":0,"max_hp_loss":0,"event_name":"Cursed Tome","floor":20,"gold_loss":0},{"damage_healed":0,"gold_gain":0,"player_choice":"Fought Bandits","damage_taken":0,"max_hp_gain":0,"max_hp_loss":0,"event_name":"Masked Bandits","floor":22,"gold_loss":0},{"damage_healed":0,"gold_gain":0,"player_choice":"Fight","damage_taken":0,"max_hp_gain":0,"max_hp_loss":0,"event_name":"Colosseum","floor":30,"gold_loss":0},{"damage_healed":0,"gold_gain":0,"player_choice":"Fought Nobs","damage_taken":0,"max_hp_gain":0,"max_hp_loss":0,"event_name":"Colosseum","floor":30,"gold_loss":0},{"damage_healed":0,"gold_gain":0,"player_choice":"Fight","damage_taken":0,"max_hp_gain":0,"max_hp_loss":0,"event_name":"MindBloom","floor":37,"gold_loss":0},{"damage_healed":0,"gold_gain":222,"player_choice":"Wore Mask","damage_taken":0,"max_hp_gain":0,"max_hp_loss":0,"event_name":"Tomb of Lord Red Mask","floor":45,"gold_loss":0},{"cards_removed":["Immolate"],"damage_healed":0,"gold_gain":0,"player_choice":"Purged","damage_taken":0,"max_hp_gain":0,"max_hp_loss":0,"event_name":"Purifier","floor":46,"gold_loss":0},{"damage_healed":0,"gold_gain":0,"player_choice":"Ignored","damage_taken":0,"max_hp_gain":0,"max_hp_loss":0,"event_name":"Mysterious Sphere","floor":47,"gold_loss":0},{"damage_healed":0,"gold_gain":0,"player_choice":"Memory 1","damage_taken":0,"max_hp_gain":0,"max_hp_loss":0,"event_name":"SensoryStone","floor":48,"gold_loss":0}],"is_beta":false,"boss_relics":[{"not_picked":["Runic Pyramid","Fusion Hammer"],"picked":"Astrolabe"},{"not_picked":["Runic Dome","Orrery"],"picked":"Black Blood"}],"items_purged_floors":[10,19,39],"is_endless":false,"potions_floor_spawned":[3,4,12,16,18,23,28,31,38,44],"ascension_level":0}