{"gold_per_floor":[20,38,138,149,161,161,180,235,259,259,275,275,291,40,40,138,138,156,176,176,176],"floor_reached":21,"playtime":1922,"items_purged":[],"score":208,"play_id":"e7f7dc1c-8134-452d-8efc-0d9305651a5c","local_time":"20180720184755","is_ascension_mode":false,"campfire_choices":[{"data":"Zap","floor":6,"key":"SMITH"},{"floor":10,"key":"REST"},{"floor":12,"key":"REST"},{"data":"Skim","floor":15,"key":"SMITH"}],"neow_cost":"NO_GOLD","seed_source_timestamp":23872868500011,"circlet_count":0,"master_deck":["Strike_B","Strike_B","Strike_B","Strike_B","Defend_B","Defend_B","Defend_B","Defend_B","Zap+1","Dualcast","Sweeping Beam","Coolheaded","Skim+1","All For One","Turbo","Meteor Strike","Scrape","Storm","Ghostly","Ghostly","Ghostly","Ghostly","Ghostly"],"relics":["Cracked Core","Bird Faced Urn","Tiny Chest","Strawberry","Meat on the Bone","Nuclear Battery"],"potions_floor_usage":[7,16,16,19],"damage_taken":[{"damage":3,"enemies":"Small Slimes","floor":1,"turns":3},{"damage":0,"enemies":"Cultist","floor":2,"turns":4},{"damage":5,"enemies":"Jaw Worm","floor":4,"turns":4},{"damage":8,"enemies":"Looter","floor":5,"turns":3},{"damage":4,"enemies":"Red Slaver","floor":7,"turns":4},{"damage":32,"enemies":"Lagavulin","floor":8,"turns":8},{"damage":12,"enemies":"Blue Slaver","floor":11,"turns":2},{"damage":22,"enemies":"Exordium Thugs","floor":13,"turns":3},{"damage":28,"enemies":"Hexaghost","floor":16,"turns":9},{"damage":9,"enemies":"Chosen","floor":18,"turns":6},{"damage":6,"enemies":"3 Byrds","floor":19,"turns":3},{"damage":41,"enemies":"Centurion and Healer","floor":21,"turns":11}],"seed_played":"-8384399892985331686","potions_obtained":[{"floor":5,"key":"AttackPotion"},{"floor":11,"key":"Fire Potion"},{"floor":13,"key":"FocusPotion"},{"floor":18,"key":"AttackPotion"}],"is_trial":false,"path_per_floor":["M","M","?","M","M","R","M","E","T","R","M","R","M","$","R","B",null,"M","M","?"],"character_chosen":"DEFECT","items_purchased":["Meat on the Bone"],"campfire_rested":2,"item_purchase_floors":[14],"current_hp_per_floor":[72,72,72,67,59,59,55,23,30,54,42,66,44,44,44,28,82,73,67,41,0],"gold":176,"neow_bonus":"ONE_RARE_RELIC","is_prod":false,"is_daily":false,"chose_seed":false,"campfire_upgraded":2,"win_rate":0,"timestamp":1532105275,"path_taken":["M","M","?","M","M","R","M","E","T","R","M","R","M","$","R","BOSS","M","M","?","?"],"build_version":"2018-07-19v2","purchased_purges":0,"victory":false,"max_hp_per_floor":[75,75,75,75,75,75,75,75,82,82,82,82,82,82,82,82,82,82,82,41,41],"card_choices":[{"not_picked":["Gash","Go for the Eyes","Stack"],"picked":"SKIP","floor":1},{"not_picked":["Doom and Gloom","Conserve Battery"],"picked":"Sweeping Beam","floor":2},{"not_picked":["Beam Cell","Conserve Battery"],"picked":"Coolheaded","floor":4},{"not_picked":["Go for the Eyes","Lockon","Steam"],"picked":"SKIP","floor":5},{"not_picked":["Turbo","Streamline"],"picked":"Skim","floor":7},{"not_picked":["Rebound","Reinforced Body"],"picked":"All For One","floor":8},{"not_picked":["Stack","Hologram","Glacier"],"picked":"SKIP","floor":11},{"not_picked":["Redo","Cold Snap"],"picked":"Turbo","floor":13},{"not_picked":["Buffer","Core Surge"],"picked":"Meteor Strike","floor":16},{"not_picked":["Ball Lightning","Sunder"],"picked":"Scrape","floor":18},{"not_picked":["Stack","Compile Driver"],"picked":"Storm","floor":19}],"player_experience":461295,"relics_obtained":[{"floor":8,"key":"Tiny Chest"},{"floor":9,"key":"Strawberry"}],"event_choices":[{"event_name":"Golden Shrine","player_choice":"Pray","floor":3,"damage_taken":0},{"event_name":"Ghosts","player_choice":"Became a Ghost","floor":20,"damage_taken":0}],"is_beta":false,"boss_relics":[{"not_picked":["Orrery","Runic Dome"],"picked":"Nuclear Battery"}],"items_purged_floors":[],"is_endless":false,"potions_floor_spawned":[5,11,13,18],"killed_by":"Centurion and Healer","ascension_level":0}