{"path_per_floor":["M","M","$","M","M","E","M","R","T","M","R","?","M","M","R","B",null,"M","?","M","?","$"],"character_chosen":"THE_SILENT","items_purchased":["Noxious Fumes","Infinite Blades","Master of Strategy","Poisoned Stab"],"gold_per_floor":[110,121,52,67,85,118,133,133,433,451,451,451,466,477,477,575,575,595,545,555,555,291],"floor_reached":23,"campfire_rested":2,"playtime":2421,"current_hp_per_floor":[69,69,69,69,69,51,36,36,36,24,49,49,44,42,67,22,84,71,71,32,32,32],"items_purged":[],"gold":291,"score":195,"play_id":"515cb2ff-c9ea-4299-9eb6-79f2eba0a32b","is_prod":false,"is_daily":false,"is_ascension_mode":false,"campfire_upgraded":1,"path_taken":["M","M","$","M","M","E","M","R","T","M","R","?","M","M","R","BOSS","M","?","M","?","?","E"],"build_version":"2018-02-12-PROD1","purchased_purges":0,"victory":false,"master_deck":["Defend_G","Defend_G","Defend_G","Defend_G","Defend_G","Strike_G","Strike_G","Strike_G","Strike_G","Strike_G","Survivor","Neutralize","Acrobatics","Dagger Throw","Noxious Fumes+1","Outmaneuver","Acrobatics","Prepared","Finisher","Slice","Regret","Dagger Throw","Bane","After Image","Slice","Dagger Spray+1","Decay","Infinite Blades","Master of Strategy","Poisoned Stab"],"max_hp_per_floor":[70,70,70,70,70,84,84,84,84,84,84,84,84,84,84,84,84,84,84,84,84,84],"relics":["Sozu","Mango","Old Coin","Ninja Scroll","Eternal Feather"],"card_choices":[{"not_picked":["Slice","Bane"],"picked":"Acrobatics"},{"not_picked":["Blade Dance","Eviscerate"],"picked":"Dagger Throw"},{"not_picked":["Deadly Poison","PiercingWail"],"picked":"Outmaneuver"},{"not_picked":["Dodge and Roll","Heel Hook"],"picked":"Acrobatics"},{"not_picked":["Cloak And Dagger","Sucker Punch"],"picked":"Prepared"},{"not_picked":["Deflect","Dagger Spray"],"picked":"Finisher"},{"not_picked":["Footwork","Doppelganger"],"picked":"Slice"},{"not_picked":["Slice","Outmaneuver"],"picked":"Dagger Throw"},{"not_picked":["Dagger Spray","Cloak And Dagger"],"picked":"Bane"},{"not_picked":["Doppelganger","Tools of the Trade"],"picked":"After Image"},{"not_picked":["Malaise","Sucker Punch"],"picked":"Slice"},{"not_picked":["Flying Knee","Reflex"],"picked":"Dagger Spray"}],"player_experience":66090,"potions_floor_usage":[],"damage_taken":[{"damage":1.0,"enemies":"Jaw Worm","floor":1.0,"turns":4.0},{"damage":0.0,"enemies":"Small Slimes","floor":2.0,"turns":4.0},{"damage":0.0,"enemies":"Blue Slaver","floor":4.0,"turns":5.0},{"damage":0.0,"enemies":"Large Slime","floor":5.0,"turns":7.0},{"damage":32.0,"enemies":"Lagavulin","floor":6.0,"turns":7.0},{"damage":15.0,"enemies":"3 Louse","floor":7.0,"turns":3.0},{"damage":12.0,"enemies":"Exordium Wildlife","floor":10.0,"turns":4.0},{"damage":5.0,"enemies":"Red Slaver","floor":13.0,"turns":2.0},{"damage":2.0,"enemies":"Looter","floor":14.0,"turns":2.0},{"damage":45.0,"enemies":"Hexaghost","floor":16.0,"turns":8.0},{"damage":13.0,"enemies":"3 Byrds","floor":18.0,"turns":4.0},{"damage":39,"enemies":"Spheric Guardian","floor":20,"turns":6},{"damage":35,"enemies":"Slavers","floor":23,"turns":1}],"event_choices":[{"event_name":"Big Fish","player_choice":"Box","floor":12.0,"damage_taken":0.0},{"event_name":"The Joust","player_choice":"Bet on Murderer","floor":19.0,"damage_taken":0.0},{"event_name":"Forgotten Altar","player_choice":"Smashed Altar","floor":21,"damage_taken":0}],"boss_relics":[],"potions_floor_spawned":[6,10,13,14,16,18],"seed_played":"4693730894317586568","killed_by":"Slavers","ascension_level":0,"is_trial":false}