{"path_per_floor":["M","M","$","M","M","R","?","M","T","?","M","$","M","$","R","B",null,"M","M","$","M","?"],"character_chosen":"IRONCLAD","items_purchased":["Art of War","Shrug It Off","Shrug It Off"],"gold_per_floor":[216,228,8,20,39,39,39,51,51,51,70,70,88,62,62,181,181,196,210,88,108,33,33],"floor_reached":23,"campfire_rested":0,"playtime":1853,"current_hp_per_floor":[80,80,80,80,80,80,77,73,73,73,74,74,74,74,74,51,74,31,19,19,29,29,0],"items_purged":["Strike_R","Strike_R"],"gold":33,"score":185,"play_id":"b22e7924-6e32-40cb-99b1-543bc4e2c975","local_time":"20180403214022","is_prod":false,"is_daily":false,"is_ascension_mode":false,"campfire_upgraded":2,"timestamp":1522784422,"path_taken":["M","M","$","M","M","R","?","M","T","?","?","$","M","$","R","BOSS","M","M","$","M","?","E"],"build_version":"2018-03-29v2","purchased_purges":2,"victory":false,"master_deck":["Strike_R","Strike_R","Defend_R","Defend_R","Defend_R","Defend_R","Bash","Body Slam+1","Iron Wave","Flame Barrier+1","Shrug It Off","Impervious","Seeing Red","Battle Trance","Shrug It Off"],"max_hp_per_floor":[80,80,80,80,80,80,80,80,80,74,74,74,74,74,74,74,74,74,74,74,74,74,74],"relics":["Black Blood","Art of War","Ornamental Fan","Dodecahedron","Golden Idol"],"card_choices":[{"not_picked":["Anger","Blood for Blood"],"picked":"Body Slam","floor":2},{"not_picked":["Dual Wield","Flex"],"picked":"Iron Wave","floor":4},{"not_picked":["Clothesline","Carnage"],"picked":"Flame Barrier","floor":5},{"not_picked":["Limit Break","Double Tap"],"picked":"Impervious","floor":16},{"not_picked":["Infernal Blade","Thunderclap"],"picked":"Seeing Red","floor":18},{"not_picked":["Thunderclap","Anger"],"picked":"Battle Trance","floor":19}],"player_experience":273438,"potions_floor_usage":[11,16,21,23],"damage_taken":[{"damage":3,"enemies":"Small Slimes","floor":1,"turns":4},{"damage":1,"enemies":"2 Louse","floor":2,"turns":3},{"damage":6,"enemies":"Cultist","floor":4,"turns":3},{"damage":4,"enemies":"Blue Slaver","floor":5,"turns":4},{"damage":10,"enemies":"Exordium Wildlife","floor":8,"turns":8},{"damage":1,"enemies":"Lots of Slimes","floor":11,"turns":4},{"damage":0,"enemies":"2 Fungi Beasts","floor":13,"turns":3},{"damage":29,"enemies":"Hexaghost","floor":16,"turns":11},{"damage":53,"enemies":"Spheric Guardian","floor":18,"turns":14},{"damage":22,"enemies":"2 Thieves","floor":19,"turns":5},{"damage":0,"enemies":"Snake Plant","floor":21,"turns":4},{"damage":30,"enemies":"Slavers","floor":23,"turns":5}],"event_choices":[{"event_name":"Scrap Ooze","player_choice":"success","floor":7,"damage_taken":3},{"event_name":"Golden Idol","player_choice":"Lose Max HP","floor":10,"damage_taken":0},{"event_name":"Beggar","player_choice":"Gave Gold","floor":22,"damage_taken":0}],"boss_relics":[{"not_picked":["Ectoplasm","White Beast Statue"],"picked":"Black Blood"}],"potions_floor_spawned":[5,13,16,19],"seed_played":"6159462075851124645","killed_by":"Slavers","ascension_level":0,"is_trial":false}