{"gold_per_floor":[116,66,16,16,16,16,42,217,269,293,293,293,304,314,314,314],"floor_reached":16,"playtime":1746,"items_purged":[],"score":163,"play_id":"ede7f5f1-2ac0-4add-a86a-c0a1d003cd41","local_time":"20190721155725","is_ascension_mode":true,"campfire_choices":[{"data":"Bash","floor":6,"key":"SMITH"},{"floor":12,"key":"REST"},{"data":"Heavy Blade","floor":15,"key":"SMITH"}],"neow_cost":"CURSE","seed_source_timestamp":890413774676600,"circlet_count":0,"master_deck":["AscendersBane","Strike_R","Strike_R","Strike_R","Strike_R","Defend_R","Defend_R+1","Defend_R","Defend_R","Bash+1","Dropkick","Shrug It Off","Flex+1","Battle Trance","Heavy Blade+1"],"relics":["Burning Blood","Calipers","Regal Pillow","Anchor","War Paint"],"potions_floor_usage":[16],"damage_taken":[{"damage":14,"enemies":"2 Louse","floor":1,"turns":3},{"damage":32,"enemies":"Gremlin Nob","floor":7,"turns":4},{"damage":0,"enemies":"Jaw Worm","floor":13,"turns":3},{"damage":0,"enemies":"Small Slimes","floor":14,"turns":3},{"damage":75,"enemies":"Hexaghost","floor":16,"turns":9}],"seed_played":"8928700806659797427","potions_obtained":[{"floor":14,"key":"PowerPotion"}],"is_trial":false,"path_per_floor":["M","?","$","?","$","R","E","?","T","T","?","R","M","M","R","B"],"character_chosen":"IRONCLAD","items_purchased":["Shrug It Off"],"campfire_rested":1,"item_purchase_floors":[3],"current_hp_per_floor":[60,60,60,53,53,53,27,27,27,27,27,63,69,72,72,0],"gold":314,"neow_bonus":"ONE_RARE_RELIC","is_prod":false,"is_daily":false,"chose_seed":false,"campfire_upgraded":2,"win_rate":0,"timestamp":1563749845,"path_taken":["M","?","$","?","$","R","E","?","T","?","?","R","?","M","R","BOSS"],"build_version":"2019-07-17","purchased_purges":0,"victory":false,"max_hp_per_floor":[75,72,72,72,72,72,72,72,72,72,72,72,72,72,72,72],"card_choices":[{"not_picked":["Pummel","Blood for Blood"],"picked":"Dropkick","floor":1},{"not_picked":["Sword Boomerang","Thunderclap"],"picked":"Flex","floor":7},{"not_picked":["Intimidate","True Grit"],"picked":"Battle Trance","floor":13},{"not_picked":["Flex","Anger"],"picked":"Heavy Blade","floor":14}],"player_experience":1379546,"relics_obtained":[{"floor":7,"key":"Regal Pillow"},{"floor":9,"key":"Anchor"},{"floor":10,"key":"War Paint"}],"event_choices":[{"cards_removed":["Parasite"],"damage_healed":0,"gold_gain":0,"player_choice":"Card Removal","damage_taken":0,"max_hp_gain":0,"max_hp_loss":0,"event_name":"The Cleric","floor":2,"gold_loss":50},{"cards_removed":["Strike_R"],"damage_healed":0,"gold_gain":0,"player_choice":"Card Removal","damage_taken":7,"max_hp_gain":0,"max_hp_loss":0,"event_name":"Golden Wing","floor":4,"gold_loss":0},{"damage_healed":0,"gold_gain":175,"player_choice":"AGREE","damage_taken":0,"max_hp_gain":0,"max_hp_loss":0,"event_name":"Liars Game","floor":8,"gold_loss":0,"cards_obtained":["Doubt"]},{"cards_removed":["Doubt"],"damage_healed":0,"gold_gain":0,"player_choice":"Purged","damage_taken":0,"max_hp_gain":0,"max_hp_loss":0,"event_name":"Purifier","floor":11,"gold_loss":0}],"is_beta":false,"boss_relics":[],"items_purged_floors":[],"is_endless":false,"potions_floor_spawned":[14],"killed_by":"Hexaghost","ascension_level":14}