{"gold_per_floor":[109,34,50,63,75,102,121,121,146,190,190,90,90,114,114,239,239,254,74,88,108,133,133,154,154,154,154,173,198,297,316,316,316],"floor_reached":33,"playtime":2932,"items_purged":["Strike_G","Strike_G"],"score":263,"play_id":"870c0d37-76e7-4df0-bd98-c3db584d4de4","local_time":"20190202234356","is_ascension_mode":false,"campfire_choices":[{"floor":13,"key":"REST"},{"data":"Noxious Fumes","floor":15,"key":"SMITH"},{"data":"Footwork","floor":23,"key":"SMITH"},{"data":"Malaise","floor":25,"key":"SMITH"},{"data":"Dagger Spray","floor":27,"key":"SMITH"},{"floor":32,"key":"REST"}],"neow_cost":"NONE","seed_source_timestamp":24945024970640,"circlet_count":0,"master_deck":["Defend_G","Defend_G","Defend_G","Defend_G","Defend_G","Strike_G","Strike_G","Survivor","Neutralize","Caltrops","Caltrops","Noxious Fumes+1","Skewer","Sucker Punch","Dagger Spray+1","Blade Dance","Malaise+1","Clumsy","Doubt","Shame","Footwork+1","Backflip+1","Bane","Terror+1","Backflip+1"],"relics":["Ring of the Snake","Pen Nib","Bronze Scales","Golden Idol","Bag of Marbles","Calling Bell","Orichalcum","Incense Burner","Toxic Egg 2","Snake Skull","Singing Bowl"],"potions_floor_usage":[6,6,10,16,20,24,28],"damage_taken":[{"damage":3,"enemies":"Jaw Worm","floor":1,"turns":6},{"damage":1,"enemies":"Cultist","floor":3,"turns":5},{"damage":2,"enemies":"Small Slimes","floor":4,"turns":5},{"damage":4,"enemies":"2 Fungi Beasts","floor":5,"turns":5},{"damage":17,"enemies":"Lagavulin","floor":6,"turns":7},{"damage":10,"enemies":"Large Slime","floor":7,"turns":5},{"damage":16,"enemies":"Gremlin Nob","floor":10,"turns":4},{"damage":9,"enemies":"Blue Slaver","floor":14,"turns":3},{"damage":23,"enemies":"Slime Boss","floor":16,"turns":8},{"damage":0,"enemies":"3 Byrds","floor":18,"turns":4},{"damage":14,"enemies":"Spheric Guardian","floor":20,"turns":5},{"damage":10,"enemies":"Centurion and Healer","floor":21,"turns":7},{"damage":1,"enemies":"Snecko","floor":22,"turns":5},{"damage":0,"enemies":"Cultist and Chosen","floor":24,"turns":5},{"damage":18,"enemies":"Snake Plant","floor":28,"turns":3},{"damage":19,"enemies":"3 Cultists","floor":29,"turns":5},{"damage":10,"enemies":"Cultist and Chosen","floor":31,"turns":6},{"damage":32,"enemies":"Collector","floor":33,"turns":6}],"seed_played":"8367243821275165265","potions_obtained":[{"floor":1,"key":"LiquidBronze"},{"floor":3,"key":"SkillPotion"},{"floor":4,"key":"Block Potion"},{"floor":10,"key":"Fire Potion"},{"floor":16,"key":"FearPotion"},{"floor":21,"key":"Explosive Potion"},{"floor":22,"key":"SpeedPotion"},{"floor":29,"key":"FairyPotion"}],"is_trial":false,"path_per_floor":["M","$","M","M","M","E","M","?","T","E","?","$","R","M","R","B",null,"M","$","M","M","M","R","M","R","T","R","M","M","?","M","R","B"],"character_chosen":"THE_SILENT","items_purchased":["Footwork","Snake Skull"],"campfire_rested":2,"item_purchase_floors":[19,19],"current_hp_per_floor":[67,67,66,64,60,43,33,33,33,17,17,17,36,27,27,4,65,65,65,51,41,40,40,40,40,40,40,24,5,5,3,23,0],"gold":316,"neow_bonus":"RANDOM_COMMON_RELIC","is_prod":false,"is_daily":false,"chose_seed":false,"campfire_upgraded":4,"win_rate":0,"timestamp":1549147436,"path_taken":["M","$","M","M","M","E","M","?","T","E","?","$","R","M","R","BOSS","M","$","M","?","M","R","M","R","T","R","M","M","?","M","R","BOSS"],"build_version":"2019-01-23","purchased_purges":2,"victory":false,"max_hp_per_floor":[70,70,70,70,70,70,70,65,65,65,65,65,65,65,65,65,65,65,65,65,65,65,65,65,65,65,65,67,67,67,69,69,69],"card_choices":[{"not_picked":["Bane","Blade Dance"],"picked":"Caltrops","floor":1},{"not_picked":["Masterful Stab","Underhanded Strike"],"picked":"Caltrops","floor":3},{"not_picked":["Bane","Poisoned Stab","Eviscerate"],"picked":"SKIP","floor":4},{"not_picked":["Deadly Poison","PiercingWail"],"picked":"Noxious Fumes","floor":5},{"not_picked":["Outmaneuver","Caltrops"],"picked":"Skewer","floor":6},{"not_picked":["Caltrops","Dodge and Roll"],"picked":"Sucker Punch","floor":7},{"not_picked":["PiercingWail","Sucker Punch"],"picked":"Dagger Spray","floor":10},{"not_picked":["Sucker Punch","Tactician"],"picked":"Malaise","floor":14},{"not_picked":["Setup+1","Bouncing Flask+1","Dagger Spray"],"picked":"SKIP","floor":18},{"not_picked":["Cloak And Dagger+1","Outmaneuver+1"],"picked":"Backflip+1","floor":20},{"not_picked":["Acrobatics+1","Underhanded Strike"],"picked":"Bane","floor":21},{"not_picked":["Slice","Accuracy","Outmaneuver+1"],"picked":"SKIP","floor":22},{"not_picked":["Skewer","Flying Knee+1"],"picked":"Terror+1","floor":24},{"not_picked":["Choke","Calculated Gamble+1","Accuracy"],"picked":"Singing Bowl","floor":28},{"not_picked":["Quick Slash+1","Die Die Die"],"picked":"Backflip+1","floor":29},{"not_picked":["Blade Dance+1","Dagger Spray+1","Calculated Gamble+1"],"picked":"Singing Bowl","floor":31}],"player_experience":700006,"relics_obtained":[{"floor":6,"key":"Bronze Scales"},{"floor":10,"key":"Bag of Marbles"},{"floor":17,"key":"Orichalcum"},{"floor":17,"key":"Incense Burner"},{"floor":17,"key":"Toxic Egg 2"},{"floor":26,"key":"Singing Bowl"}],"event_choices":[{"damage_healed":0,"gold_gain":0,"player_choice":"Lose Max HP","damage_taken":0,"relics_obtained":["Golden Idol"],"max_hp_gain":0,"max_hp_loss":5,"event_name":"Golden Idol","floor":8,"gold_loss":0},{"damage_healed":0,"gold_gain":0,"cards_transformed":["Strike_G"],"player_choice":"Transformed","damage_taken":0,"max_hp_gain":0,"max_hp_loss":0,"event_name":"Transmorgrifier","floor":11,"gold_loss":0,"cards_obtained":["Blade Dance"]},{"damage_healed":0,"gold_gain":99,"player_choice":"Stole From Cult","damage_taken":0,"max_hp_gain":0,"max_hp_loss":0,"event_name":"Nest","floor":30,"gold_loss":0}],"is_beta":false,"boss_relics":[{"not_picked":["Coffee Dripper","Orrery"],"picked":"Calling Bell"}],"items_purged_floors":[2,12],"is_endless":false,"potions_floor_spawned":[1,3,4,10,16,21,22,29],"killed_by":"Collector","ascension_level":0}