{"gold_per_floor":[15,35,35,35,48,66,66,96,176,187,187,187,198,262,262,366,366,385,385,14,114,127,127,127,127],"floor_reached":25,"playtime":1807,"items_purged":["Regret"],"score":201,"play_id":"d039f83e-a6cb-4172-a88a-0743cccf87e2","local_time":"20190120173433","is_ascension_mode":false,"campfire_choices":[{"data":"Zap","floor":7,"key":"SMITH"},{"floor":11,"key":"REST"},{"floor":15,"key":"REST"},{"floor":23,"key":"REST"}],"neow_cost":"NO_GOLD","seed_source_timestamp":13372852032990,"circlet_count":0,"master_deck":["Strike_B","Strike_B+1","Defend_B","Defend_B","Defend_B","Defend_B","Zap+1","Dualcast","Loop","Static Discharge+1","Iron Wave","Consume","Fission","Self Repair","Electrodynamics","Electrodynamics","Doubt","Redo+1","Steam Power+1","Recycle+1"],"relics":["Cracked Core","Emotion Chip","Kunai","Juzu Bracelet","Bag of Preparation","Calling Bell","Boot","Thread and Needle","Toxic Egg 2","MutagenicStrength","StoneCalendar","Darkstone Periapt","Prayer Wheel"],"potions_floor_usage":[6,6,14,21,22],"damage_taken":[{"damage":5,"enemies":"Jaw Worm","floor":1,"turns":4},{"damage":4,"enemies":"2 Louse","floor":2,"turns":3},{"damage":1,"enemies":"Cultist","floor":5,"turns":3},{"damage":0,"enemies":"Large Slime","floor":6,"turns":5},{"damage":21,"enemies":"Gremlin Nob","floor":8,"turns":4},{"damage":5,"enemies":"Looter","floor":10,"turns":3},{"damage":6,"enemies":"2 Fungi Beasts","floor":13,"turns":6},{"damage":26,"enemies":"Gremlin Nob","floor":14,"turns":4},{"damage":24,"enemies":"Hexaghost","floor":16,"turns":5},{"damage":25,"enemies":"Shell Parasite","floor":18,"turns":4},{"damage":17,"enemies":"Colosseum Slavers","floor":21,"turns":3},{"damage":30,"enemies":"Colosseum Nobs","floor":21,"turns":4},{"damage":10,"enemies":"2 Thieves","floor":22,"turns":3},{"damage":30,"enemies":"Book of Stabbing","floor":25,"turns":4}],"seed_played":"5797284727698450958","potions_obtained":[{"floor":2,"key":"Block Potion"},{"floor":5,"key":"Weak Potion"},{"floor":6,"key":"Energy Potion"},{"floor":18,"key":"Dexterity Potion"},{"floor":21,"key":"AttackPotion"}],"is_trial":false,"path_per_floor":["M","M","?","?","M","M","R","E","T","M","R","?","M","?","R","B",null,"M","?","$","?","M","R","?","E"],"character_chosen":"DEFECT","items_purchased":["StoneCalendar"],"campfire_rested":3,"item_purchase_floors":[20],"current_hp_per_floor":[70,66,51,51,50,50,50,29,29,24,46,43,44,25,47,30,75,57,57,57,17,7,29,29,0],"gold":127,"neow_bonus":"TRANSFORM_TWO_CARDS","is_prod":false,"is_daily":false,"chose_seed":false,"campfire_upgraded":1,"win_rate":0,"timestamp":1548002073,"path_taken":["M","M","?","?","?","M","R","E","T","M","R","?","M","?","R","BOSS","M","?","$","?","M","R","?","E"],"build_version":"2019-01-17v2","purchased_purges":1,"victory":false,"max_hp_per_floor":[75,75,75,75,75,75,75,75,75,75,75,75,75,75,75,75,75,75,75,75,75,75,75,75,75],"card_choices":[{"not_picked":["Steam","Compile Driver","Ball Lightning"],"picked":"SKIP","floor":1},{"not_picked":["Doom and Gloom","Barrage"],"picked":"Static Discharge","floor":2},{"not_picked":["Aggregate","Barrage"],"picked":"Consume","floor":5},{"not_picked":["Cold Snap","Sweeping Beam","Go for the Eyes"],"picked":"SKIP","floor":6},{"not_picked":["Redo","Amplify"],"picked":"Fission","floor":8},{"not_picked":["Scrape","Beam Cell"],"picked":"Self Repair","floor":10},{"not_picked":["Rebound","Cold Snap","Leap"],"picked":"SKIP","floor":13},{"not_picked":["Gash","Hologram"],"picked":"Electrodynamics","floor":14},{"not_picked":["Core Surge","Biased Cognition"],"picked":"Electrodynamics","floor":16},{"not_picked":["Sweeping Beam","Stack+1","Beam Cell"],"picked":"SKIP","floor":18},{"not_picked":["Conserve Battery+1","Beam Cell"],"picked":"Redo+1","floor":21},{"not_picked":["Go for the Eyes","Compile Driver"],"picked":"Steam Power+1","floor":22},{"not_picked":["Scrape","Auto Shields+1"],"picked":"Recycle+1","floor":22}],"player_experience":566500,"relics_obtained":[{"floor":8,"key":"Emotion Chip"},{"floor":9,"key":"Kunai"},{"floor":14,"key":"Bag of Preparation"},{"floor":17,"key":"Boot"},{"floor":17,"key":"Thread and Needle"},{"floor":17,"key":"Toxic Egg 2"},{"floor":21,"key":"Darkstone Periapt"},{"floor":21,"key":"Prayer Wheel"}],"event_choices":[{"damage_healed":0,"gold_gain":0,"player_choice":"Entered Light","damage_taken":15,"max_hp_gain":0,"max_hp_loss":0,"event_name":"Shining Light","floor":3,"gold_loss":0,"cards_upgraded":["Static Discharge","Strike_B"]},{"cards_removed":["Reboot"],"damage_healed":0,"gold_gain":0,"player_choice":"Took Card","damage_taken":0,"max_hp_gain":0,"max_hp_loss":0,"event_name":"NoteForYourself","floor":4,"gold_loss":0,"cards_obtained":["Iron Wave"]},{"damage_healed":0,"gold_gain":0,"player_choice":"Success","damage_taken":3,"relics_obtained":["Juzu Bracelet"],"max_hp_gain":0,"max_hp_loss":0,"event_name":"Scrap Ooze","floor":12,"gold_loss":0},{"damage_healed":0,"gold_gain":0,"player_choice":"Searched \u00271\u0027 times","damage_taken":0,"max_hp_gain":0,"max_hp_loss":0,"event_name":"Dead Adventurer","floor":14,"gold_loss":0},{"damage_healed":0,"gold_gain":0,"player_choice":"Inject Mutagens","damage_taken":0,"relics_obtained":["MutagenicStrength"],"max_hp_gain":0,"max_hp_loss":0,"event_name":"Drug Dealer","floor":19,"gold_loss":0},{"damage_healed":0,"gold_gain":0,"player_choice":"Fight","damage_taken":0,"max_hp_gain":0,"max_hp_loss":0,"event_name":"Colosseum","floor":21,"gold_loss":0},{"damage_healed":0,"gold_gain":0,"player_choice":"Fought Nobs","damage_taken":0,"max_hp_gain":0,"max_hp_loss":0,"event_name":"Colosseum","floor":21,"gold_loss":0},{"cards_removed":["Regret"],"damage_healed":0,"gold_gain":0,"player_choice":"Elegance","damage_taken":0,"max_hp_gain":0,"max_hp_loss":0,"event_name":"Back to Basics","floor":24,"gold_loss":0}],"is_beta":false,"boss_relics":[{"not_picked":["Nuclear Battery","Fusion Hammer"],"picked":"Calling Bell"}],"items_purged_floors":[20],"is_endless":false,"potions_floor_spawned":[2,5,6,18,21],"killed_by":"Book of Stabbing","ascension_level":0}