{"gold_per_floor":[118,128,128,128,5,5,35,48,97,97,110,124,124,135,135,231,231,251,261,261,166,183,183,211,211,236,236,251,262,262,275,275,275],"floor_reached":33,"playtime":1968,"items_purged":["Strike_B"],"score":404,"play_id":"f90f5e9e-5c74-46f0-9322-1e1f1c44a16e","local_time":"20190907140930","is_ascension_mode":true,"campfire_choices":[{"data":"Zap","floor":6.0,"key":"SMITH"},{"data":"Dualcast","floor":10,"key":"SMITH"},{"data":"Scrape","floor":13,"key":"SMITH"},{"data":"Coolheaded","floor":15,"key":"SMITH"},{"floor":23,"key":"REST"},{"data":"Defragment","floor":25,"key":"SMITH"},{"data":"Double Energy","floor":27,"key":"SMITH"},{"data":"Darkness","floor":30,"key":"SMITH"},{"floor":32,"key":"REST"}],"neow_cost":"NONE","seed_source_timestamp":1839614132014400,"circlet_count":0,"master_deck":["AscendersBane","Zap+1","Dualcast+1","Go for the Eyes","Scrape+1","Coolheaded+1","Gash","Ball Lightning","Streamline","Compile Driver","Coolheaded","Undo","Machine Learning","Double Energy+1","Streamline","Glacier","Melter","Darkness+1","Defragment+1","Sweeping Beam+1","Panacea","Gash","Glacier","Chill","Redo"],"special_seed":0,"relics":["Cracked Core","Orichalcum","Ancient Tea Set","Vajra","Happy Flower","Pandora\u0027s Box","Du-Vu Doll","Regal Pillow"],"potions_floor_usage":[24,24,33],"damage_taken":[{"damage":0.0,"enemies":"2 Louse","floor":1.0,"turns":2.0},{"damage":2.0,"enemies":"Jaw Worm","floor":2.0,"turns":3.0},{"damage":14,"enemies":"3 Sentries","floor":7,"turns":8},{"damage":0,"enemies":"Cultist","floor":8,"turns":3},{"damage":1,"enemies":"Blue Slaver","floor":11,"turns":2},{"damage":6,"enemies":"Exordium Wildlife","floor":12,"turns":2},{"damage":0,"enemies":"Large Slime","floor":14,"turns":3},{"damage":22,"enemies":"Hexaghost","floor":16,"turns":8},{"damage":8,"enemies":"Shell Parasite","floor":18,"turns":4},{"damage":0,"enemies":"Spheric Guardian","floor":19,"turns":3},{"damage":23,"enemies":"Snake Plant","floor":22,"turns":5},{"damage":19,"enemies":"Book of Stabbing","floor":24,"turns":4},{"damage":0,"enemies":"Snecko","floor":28,"turns":4},{"damage":15,"enemies":"Centurion and Healer","floor":29,"turns":6},{"damage":17,"enemies":"Shelled Parasite and Fungi","floor":31,"turns":5},{"damage":69,"enemies":"Automaton","floor":33,"turns":6}],"seed_played":"-7825722802714896242","potions_obtained":[{"floor":1.0,"key":"Dexterity Potion"},{"floor":7,"key":"EssenceOfSteel"},{"floor":8,"key":"LiquidBronze"},{"floor":18,"key":"Regen Potion"},{"floor":31,"key":"Strength Potion"}],"is_trial":false,"path_per_floor":["M","M","?","?","$","R","E","M","T","R","M","M","R","M","R","B",null,"M","M","?","$","M","R","E","R","T","R","M","M","R","M","R","B"],"character_chosen":"DEFECT","items_purchased":["Gash","Panacea"],"campfire_rested":2,"item_purchase_floors":[5,21],"current_hp_per_floor":[68,66,59,59,59,59,45,45,45,45,44,38,38,38,38,16,60,52,52,52,52,29,51,44,44,44,44,44,29,29,12,49,0],"gold":275,"neow_bonus":"RANDOM_COMMON_RELIC","is_prod":false,"is_daily":false,"chose_seed":false,"campfire_upgraded":7,"win_rate":0,"timestamp":1567890570,"path_taken":["M","M","?","?","$","R","E","M","T","R","M","M","R","M","R","BOSS","M","?","?","$","M","R","E","R","T","R","M","M","R","M","R","BOSS"],"build_version":"2019-07-17","purchased_purges":1,"victory":false,"max_hp_per_floor":[75,75,75,75,75,75,75,75,75,75,75,75,75,75,75,75,75,75,75,75,75,75,75,75,75,75,75,75,75,75,75,75,75],"card_choices":[{"not_picked":["Rip and Tear","Ball Lightning"],"picked":"Go for the Eyes","floor":1.0},{"not_picked":["Streamline","Stack"],"picked":"Scrape","floor":2.0},{"not_picked":["Thunder Strike","Conserve Battery"],"picked":"Ball Lightning","floor":7},{"not_picked":["Turbo","Scrape"],"picked":"Streamline","floor":8},{"not_picked":["Conserve Battery","Force Field"],"picked":"Compile Driver","floor":11},{"not_picked":["Hologram","Cold Snap"],"picked":"Coolheaded","floor":12},{"not_picked":["Stack","Cold Snap"],"picked":"Undo","floor":14},{"not_picked":["Meteor Strike","Rainbow"],"picked":"Machine Learning","floor":16},{"not_picked":["Conserve Battery","Cold Snap","Hologram"],"picked":"SKIP","floor":18},{"not_picked":["Compile Driver","Streamline"],"picked":"Sweeping Beam+1","floor":19},{"not_picked":["Reinforced Body+1","Steam"],"picked":"Gash","floor":22},{"not_picked":["Tempest+1","Chill"],"picked":"Glacier","floor":24},{"not_picked":["Reboot","Doom and Gloom"],"picked":"Chill","floor":28},{"not_picked":["Coolheaded","Rip and Tear","Go for the Eyes"],"picked":"SKIP","floor":29},{"not_picked":["Hello World","Consume+1"],"picked":"Redo","floor":31}],"player_experience":284070,"relics_obtained":[{"floor":7,"key":"Vajra"},{"floor":9,"key":"Happy Flower"},{"floor":24,"key":"Du-Vu Doll"},{"floor":26,"key":"Regal Pillow"}],"event_choices":[{"damage_healed":0.0,"max_hp_gain":0.0,"max_hp_loss":0.0,"gold_gain":0.0,"event_name":"Scrap Ooze","player_choice":"Success","floor":3.0,"gold_loss":0.0,"damage_taken":7.0,"relics_obtained":["Ancient Tea Set"]},{"damage_healed":0.0,"max_hp_gain":0.0,"max_hp_loss":0.0,"gold_gain":0.0,"event_name":"Match and Keep!","player_choice":"1 cards matched","floor":4.0,"gold_loss":0.0,"damage_taken":0.0,"cards_obtained":["Coolheaded"]},{"cards_removed":["Steam"],"damage_healed":0,"gold_gain":0,"player_choice":"Elegance","damage_taken":0,"max_hp_gain":0,"max_hp_loss":0,"event_name":"Back to Basics","floor":20,"gold_loss":0}],"is_beta":false,"boss_relics":[{"not_picked":["Orrery","Black Star"],"picked":"Pandora\u0027s Box"}],"items_purged_floors":[5],"is_endless":false,"potions_floor_spawned":[1,7,8,12,18,22,31],"killed_by":"Automaton","ascension_level":10}