{"path_per_floor":["M","M","M","M","$","E","R","M","T","M","M","M","R","?","R","B",null,"M","M","M","$","?"],"character_chosen":"THE_SILENT","items_purchased":["Backstab","Outmaneuver","Ninja Scroll","Accuracy","Sucker Punch"],"gold_per_floor":[112,128,141,152,67,96,96,107,107,119,136,156,156,231,231,333,333,353,363,376,0,0],"floor_reached":23,"campfire_rested":3,"playtime":2063,"current_hp_per_floor":[58,54,54,54,54,28,46,39,39,28,28,25,43,32,50,16,63,48,48,26,26,26],"items_purged":[],"gold":0,"score":222,"play_id":"07127674-f2f1-4a95-86e9-b41ce21d8176","is_prod":false,"is_daily":false,"is_ascension_mode":false,"campfire_upgraded":0,"path_taken":["M","M","M","M","$","E","R","M","T","M","M","M","R","?","R","BOSS","M","M","M","$","?","E"],"build_version":"2018-02-12-PROD1","purchased_purges":0,"victory":false,"master_deck":["Defend_G","Defend_G","Defend_G","Defend_G","Defend_G","Strike_G","Strike_G","Strike_G","Strike_G","Strike_G","Survivor","Neutralize","Slice","Backflip","Dagger Spray","Backflip","Backstab","Outmaneuver","Quick Slash","Accuracy","Noxious Fumes","Endless Agony","Dagger Throw","Phantasmal Killer","Flying Knee","Backstab","Dash","Quick Slash","Heel Hook","Blade Dance","Sucker Punch+1","Quick Slash+1","Accuracy","Sucker Punch","Decay"],"max_hp_per_floor":[63,63,63,63,63,63,63,63,63,63,63,63,63,63,63,63,63,63,63,63,63,63],"relics":["Ring of the Snake","Calipers","Ginger","Du-Vu Doll","Orrery","Ninja Scroll"],"card_choices":[{"not_picked":["Poisoned Stab","Catalyst"],"picked":"Slice"},{"not_picked":["Reflex","Slice"],"picked":"Backflip"},{"not_picked":["Deadly Poison","Sucker Punch"],"picked":"Dagger Spray"},{"not_picked":["Riddle With Holes","Choke"],"picked":"Backflip"},{"not_picked":["Night Terror","Underhanded Strike"],"picked":"Quick Slash"},{"not_picked":["Prepared","Dodge and Roll"],"picked":"Accuracy"},{"not_picked":["Bouncing Flask","Footwork"],"picked":"Noxious Fumes"},{"not_picked":["Malaise","Sucker Punch"],"picked":"Endless Agony"},{"not_picked":["Acrobatics","Backflip"],"picked":"Dagger Throw"},{"not_picked":["Tools of the Trade","Night Terror"],"picked":"Phantasmal Killer"},{"not_picked":["Accuracy","Dodge and Roll"],"picked":"Flying Knee"},{"not_picked":["Caltrops","Malaise"],"picked":"Backstab"},{"not_picked":["Distraction","Prepared"],"picked":"Dash"},{"not_picked":["Deadly Poison","Sucker Punch"],"picked":"Quick Slash"},{"not_picked":["Crippling Poison","Malaise"],"picked":"Heel Hook"},{"not_picked":["Outmaneuver","Dodge and Roll"],"picked":"Blade Dance"},{"not_picked":["Noxious Fumes","Unload"],"picked":"Sucker Punch"},{"not_picked":["Dagger Spray","Underhanded Strike"],"picked":"Quick Slash"}],"player_experience":111049,"potions_floor_usage":[6,16,16,16,19,23],"damage_taken":[{"damage":5,"enemies":"Small Slimes","floor":1,"turns":4},{"damage":4,"enemies":"Cultist","floor":2,"turns":3},{"damage":0,"enemies":"Blue Slaver","floor":3,"turns":5},{"damage":0,"enemies":"3 Louse","floor":4,"turns":3},{"damage":26,"enemies":"Gremlin Nob","floor":6,"turns":5},{"damage":7,"enemies":"Large Slime","floor":8,"turns":6},{"damage":11,"enemies":"Exordium Wildlife","floor":10,"turns":6},{"damage":0,"enemies":"3 Louse","floor":11,"turns":3},{"damage":3,"enemies":"2 Fungi Beasts","floor":12,"turns":3},{"damage":34,"enemies":"Slime Boss","floor":16,"turns":11},{"damage":15,"enemies":"Shell Parasite","floor":18,"turns":5},{"damage":0,"enemies":"Spheric Guardian","floor":19,"turns":1},{"damage":22,"enemies":"3 Cultists","floor":20,"turns":6},{"damage":26,"enemies":"Gremlin Leader","floor":23,"turns":3}],"event_choices":[{"event_name":"World of Goop","player_choice":"Gather Gold","floor":14,"damage_taken":0},{"event_name":"Forgotten Altar","player_choice":"Smashed Altar","floor":22,"damage_taken":0}],"boss_relics":[{"not_picked":["Sozu","Velvet Choker"],"picked":"Orrery"}],"potions_floor_spawned":[3,6,10,12,16,20],"seed_played":"-8992916718260931366","killed_by":"Gremlin Leader","ascension_level":0,"is_trial":false}