{"gold_per_floor":[119,135,155,170,181,181,181,214,241,241,258,273,302,322,322,417,417,417,417,342,342,342,342,342,342,342,342,18,18,18,18,18,18,18,18,18,0,0,0,0,0,0,0,0,0,0,0,0,0,0],"floor_reached":50,"playtime":2372,"items_purged":["Strike_R"],"score":506,"play_id":"c815eae4-1ce0-44fd-ac63-4e3ecdb25174","local_time":"20190829002218","is_ascension_mode":false,"campfire_choices":[{"floor":6,"key":"REST"},{"floor":10,"key":"REST"},{"floor":15,"key":"REST"},{"data":"Armaments","floor":23,"key":"SMITH"},{"data":"Rage","floor":25,"key":"SMITH"},{"data":"Disarm","floor":27,"key":"SMITH"},{"floor":32,"key":"REST"},{"data":"Shrug It Off","floor":40,"key":"SMITH"},{"floor":44,"key":"REST"},{"floor":49,"key":"REST"}],"neow_cost":"NONE","seed_source_timestamp":1298200235820426,"circlet_count":0,"master_deck":["Strike_R","Strike_R","Strike_R+1","Defend_R","Defend_R","Defend_R","Defend_R","Bash+1","Flame Barrier","Warcry","Armaments+1","Disarm+1","Juggernaut","Anger+1","Iron Wave+1","Headbutt","Immolate","Cleave","Rage+1","Immolate","Bloodletting","Evolve","Shrug It Off+1","Shrug It Off","Offering","Warcry+1","Infernal Blade+1","Writhe","Second Wind","Dual Wield+1","Writhe"],"relics":["Burning Blood","Bottled Lightning","PreservedInsect","Whetstone","Ectoplasm","Vajra","Sundial","Bottled Flame","Cursed Key","Red Mask","Ornamental Fan","Omamori"],"potions_floor_usage":[42,50,50,50],"damage_taken":[{"damage":5,"enemies":"Small Slimes","floor":1,"turns":5},{"damage":6,"enemies":"2 Louse","floor":2,"turns":5},{"damage":7,"enemies":"Cultist","floor":3,"turns":5},{"damage":49,"enemies":"Exordium Thugs","floor":4,"turns":9},{"damage":9,"enemies":"3 Louse","floor":5,"turns":6},{"damage":31,"enemies":"Gremlin Nob","floor":8,"turns":5},{"damage":5,"enemies":"Blue Slaver","floor":11,"turns":4},{"damage":0,"enemies":"2 Fungi Beasts","floor":12,"turns":4},{"damage":20,"enemies":"Lagavulin","floor":13,"turns":5},{"damage":0,"enemies":"Exordium Wildlife","floor":14,"turns":3},{"damage":20,"enemies":"Hexaghost","floor":16,"turns":9},{"damage":0,"enemies":"Chosen","floor":18,"turns":4},{"damage":28,"enemies":"2 Thieves","floor":20,"turns":4},{"damage":16,"enemies":"Chosen and Byrds","floor":22,"turns":5},{"damage":27,"enemies":"Book of Stabbing","floor":24,"turns":5},{"damage":9,"enemies":"3 Cultists","floor":30,"turns":3},{"damage":3,"enemies":"Centurion and Healer","floor":31,"turns":4},{"damage":56,"enemies":"Champ","floor":33,"turns":13},{"damage":11,"enemies":"3 Shapes","floor":35,"turns":3},{"damage":16,"enemies":"Orb Walker","floor":36,"turns":5},{"damage":19,"enemies":"Sphere and 2 Shapes","floor":39,"turns":3},{"damage":45,"enemies":"Reptomancer","floor":42,"turns":5},{"damage":9,"enemies":"3 Darklings","floor":45,"turns":4},{"damage":8,"enemies":"Spire Growth","floor":47,"turns":5},{"damage":92,"enemies":"Awakened One","floor":50,"turns":11}],"seed_played":"-1100060084699185377","potions_obtained":[{"floor":1,"key":"Strength Potion"},{"floor":5,"key":"Energy Potion"},{"floor":11,"key":"Poison Potion"},{"floor":12,"key":"Block Potion"},{"floor":14,"key":"BloodPotion"},{"floor":20,"key":"LiquidBronze"},{"floor":42,"key":"Strength Potion"}],"is_trial":false,"path_per_floor":["M","M","M","M","M","R","?","E","T","R","M","M","E","M","R","B",null,"M","?","M","?","M","R","E","R","T","R","$","$","M","M","R","B",null,"M","M","?","?","M","R","$","E","T","R","M","?","M","T","R","B"],"character_chosen":"IRONCLAD","items_purchased":["Bottled Flame"],"campfire_rested":6,"item_purchase_floors":[28],"current_hp_per_floor":[80,80,79,36,33,57,41,16,16,40,41,47,33,39,63,49,80,80,80,58,80,70,70,49,49,49,49,49,49,46,49,73,23,80,75,65,65,80,67,67,67,28,28,52,49,49,47,47,71,0],"gold":0,"neow_bonus":"TRANSFORM_CARD","is_prod":false,"is_daily":false,"chose_seed":false,"campfire_upgraded":4,"win_rate":0,"timestamp":1567030938,"path_taken":["M","M","M","M","M","R","?","E","T","R","M","M","E","M","R","BOSS","M","?","M","?","?","R","E","R","T","R","?","$","M","M","R","BOSS","M","M","?","?","M","R","?","E","T","R","M","?","?","?","R","BOSS"],"build_version":"2019-07-17","purchased_purges":1,"victory":false,"max_hp_per_floor":[80,80,80,80,80,80,80,80,80,80,80,80,80,80,80,80,80,80,80,80,80,80,80,80,80,80,80,80,80,80,80,80,80,80,80,80,80,80,80,80,80,80,80,80,80,80,80,80,80,80],"card_choices":[{"not_picked":["Burning Pact","Heavy Blade"],"picked":"Warcry","floor":1},{"not_picked":["Sword Boomerang","Iron Wave"],"picked":"Armaments","floor":2},{"not_picked":["Iron Wave","Sever Soul"],"picked":"Disarm","floor":3},{"not_picked":["Clothesline","Entrench"],"picked":"Juggernaut","floor":4},{"not_picked":["Corruption","Heavy Blade"],"picked":"Anger","floor":5},{"not_picked":["Hemokinesis","Havoc"],"picked":"Iron Wave","floor":8},{"not_picked":["Pommel Strike","Clash"],"picked":"Headbutt","floor":11},{"not_picked":["Headbutt","Anger"],"picked":"Immolate","floor":12},{"not_picked":["Body Slam","Brutality"],"picked":"Cleave","floor":13},{"not_picked":["Battle Trance","Pommel Strike"],"picked":"Rage","floor":14},{"not_picked":["Demon Form","Juggernaut"],"picked":"Immolate","floor":16},{"not_picked":["Havoc","Flex"],"picked":"Bloodletting","floor":18},{"not_picked":["Headbutt","Anger","Combust"],"picked":"SKIP","floor":20},{"not_picked":["Sword Boomerang","Anger","Warcry"],"picked":"SKIP","floor":22},{"not_picked":["Pommel Strike","Limit Break"],"picked":"Shrug It Off","floor":24},{"not_picked":["Iron Wave+1","Perfected Strike"],"picked":"Shrug It Off","floor":30},{"not_picked":["Anger+1","Shrug It Off","Armaments+1"],"picked":"SKIP","floor":31},{"not_picked":["Limit Break","Barricade"],"picked":"Offering","floor":33},{"not_picked":["Perfected Strike+1","Pommel Strike+1"],"picked":"Warcry+1","floor":35},{"not_picked":["Rupture+1","Pommel Strike"],"picked":"Infernal Blade+1","floor":36},{"not_picked":["Pummel+1","Heavy Blade","Entrench"],"picked":"SKIP","floor":39},{"not_picked":["Clash+1","Shockwave"],"picked":"Second Wind","floor":42},{"not_picked":["Sword Boomerang","Anger+1"],"picked":"Dual Wield+1","floor":45},{"not_picked":["Perfected Strike+1","Iron Wave","Sword Boomerang+1"],"picked":"SKIP","floor":47}],"player_experience":70849,"relics_obtained":[{"floor":8,"key":"Bottled Lightning"},{"floor":9,"key":"PreservedInsect"},{"floor":13,"key":"Whetstone"},{"floor":24,"key":"Vajra"},{"floor":26,"key":"Sundial"},{"floor":42,"key":"Ornamental Fan"},{"floor":48,"key":"Omamori"}],"event_choices":[{"damage_healed":0,"gold_gain":0,"player_choice":"Entered Light","damage_taken":16,"max_hp_gain":0,"max_hp_loss":0,"event_name":"Shining Light","floor":7,"gold_loss":0,"cards_upgraded":["Anger","Strike_R"]},{"damage_healed":0,"gold_gain":0,"player_choice":"Read","damage_taken":0,"max_hp_gain":0,"max_hp_loss":0,"event_name":"The Library","floor":19,"gold_loss":0,"cards_obtained":["Evolve"]},{"damage_healed":22,"gold_gain":0,"player_choice":"Full Heal","damage_taken":0,"max_hp_gain":0,"max_hp_loss":0,"event_name":"Wheel of Change","floor":21,"gold_loss":0},{"damage_healed":0,"gold_gain":0,"player_choice":"Paid","damage_taken":0,"relics_obtained":["Red Mask"],"max_hp_gain":0,"max_hp_loss":0,"event_name":"Tomb of Lord Red Mask","floor":37,"gold_loss":18},{"damage_healed":20,"gold_gain":0,"player_choice":"Writhe","damage_taken":0,"max_hp_gain":0,"max_hp_loss":0,"event_name":"Winding Halls","floor":38,"gold_loss":0,"cards_obtained":["Writhe"]},{"damage_healed":0,"gold_gain":0,"player_choice":"Memory 1","damage_taken":0,"max_hp_gain":0,"max_hp_loss":0,"event_name":"SensoryStone","floor":46,"gold_loss":0}],"is_beta":false,"boss_relics":[{"not_picked":["Eternal Feather","Runic Pyramid"],"picked":"Ectoplasm"},{"not_picked":["White Beast Statue","Lizard Tail"],"picked":"Cursed Key"}],"items_purged_floors":[28],"is_endless":false,"potions_floor_spawned":[1,5,11,12,14,18,20,42,45,47],"killed_by":"Awakened One","ascension_level":0}