{"gold_per_floor":[14,27,27,37,56,82,7,7,60,60,70,145,155,155,155,286,286,305,305,230,246,196,196,207,207,207,207,122,122,136,148,148,246,246,262,262,262,115,129,159,159,171,171,183,183,199,209,228,228,228,228,228,33,33],"floor_reached":54,"playtime":6129,"items_purged":["Strike_R","Strike_R","Strike_R","Defend_R"],"score":671,"play_id":"acc51970-3ca0-4bce-9955-448490371923","local_time":"20190201165230","is_ascension_mode":false,"campfire_choices":[{"data":"Pommel Strike","floor":8,"key":"SMITH"},{"data":"Body Slam","floor":15,"key":"SMITH"},{"data":"Body Slam","floor":23,"key":"SMITH"},{"data":"Bash","floor":25,"key":"SMITH"},{"data":"Cleave","floor":27,"key":"SMITH"},{"data":"Barricade","floor":32,"key":"SMITH"},{"floor":41,"key":"RECALL"},{"data":"Feel No Pain","floor":49,"key":"SMITH"},{"data":"Heavy Blade","floor":52,"key":"SMITH"}],"neow_cost":"NO_GOLD","seed_source_timestamp":481749580650,"circlet_count":0,"master_deck":["Strike_R+1","Defend_R","Defend_R","Defend_R","Bash+1","Offering","Disarm+1","Pommel Strike+1","Shrug It Off","Heavy Blade+1","Cleave+1","Body Slam+1","Barricade+1","Body Slam+1","Feel No Pain+1","Fiend Fire","True Grit+1","Reboot","Whirlwind+1","Shrug It Off","Feed","Flex+1","Inflame+1"],"relics":["Burning Blood","Paper Frog","Smiling Mask","Bloody Idol","Runic Dome","Meat on the Bone","Red Skull","Enchiridion","Lizard Tail","Whetstone","Toxic Egg 2","Oddly Smooth Stone"],"potions_floor_usage":[4,11,16,18,30,31,31,33,40,44,48,50,50],"damage_taken":[{"damage":6,"enemies":"2 Louse","floor":1,"turns":2},{"damage":6,"enemies":"Small Slimes","floor":2,"turns":3},{"damage":7,"enemies":"Jaw Worm","floor":4,"turns":2},{"damage":4,"enemies":"2 Fungi Beasts","floor":5,"turns":4},{"damage":29,"enemies":"3 Sentries","floor":6,"turns":10},{"damage":0,"enemies":"3 Louse","floor":11,"turns":4},{"damage":4,"enemies":"Blue Slaver","floor":13,"turns":4},{"damage":53,"enemies":"Slime Boss","floor":16,"turns":11},{"damage":18,"enemies":"Shell Parasite","floor":18,"turns":7},{"damage":15,"enemies":"Spheric Guardian","floor":21,"turns":4},{"damage":17,"enemies":"Chosen and Byrds","floor":24,"turns":6},{"damage":0,"enemies":"Snecko","floor":30,"turns":4},{"damage":6,"enemies":"Cultist and Chosen","floor":31,"turns":3},{"damage":45,"enemies":"Automaton","floor":33,"turns":10},{"damage":61,"enemies":"3 Shapes","floor":35,"turns":4},{"damage":0,"enemies":"3 Darklings","floor":39,"turns":3},{"damage":39,"enemies":"Nemesis","floor":40,"turns":7},{"damage":37,"enemies":"4 Shapes","floor":42,"turns":6},{"damage":24,"enemies":"Writhing Mass","floor":44,"turns":6},{"damage":35,"enemies":"Spire Growth","floor":46,"turns":5},{"damage":18,"enemies":"Transient","floor":47,"turns":5},{"damage":36,"enemies":"3 Darklings","floor":48,"turns":3},{"damage":26,"enemies":"Time Eater","floor":50,"turns":11},{"damage":94,"enemies":"Shield and Spear","floor":54,"turns":5}],"seed_played":"-8644375046385764872","potions_obtained":[{"floor":2,"key":"Strength Potion"},{"floor":4,"key":"GamblersBrew"},{"floor":6,"key":"Block Potion"},{"floor":13,"key":"Explosive Potion"},{"floor":18,"key":"Poison Potion"},{"floor":24,"key":"Block Potion"},{"floor":30,"key":"GamblersBrew"},{"floor":31,"key":"FearPotion"},{"floor":35,"key":"LiquidBronze"},{"floor":39,"key":"Weak Potion"},{"floor":42,"key":"Swift Potion"},{"floor":47,"key":"BloodPotion"},{"floor":48,"key":"Swift Potion"}],"is_trial":false,"path_per_floor":["M","M","?","M","M","E","$","R","T","?","M","?","M","?","R","B",null,"M","?","?","M","$","R","M","R","T","R","?","?","M","M","R","B",null,"M","?","?","$","M","E","R","M","T","M","T","M","M","M","R","B",null,"R","$","E"],"character_chosen":"IRONCLAD","items_purchased":["Whirlwind","Shrug It Off","Oddly Smooth Stone"],"campfire_rested":0,"item_purchase_floors":[38,38,53],"current_hp_per_floor":[80,80,80,79,80,57,57,57,57,57,63,52,54,54,54,7,74,62,62,62,58,58,58,52,52,52,52,52,36,59,64,64,42,74,36,36,36,36,59,43,43,32,32,31,31,63,56,43,43,43,80,80,80,0],"gold":33,"neow_bonus":"THREE_RARE_CARDS","is_prod":false,"is_daily":false,"chose_seed":false,"campfire_upgraded":8,"win_rate":0,"timestamp":1549036350,"path_taken":["M","M","?","M","M","E","$","R","T","?","M","?","M","?","R","BOSS","M","?","?","M","$","R","M","R","T","R","?","?","M","M","R","BOSS","M","?","?","$","M","E","R","M","T","?","?","?","M","M","R","BOSS","R","$","E"],"build_version":"2019-01-23","purchased_purges":4,"victory":false,"max_hp_per_floor":[80,80,80,80,80,80,80,80,80,80,80,80,80,74,74,74,74,74,74,74,74,74,74,74,74,74,74,74,74,74,74,74,74,74,74,74,74,74,74,74,74,77,77,77,77,80,80,80,80,80,80,80,80,80],"card_choices":[{"not_picked":["Double Tap","Impervious"],"picked":"Offering","floor":0},{"not_picked":["Anger","Searing Blow"],"picked":"Disarm","floor":1},{"not_picked":["Bloodletting","Perfected Strike"],"picked":"Pommel Strike","floor":2},{"not_picked":["Twin Strike","Exhume"],"picked":"Shrug It Off","floor":4},{"not_picked":["Headbutt","Clash"],"picked":"Heavy Blade","floor":5},{"not_picked":["Seeing Red","True Grit"],"picked":"Cleave","floor":6},{"not_picked":["Heavy Blade","Dark Embrace","Havoc"],"picked":"SKIP","floor":11},{"not_picked":["True Grit","Battle Trance"],"picked":"Body Slam","floor":13},{"not_picked":["Dark Embrace","Exhume"],"picked":"Barricade","floor":16},{"not_picked":["Iron Wave","Perfected Strike","Sword Boomerang+1"],"picked":"SKIP","floor":18},{"not_picked":["Pommel Strike","Warcry+1"],"picked":"Body Slam","floor":21},{"not_picked":["Corruption","Burning Pact","Reckless Charge"],"picked":"SKIP","floor":24},{"not_picked":["Warcry","Anger"],"picked":"Thunderclap","floor":30},{"not_picked":["Disarm","Heavy Blade"],"picked":"Feel No Pain","floor":31},{"not_picked":["Limit Break","Juggernaut"],"picked":"Fiend Fire","floor":33},{"not_picked":["Wild Strike","Carnage"],"picked":"True Grit+1","floor":35},{"not_picked":["Rupture+1","Sword Boomerang+1","Iron Wave"],"picked":"SKIP","floor":39},{"not_picked":["Dropkick","Thunderclap"],"picked":"Feed","floor":40},{"not_picked":["Shrug It Off+1","Armaments"],"picked":"Flex+1","floor":42},{"not_picked":["Clothesline","Clash+1"],"picked":"Inflame+1","floor":44},{"not_picked":["Rampage+1","Cleave+1","Flex+1"],"picked":"SKIP","floor":46},{"not_picked":["True Grit+1","Hemokinesis","Perfected Strike+1"],"picked":"SKIP","floor":47},{"not_picked":["Wild Strike","Sword Boomerang+1","Power Through+1"],"picked":"SKIP","floor":48}],"player_experience":674716,"relics_obtained":[{"floor":6,"key":"Paper Frog"},{"floor":9,"key":"Smiling Mask"},{"floor":26,"key":"Meat on the Bone"},{"floor":29,"key":"Enchiridion"},{"floor":40,"key":"Whetstone"},{"floor":45,"key":"Toxic Egg 2"}],"event_choices":[{"damage_healed":0,"gold_gain":0,"player_choice":"Grow","damage_taken":0,"max_hp_gain":0,"max_hp_loss":0,"event_name":"Living Wall","floor":3,"gold_loss":0,"cards_upgraded":["Disarm"]},{"damage_healed":0,"gold_gain":0,"player_choice":"Ignored","damage_taken":0,"max_hp_gain":0,"max_hp_loss":0,"event_name":"Liars Game","floor":10,"gold_loss":0},{"damage_healed":0,"gold_gain":75,"player_choice":"Gather Gold","damage_taken":11,"max_hp_gain":0,"max_hp_loss":0,"event_name":"World of Goop","floor":12,"gold_loss":0},{"damage_healed":0,"gold_gain":0,"player_choice":"Lose Max HP","damage_taken":0,"relics_obtained":["Golden Idol"],"max_hp_gain":0,"max_hp_loss":6,"event_name":"Golden Idol","floor":14,"gold_loss":0},{"damage_healed":0,"gold_gain":0,"player_choice":"Gave Idol","damage_taken":0,"relics_obtained":["Bloody Idol"],"max_hp_gain":0,"max_hp_loss":0,"event_name":"Forgotten Altar","floor":19,"relics_lost":["Golden Idol"],"gold_loss":0},{"cards_removed":["Strike_R"],"damage_healed":0,"gold_gain":0,"player_choice":"Gave Gold","damage_taken":0,"max_hp_gain":0,"max_hp_loss":0,"event_name":"Beggar","floor":20,"gold_loss":75},{"damage_healed":0,"gold_gain":0,"player_choice":"Obtained Relic","damage_taken":0,"relics_obtained":["Red Skull"],"max_hp_gain":0,"max_hp_loss":0,"event_name":"Addict","floor":28,"gold_loss":85},{"damage_healed":0,"gold_gain":0,"player_choice":"Obtained Book","damage_taken":16,"max_hp_gain":0,"max_hp_loss":0,"event_name":"Cursed Tome","floor":29,"gold_loss":0},{"damage_healed":0,"gold_gain":0,"player_choice":"Ignored","damage_taken":0,"max_hp_gain":0,"max_hp_loss":0,"event_name":"Tomb of Lord Red Mask","floor":36,"gold_loss":0},{"cards_removed":["Thunderclap"],"damage_healed":0,"gold_gain":0,"player_choice":"Took Card","damage_taken":0,"max_hp_gain":0,"max_hp_loss":0,"event_name":"NoteForYourself","floor":37,"gold_loss":0,"cards_obtained":["Reboot"]}],"is_beta":false,"boss_relics":[{"not_picked":["Runic Pyramid","Eternal Feather"],"picked":"Runic Dome"},{"not_picked":["Coffee Dripper","Black Star"],"picked":"Lizard Tail"}],"items_purged_floors":[7,22,38,53],"is_endless":false,"potions_floor_spawned":[2,4,6,13,18,24,30,31,35,39,42,47,48],"killed_by":"Shield and Spear","ascension_level":0}