{"path_per_floor":["M","M","M","M","$","R","E","R","T","E","M","M","?","?","R","B",null,"M","$","M","M","?","R"],"character_chosen":"THE_SILENT","items_purchased":["Adrenaline","Bag of Preparation","Snake Skull","Backflip","Dagger Spray","Poisoned Stab"],"gold_per_floor":[111,131,151,163,19,19,46,46,46,72,87,102,277,577,577,672,672,688,271,290,305,305,305],"floor_reached":24,"campfire_rested":4,"playtime":3338,"current_hp_per_floor":[62,62,62,48,48,69,62,70,70,59,59,59,59,59,70,48,70,69,69,69,52,52,70],"items_purged":[],"gold":305,"score":208,"play_id":"c09e6461-785b-436e-a754-807992e728d6","is_prod":false,"is_daily":false,"is_ascension_mode":false,"campfire_upgraded":0,"path_taken":["M","?","M","?","$","R","E","R","T","E","M","M","?","?","R","BOSS","M","$","M","M","?","R","E"],"build_version":"2018-02-12-PROD1","purchased_purges":0,"victory":false,"master_deck":["Defend_G+1","Defend_G+1","Defend_G","Defend_G","Defend_G","Strike_G","Strike_G","Strike_G+1","Strike_G","Strike_G","Survivor","Neutralize","Flying Knee+1","Cloak And Dagger","Accuracy","Cloak And Dagger","Adrenaline","Finisher","Quick Slash","Dash","Blur","Quick Slash","Doubt","Normality","Cloak And Dagger","Storm of Steel","Slice+1","Backflip","Dagger Spray","Poisoned Stab","Caltrops","Dodge and Roll+1","Dagger Spray+1"],"max_hp_per_floor":[70,70,70,70,70,70,70,70,70,70,70,70,70,70,70,70,70,70,70,70,70,70,70],"relics":["Black Star","Dream Catcher","Whetstone","War Paint","Thread and Needle","Torii","Old Coin","White Beast Statue","Bag of Preparation","Snake Skull"],"card_choices":[{"not_picked":["Catalyst","Underhanded Strike"],"picked":"Flying Knee"},{"not_picked":["Well Laid Plans","Deadly Poison"],"picked":"Cloak And Dagger"},{"not_picked":["Endless Agony","Dodge and Roll"],"picked":"Accuracy"},{"not_picked":["Prepared","Bane"],"picked":"Cloak And Dagger"},{"not_picked":["Prepared","After Image"],"picked":"Finisher"},{"not_picked":["Catalyst","Bane"],"picked":"Quick Slash"},{"not_picked":["Deflect","Footwork"],"picked":"Dash"},{"not_picked":["Slice","Riddle With Holes"],"picked":"Blur"},{"not_picked":["Deadly Poison","Flechettes"],"picked":"Quick Slash"},{"not_picked":["Flying Knee","Masterful Stab"],"picked":"Cloak And Dagger"},{"not_picked":["Adrenaline","Night Terror"],"picked":"Storm of Steel"},{"not_picked":["Crippling Poison","Dodge and Roll"],"picked":"Slice"},{"not_picked":["Sucker Punch","Backflip"],"picked":"Caltrops"},{"not_picked":["Sucker Punch","Dash"],"picked":"Dodge and Roll"},{"not_picked":["Backflip","Outmaneuver"],"picked":"Dagger Spray"}],"player_experience":68511,"potions_floor_usage":[7,7,16,21,21,24,24],"damage_taken":[{"damage":8,"enemies":"Blue Slaver","floor":1,"turns":5},{"damage":0,"enemies":"Small Slimes","floor":2,"turns":4},{"damage":0,"enemies":"Cultist","floor":3,"turns":4},{"damage":14,"enemies":"3 Louse","floor":4,"turns":3},{"damage":10,"enemies":"Gremlin Nob","floor":7,"turns":4},{"damage":11,"enemies":"3 Sentries","floor":10,"turns":7},{"damage":0,"enemies":"Looter","floor":11,"turns":3},{"damage":0,"enemies":"Lots of Slimes","floor":12,"turns":4},{"damage":22,"enemies":"Hexaghost","floor":16,"turns":16},{"damage":1,"enemies":"3 Byrds","floor":18,"turns":9},{"damage":0,"enemies":"Chosen","floor":20,"turns":4},{"damage":17,"enemies":"Snecko","floor":21,"turns":8},{"damage":78,"enemies":"Gremlin Leader","floor":24,"turns":10}],"event_choices":[{"event_name":"Liars Game","player_choice":"agreed","floor":13,"damage_taken":0},{"event_name":"Accursed Blacksmith","player_choice":"Rummage","floor":14,"damage_taken":0},{"event_name":"Vampires","player_choice":"Ignored","floor":22,"damage_taken":0}],"boss_relics":[{"not_picked":["Snecko Eye","Runic Dome"],"picked":"White Beast Statue"}],"potions_floor_spawned":[1,3,4,16,18,20,21],"seed_played":"-2935296149457982130","killed_by":"Gremlin Leader","ascension_level":0,"is_trial":false}