{"path_per_floor":["M","M","?","$","$","E","R","?","T","R","$","E","$","M","R","B",null,"M","M","$","M"],"character_chosen":"THE_SILENT","items_purchased":["Endless Agony","Acrobatics","Bag of Marbles","Underhanded Strike","Reflex","Slice","Prepared","Flying Knee","Underhanded Strike"],"gold_per_floor":[114,131,131,28,28,67,67,242,321,321,34,65,19,42,42,161,161,175,195,122,141],"floor_reached":22,"campfire_rested":3,"playtime":2160,"current_hp_per_floor":[70,68,51,51,51,15,36,36,36,57,57,49,49,49,70,70,70,50,50,50,16],"items_purged":[],"gold":141,"score":267,"play_id":"29ab71da-85b4-43ef-8b6d-cab143799143","is_prod":false,"is_daily":false,"is_ascension_mode":false,"campfire_upgraded":0,"path_taken":["M","M","?","?","$","E","R","?","T","R","$","E","?","M","R","BOSS","M","?","$","M","M"],"build_version":"2018-02-12-PROD1","purchased_purges":0,"victory":false,"master_deck":["Defend_G","Defend_G","Defend_G","Defend_G","Defend_G","Strike_G","Strike_G","Strike_G","Strike_G","Strike_G","Survivor","Neutralize","Flying Knee","Calculated Gamble","Escape Plan","Backstab","Acrobatics","Slice","Dagger Throw","Endless Agony","Acrobatics","Slice","Doubt","Underhanded Strike","Reflex","Slice","Tactician","Prepared","Dagger Throw","Storm of Steel","Outmaneuver","Quick Slash","Flying Knee","Underhanded Strike","Dagger Throw"],"max_hp_per_floor":[70,70,70,70,70,70,70,70,70,70,70,70,70,70,70,70,70,70,70,70,70],"relics":["Orrery","Golden Idol","Sundial","Tiny Chest","Bag of Marbles","Vajra","Question Card"],"card_choices":[{"not_picked":["Deflect","Skewer"],"picked":"Flying Knee"},{"not_picked":["Deflect","Heel Hook"],"picked":"Calculated Gamble"},{"not_picked":["Dodge and Roll","Prepared"],"picked":"Escape Plan"},{"not_picked":["Calculated Gamble","Dagger Throw"],"picked":"Backstab"},{"not_picked":["Bane","Reflex"],"picked":"Acrobatics"},{"not_picked":["Deadly Poison","Terror"],"picked":"Slice"},{"not_picked":["Catalyst","Poisoned Stab"],"picked":"Dagger Throw"},{"not_picked":["Doppelganger","Masterful Stab"],"picked":"Slice"},{"not_picked":["Quick Slash","Accuracy"],"picked":"Tactician"},{"not_picked":["Catalyst","Flying Knee"],"picked":"Dagger Throw"},{"not_picked":["Night Terror","Envenom"],"picked":"Storm of Steel"},{"not_picked":["Deadly Poison","Underhanded Strike","Bane"],"picked":"Outmaneuver"},{"not_picked":["Terror","Deflect","Bane"],"picked":"Quick Slash"},{"not_picked":["Backflip","PiercingWail","Acrobatics"],"picked":"Dagger Throw"}],"player_experience":55872,"potions_floor_usage":[16,16,21,21],"damage_taken":[{"damage":0.0,"enemies":"Small Slimes","floor":1.0,"turns":2.0},{"damage":2.0,"enemies":"Jaw Worm","floor":2.0,"turns":4.0},{"damage":36.0,"enemies":"3 Sentries","floor":6.0,"turns":10.0},{"damage":8,"enemies":"Gremlin Nob","floor":12,"turns":3},{"damage":0,"enemies":"Cultist","floor":14,"turns":2},{"damage":0,"enemies":"Slime Boss","floor":16,"turns":6},{"damage":20,"enemies":"2 Thieves","floor":18,"turns":3},{"damage":0,"enemies":"3 Byrds","floor":19,"turns":5},{"damage":49,"enemies":"3 Cultists","floor":21,"turns":6},{"damage":21,"enemies":"Snake Plant","floor":22,"turns":1}],"event_choices":[{"event_name":"Golden Idol","player_choice":"Take Damage","floor":3.0,"damage_taken":0.0},{"event_name":"Liars Game","player_choice":"agreed","floor":8,"damage_taken":0}],"boss_relics":[{"not_picked":["Cursed Key","Philosopher\u0027s Stone"],"picked":"Question Card"}],"potions_floor_spawned":[2,6,16,19],"seed_played":"4411633407733685487","killed_by":"Snake Plant","ascension_level":0,"is_trial":false}