{"gold_per_floor":[117,132,142,142,160,160,85,111,190,216,216,241,74,144,144,219,219,231,131,181,96,112,141,141,153,153,78,78,96,96,106,106,184,184,203,203,503,519,126,161,161],"floor_reached":41,"playtime":1744,"items_purged":["Strike_R","Strike_R","Defend_R"],"score":1014,"play_id":"9f11e03f-55a4-4ab0-b0e1-fb6ba144bca3","local_time":"20190908133418","is_ascension_mode":true,"campfire_choices":[{"data":"Bash","floor":6,"key":"SMITH"},{"floor":11,"key":"REST"},{"data":"Limit Break","floor":15,"key":"SMITH"},{"data":"1","floor":24,"key":"LIFT"},{"data":"2","floor":28,"key":"LIFT"},{"floor":30,"key":"REST"},{"data":"Juggernaut","floor":32,"key":"SMITH"}],"neow_cost":"NONE","seed_source_timestamp":1925395842800400,"circlet_count":0,"master_deck":["AscendersBane","Defend_R","Defend_R","Defend_R","Bash+1","Headbutt","Spot Weakness","Disarm","Heavy Blade","Limit Break+1","Shrug It Off","Impervious","Shrug It Off","Shrug It Off","Juggernaut+1","Sword Boomerang+1","Whirlwind+1"],"relics":["Burning Blood","Girya","Bronze Scales","Mango","Strawberry","Pantograph","Cursed Key","Kunai","Incense Burner","Runic Pyramid","Old Coin","OrangePellets","Bag of Marbles"],"potions_floor_usage":[10,25,41],"damage_taken":[{"damage":3,"enemies":"2 Louse","floor":1,"turns":4},{"damage":2,"enemies":"Cultist","floor":2,"turns":4},{"damage":11,"enemies":"Jaw Worm","floor":3,"turns":5},{"damage":8,"enemies":"Looter","floor":5,"turns":5},{"damage":32,"enemies":"Gremlin Nob","floor":8,"turns":4},{"damage":32,"enemies":"3 Sentries","floor":10,"turns":9},{"damage":21,"enemies":"Lagavulin","floor":12,"turns":7},{"damage":47,"enemies":"Slime Boss","floor":16,"turns":9},{"damage":0,"enemies":"3 Byrds","floor":18,"turns":3},{"damage":15,"enemies":"Shell Parasite","floor":22,"turns":5},{"damage":46,"enemies":"Book of Stabbing","floor":23,"turns":7},{"damage":14,"enemies":"Centurion and Healer","floor":25,"turns":4},{"damage":16,"enemies":"Shelled Parasite and Fungi","floor":29,"turns":4},{"damage":8,"enemies":"Snecko","floor":31,"turns":4},{"damage":25,"enemies":"Champ","floor":33,"turns":8},{"damage":16,"enemies":"3 Darklings","floor":35,"turns":5},{"damage":4,"enemies":"Orb Walker","floor":38,"turns":4},{"damage":68,"enemies":"Giant Head","floor":40,"turns":8},{"damage":24,"enemies":"Spire Growth","floor":41,"turns":4}],"seed_played":"-3366944347246950619","potions_obtained":[{"floor":2,"key":"Dexterity Potion"},{"floor":8,"key":"LiquidBronze"},{"floor":10,"key":"Fire Potion"},{"floor":38,"key":"Ancient Potion"}],"is_trial":false,"path_per_floor":["M","M","M","?","M","R","$","E","T","E","R","E","$","T","R","B",null,"M","$","?","?","M","E","R","M","T","?","R","M","R","M","R","B",null,"M","?","?","M","$","E","M"],"character_chosen":"IRONCLAD","items_purchased":["Strawberry","OrangePellets","PowerPotion"],"campfire_rested":2,"item_purchase_floors":[13,39,39],"current_hp_per_floor":[71,75,70,70,68,68,68,42,42,16,38,37,44,44,44,28,79,85,85,85,85,76,36,36,28,28,28,28,18,46,44,44,50,85,75,75,75,77,77,15,0],"gold":161,"neow_bonus":"REMOVE_CARD","is_prod":false,"is_daily":false,"chose_seed":false,"campfire_upgraded":3,"win_rate":0,"timestamp":1567964058,"path_taken":["M","M","M","?","?","R","$","E","T","E","R","E","?","?","R","BOSS","M","$","?","?","M","E","R","M","T","?","R","M","R","M","R","BOSS","M","?","?","M","$","E","?"],"build_version":"2019-07-17","purchased_purges":3,"victory":false,"max_hp_per_floor":[75,75,75,75,75,75,75,75,75,75,75,89,96,96,96,96,96,96,96,96,96,96,96,96,96,96,96,96,96,96,96,96,96,96,96,96,96,96,96,96,96],"card_choices":[{"not_picked":["Pommel Strike","Havoc"],"picked":"Headbutt","floor":1},{"not_picked":["Clash","Body Slam"],"picked":"Spot Weakness","floor":2},{"not_picked":["Havoc","Infernal Blade"],"picked":"Disarm","floor":3},{"not_picked":["Iron Wave","Perfected Strike"],"picked":"Heavy Blade","floor":5},{"not_picked":["Berserk","Thunderclap","Corruption"],"picked":"SKIP","floor":8},{"not_picked":["Cleave","Second Wind"],"picked":"Limit Break","floor":10},{"not_picked":["Berserk","True Grit"],"picked":"Shrug It Off","floor":12},{"not_picked":["Limit Break","Barricade"],"picked":"Impervious","floor":16},{"not_picked":["Havoc","Pommel Strike"],"picked":"Shrug It Off","floor":18},{"not_picked":["Spot Weakness","Twin Strike","Dropkick"],"picked":"SKIP","floor":22},{"not_picked":["Pommel Strike+1","Uppercut","Burning Pact"],"picked":"SKIP","floor":23},{"not_picked":["Pommel Strike","Iron Wave"],"picked":"Shrug It Off","floor":25},{"not_picked":["Twin Strike","Evolve","Warcry+1"],"picked":"SKIP","floor":29},{"not_picked":["Twin Strike","Clash"],"picked":"Juggernaut","floor":31},{"not_picked":["Juggernaut","Brutality"],"picked":"Exhume","floor":33},{"not_picked":["Clash","True Grit"],"picked":"Sword Boomerang+1","floor":35},{"not_picked":["Warcry+1","Thunderclap","Headbutt"],"picked":"SKIP","floor":38},{"not_picked":["Reckless Charge+1","Headbutt"],"picked":"Whirlwind+1","floor":40}],"player_experience":495042,"relics_obtained":[{"floor":8,"key":"Girya"},{"floor":10,"key":"Bronze Scales"},{"floor":12,"key":"Mango"},{"floor":14,"key":"Pantograph"},{"floor":23,"key":"Incense Burner"},{"floor":40,"key":"Bag of Marbles"}],"event_choices":[{"cards_removed":["Strike_R"],"damage_healed":0,"gold_gain":0,"player_choice":"Purged","damage_taken":0,"max_hp_gain":0,"max_hp_loss":0,"event_name":"Purifier","floor":4,"gold_loss":0},{"damage_healed":0,"gold_gain":50,"player_choice":"Stole From Cult","damage_taken":0,"max_hp_gain":0,"max_hp_loss":0,"event_name":"Nest","floor":20,"gold_loss":0},{"damage_healed":0,"gold_gain":0,"player_choice":"Obtained Relic","damage_taken":0,"relics_obtained":["Kunai"],"max_hp_gain":0,"max_hp_loss":0,"event_name":"Addict","floor":21,"gold_loss":85},{"cards_removed":["Strike_R"],"damage_healed":0,"gold_gain":0,"player_choice":"Gave Gold","damage_taken":0,"max_hp_gain":0,"max_hp_loss":0,"event_name":"Beggar","floor":27,"gold_loss":75},{"damage_healed":0,"gold_gain":0,"player_choice":"Ignored","damage_taken":0,"max_hp_gain":0,"max_hp_loss":0,"event_name":"Tomb of Lord Red Mask","floor":36,"gold_loss":0},{"cards_removed":["Exhume"],"damage_healed":0,"gold_gain":0,"player_choice":"Gave Card","damage_taken":0,"relics_obtained":["Old Coin"],"max_hp_gain":0,"max_hp_loss":0,"event_name":"WeMeetAgain","floor":37,"gold_loss":0}],"is_beta":false,"boss_relics":[{"not_picked":["Eternal Feather","Empty Cage"],"picked":"Cursed Key"},{"not_picked":["Pandora\u0027s Box","Philosopher\u0027s Stone"],"picked":"Runic Pyramid"}],"items_purged_floors":[7,19,39],"is_endless":false,"potions_floor_spawned":[2,8,10,12,18,22,23,38,40],"killed_by":"Spire Growth","ascension_level":20}