{"gold_per_floor":[119,119,135,153,55,82,97,122,152,162,40,60,60,60,60,161,161,177,193,193,211,211,246,261,261,340,340],"floor_reached":27,"playtime":2150,"items_purged":["Strike_B","Strike_B"],"score":405,"play_id":"03867370-6aec-40d4-9bb3-e629875e227a","local_time":"20190907205516","is_ascension_mode":true,"campfire_choices":[{"floor":13.0,"key":"REST"},{"data":"Dualcast","floor":15,"key":"SMITH"},{"floor":25,"key":"REST"}],"neow_cost":"NONE","seed_source_timestamp":1863471611629200,"circlet_count":0,"master_deck":["AscendersBane","Zap+1","Dualcast+1","Auto Shields","Hologram","Gash","Beam Cell","Steam","FTL","Cold Snap","Gash","Compile Driver","Fission","Defragment","Undo","FTL","White Noise","Chill","Aggregate","Redo","Leap+1","BootSequence","Glacier","Gash","Gash"],"special_seed":0,"relics":["Cracked Core","Lantern","Bag of Preparation","Vajra","Tiny Chest","Pandora\u0027s Box","The Courier","Bottled Flame"],"potions_floor_usage":[16,21,27],"damage_taken":[{"damage":2.0,"enemies":"Jaw Worm","floor":1.0,"turns":4.0},{"damage":0.0,"enemies":"Cultist","floor":3.0,"turns":4.0},{"damage":7.0,"enemies":"Small Slimes","floor":4.0,"turns":4.0},{"damage":41.0,"enemies":"Lagavulin","floor":6.0,"turns":10.0},{"damage":0.0,"enemies":"Exordium Wildlife","floor":7.0,"turns":4.0},{"damage":5.0,"enemies":"3 Sentries","floor":8.0,"turns":7.0},{"damage":0.0,"enemies":"3 Louse","floor":10.0,"turns":4.0},{"damage":0.0,"enemies":"Looter","floor":12.0,"turns":2.0},{"damage":5,"enemies":"Slime Boss","floor":16,"turns":6},{"damage":2,"enemies":"3 Byrds","floor":18,"turns":5},{"damage":0,"enemies":"Chosen","floor":19,"turns":4},{"damage":17,"enemies":"Snake Plant","floor":21,"turns":4},{"damage":36,"enemies":"Slavers","floor":23,"turns":9},{"damage":2,"enemies":"Centurion and Healer","floor":24,"turns":7},{"damage":41,"enemies":"Gremlin Leader","floor":27,"turns":4}],"seed_played":"6410078008195345743","potions_obtained":[{"floor":4.0,"key":"Explosive Potion"},{"floor":6.0,"key":"Block Potion"},{"floor":7.0,"key":"Explosive Potion"},{"floor":10.0,"key":"Fire Potion"},{"floor":18,"key":"AttackPotion"},{"floor":24,"key":"SkillPotion"}],"is_trial":false,"path_per_floor":["M","?","M","M","$","E","M","E","T","M","$","M","R","?","R","B",null,"M","M","?","M","?","E","M","R","T","E"],"character_chosen":"DEFECT","items_purchased":["Beam Cell","Gash"],"campfire_rested":2,"item_purchase_floors":[5,11],"current_hp_per_floor":[66,71,71,64,64,23,23,18,18,18,18,18,42,42,42,37,69,67,67,67,50,50,14,12,36,36,0],"gold":340,"neow_bonus":"RANDOM_COMMON_RELIC","is_prod":false,"is_daily":false,"chose_seed":false,"campfire_upgraded":1,"win_rate":0,"timestamp":1567914916,"path_taken":["M","?","M","M","?","E","?","E","T","M","$","M","R","?","R","BOSS","M","M","?","M","?","E","M","R","T","E"],"build_version":"2019-07-17","purchased_purges":2,"victory":false,"max_hp_per_floor":[75,80,80,80,80,80,80,80,80,80,80,80,80,80,80,80,80,80,80,80,80,80,80,80,80,80,80],"card_choices":[{"not_picked":["Gash","Stack"],"picked":"Auto Shields","floor":1.0},{"not_picked":["Hello World","Stack"],"picked":"Hologram","floor":3.0},{"not_picked":["Compile Driver","Ball Lightning"],"picked":"Gash","floor":4.0},{"not_picked":["Rebound","Thunder Strike"],"picked":"Steam","floor":6.0},{"not_picked":["Skim","Rip and Tear","Streamline"],"picked":"SKIP","floor":7.0},{"not_picked":["Reinforced Body","Auto Shields"],"picked":"FTL","floor":8.0},{"not_picked":["Turbo","Redo"],"picked":"Cold Snap","floor":10.0},{"not_picked":["Coolheaded","Doom and Gloom"],"picked":"Compile Driver","floor":12.0},{"not_picked":["Amplify","Multi-Cast"],"picked":"Fission","floor":16},{"not_picked":["Compile Driver","Auto Shields"],"picked":"Redo","floor":18},{"not_picked":["Stack","Steam+1"],"picked":"Leap+1","floor":19},{"not_picked":["Beam Cell","Melter"],"picked":"BootSequence","floor":21},{"not_picked":["Barrage+1","Scrape"],"picked":"Gash","floor":23},{"not_picked":["Doom and Gloom","Coolheaded"],"picked":"Gash","floor":24}],"player_experience":294447,"relics_obtained":[{"floor":6.0,"key":"Bag of Preparation"},{"floor":8.0,"key":"Vajra"},{"floor":9.0,"key":"Tiny Chest"},{"floor":23,"key":"The Courier"},{"floor":26,"key":"Bottled Flame"}],"event_choices":[{"damage_healed":0.0,"max_hp_gain":5.0,"max_hp_loss":0.0,"gold_gain":0.0,"event_name":"Big Fish","player_choice":"Donut","floor":2.0,"gold_loss":0.0,"damage_taken":0.0},{"damage_healed":0,"gold_gain":0,"player_choice":"Grow","damage_taken":0,"max_hp_gain":0,"max_hp_loss":0,"event_name":"Living Wall","floor":14,"gold_loss":0,"cards_upgraded":["Zap"]},{"damage_healed":0,"gold_gain":0,"player_choice":"Ignored","damage_taken":0,"max_hp_gain":0,"max_hp_loss":0,"event_name":"Beggar","floor":20,"gold_loss":0},{"damage_healed":0,"gold_gain":0,"player_choice":"Read","damage_taken":0,"max_hp_gain":0,"max_hp_loss":0,"event_name":"The Library","floor":22,"gold_loss":0,"cards_obtained":["Glacier"]}],"is_beta":false,"boss_relics":[{"not_picked":["Philosopher\u0027s Stone","Runic Dome"],"picked":"Pandora\u0027s Box"}],"items_purged_floors":[5,11],"is_endless":false,"potions_floor_spawned":[4,6,7,10,18,24],"killed_by":"Gremlin Leader","ascension_level":11}