{"gold_per_floor":[115,128,128,128,143,143,172,172,172,172,97,116,41,41,41,114,114,84,101,119,137,153,153,153,153,153,153,153,169,185,214,214,214],"floor_reached":33,"playtime":2903,"items_purged":["Strike_R"],"score":559,"play_id":"dd5c0cbf-1448-45b0-8382-6a16fd004eb1","local_time":"20190831001534","is_ascension_mode":true,"campfire_choices":[{"data":"Carnage","floor":6,"key":"SMITH"},{"data":"Armaments","floor":8,"key":"SMITH"},{"data":"Flame Barrier","floor":10,"key":"SMITH"},{"data":"Battle Trance","floor":15,"key":"SMITH"},{"data":"Hemokinesis","floor":23,"key":"SMITH"},{"data":"Searing Blow","floor":28,"key":"SMITH"},{"data":"Searing Blow+1","floor":32,"key":"SMITH"}],"neow_cost":"PERCENT_DAMAGE","seed_source_timestamp":1134410714912600,"circlet_count":0,"master_deck":["AscendersBane","Strike_R+1","Strike_R+1","Strike_R+1","Defend_R+1","Defend_R+1","Defend_R+1","Defend_R+1","Bash+1","Carnage+1","Battle Trance+1","Flame Barrier+1","Armaments+1","Rampage+1","Hemokinesis+1","Searing Blow+2","RitualDagger"],"relics":["Burning Blood","Letter Opener","Dead Branch","Meat on the Bone","Coffee Dripper","Strawberry","Juzu Bracelet"],"potions_floor_usage":[12,16,21,21,31,33],"damage_taken":[{"damage":19,"enemies":"Jaw Worm","floor":1,"turns":4},{"damage":0,"enemies":"Small Slimes","floor":2,"turns":3},{"damage":1,"enemies":"2 Louse","floor":5,"turns":3},{"damage":8,"enemies":"Gremlin Nob","floor":7,"turns":3},{"damage":8,"enemies":"Gremlin Gang","floor":12,"turns":4},{"damage":4,"enemies":"The Guardian","floor":16,"turns":11},{"damage":11,"enemies":"2 Thieves","floor":18,"turns":4},{"damage":22,"enemies":"Shell Parasite","floor":19,"turns":4},{"damage":34,"enemies":"3 Cultists","floor":20,"turns":6},{"damage":9,"enemies":"Centurion and Healer","floor":21,"turns":4},{"damage":14,"enemies":"Snake Plant","floor":22,"turns":4},{"damage":25,"enemies":"Sentry and Sphere","floor":29,"turns":6},{"damage":4,"enemies":"Snecko","floor":30,"turns":2},{"damage":56,"enemies":"Slavers","floor":31,"turns":7},{"damage":32,"enemies":"Collector","floor":33,"turns":2}],"seed_played":"4563883005878509551","potions_obtained":[{"floor":1,"key":"Block Potion"},{"floor":14,"key":"Dexterity Potion"},{"floor":14,"key":"LiquidBronze"},{"floor":16,"key":"Block Potion"},{"floor":19,"key":"EntropicBrew"},{"floor":31,"key":"LiquidBronze"}],"is_trial":false,"path_per_floor":["M","M","?","?","M","R","E","R","T","R","?","M","$","?","R","B",null,"M","M","M","M","M","R","?","?","T","?","R","M","M","E","R","B"],"character_chosen":"IRONCLAD","items_purchased":[],"campfire_rested":0,"item_purchase_floors":[],"current_hp_per_floor":[51,57,52,52,57,57,55,55,55,55,55,53,53,53,53,55,81,76,60,44,53,57,57,57,57,64,58,58,51,65,27,27,0],"gold":214,"neow_bonus":"TWENTY_PERCENT_HP_BONUS","is_prod":false,"is_daily":false,"chose_seed":false,"campfire_upgraded":7,"win_rate":0,"timestamp":1567224934,"path_taken":["M","M","?","?","M","R","E","R","T","R","?","M","?","?","R","BOSS","M","M","?","M","M","R","?","?","T","?","R","M","M","E","R","BOSS"],"build_version":"2019-07-17","purchased_purges":1,"victory":false,"max_hp_per_floor":[89,89,89,89,89,89,89,89,89,89,89,89,89,89,89,89,89,89,89,89,89,89,89,89,89,96,96,96,96,96,96,96,96],"card_choices":[{"not_picked":["True Grit","Warcry"],"picked":"Carnage","floor":1},{"not_picked":["Disarm","Iron Wave"],"picked":"Battle Trance","floor":2},{"not_picked":["Headbutt","Clash"],"picked":"Flame Barrier","floor":5},{"not_picked":["Bludgeon","Anger"],"picked":"Armaments","floor":7},{"not_picked":["Armaments","Power Through","Wild Strike"],"picked":"SKIP","floor":12},{"not_picked":["Clash+1","Pummel","Carnage"],"picked":"SKIP","floor":18},{"not_picked":["Flame Barrier","Cleave"],"picked":"Rampage+1","floor":19},{"not_picked":["Body Slam","Twin Strike","Perfected Strike"],"picked":"SKIP","floor":20},{"not_picked":["Armaments","Ghostly Armor","Metallicize"],"picked":"SKIP","floor":21},{"not_picked":["Sever Soul","Body Slam"],"picked":"Hemokinesis","floor":22},{"not_picked":["Warcry","Pommel Strike+1","Headbutt"],"picked":"SKIP","floor":29},{"not_picked":["Dark Embrace","Heavy Blade","Shrug It Off"],"picked":"SKIP","floor":30},{"not_picked":["Brutality","Clothesline","Dropkick"],"picked":"SKIP","floor":31}],"player_experience":2715869,"relics_obtained":[{"floor":7,"key":"Dead Branch"},{"floor":9,"key":"Meat on the Bone"},{"floor":26,"key":"Strawberry"},{"floor":31,"key":"Juzu Bracelet"}],"event_choices":[{"damage_healed":0,"gold_gain":0,"player_choice":"Success","damage_taken":5,"relics_obtained":["Letter Opener"],"max_hp_gain":0,"max_hp_loss":0,"event_name":"Scrap Ooze","floor":3,"gold_loss":0},{"damage_healed":0,"gold_gain":0,"player_choice":"Grow","damage_taken":0,"max_hp_gain":0,"max_hp_loss":0,"event_name":"Living Wall","floor":4,"gold_loss":0,"cards_upgraded":["Bash"]},{"cards_removed":["Strike_R"],"damage_healed":0,"gold_gain":0,"player_choice":"Card Removal","damage_taken":0,"max_hp_gain":0,"max_hp_loss":0,"event_name":"The Cleric","floor":11,"gold_loss":75},{"damage_healed":0,"gold_gain":0,"player_choice":"Got Potions","damage_taken":0,"max_hp_gain":0,"max_hp_loss":0,"event_name":"Lab","floor":14,"gold_loss":0},{"damage_healed":0,"gold_gain":0,"player_choice":"Simplicity","damage_taken":0,"max_hp_gain":0,"max_hp_loss":0,"event_name":"Back to Basics","floor":24,"gold_loss":0,"cards_upgraded":["Strike_R","Strike_R","Strike_R","Defend_R","Defend_R","Defend_R","Defend_R"]},{"damage_healed":0,"gold_gain":0,"player_choice":"Read","damage_taken":0,"max_hp_gain":0,"max_hp_loss":0,"event_name":"The Library","floor":25,"gold_loss":0,"cards_obtained":["Searing Blow"]},{"damage_healed":0,"gold_gain":0,"player_choice":"Joined the Cult","damage_taken":6,"max_hp_gain":0,"max_hp_loss":0,"event_name":"Nest","floor":27,"gold_loss":0,"cards_obtained":["RitualDagger"]}],"is_beta":false,"boss_relics":[{"not_picked":["Astrolabe","Orrery"],"picked":"Coffee Dripper"}],"items_purged_floors":[13],"is_endless":false,"potions_floor_spawned":[1,16,19,20,31],"killed_by":"Collector","ascension_level":20}