{"path_per_floor":["M","$","M","M","?","E","$","R","T","R","E","M","?","E","R"],"character_chosen":"THE_SILENT","items_purchased":["Acrobatics","Predator"],"gold_per_floor":[111,12,32,51,51,78,5,5,83,83,112,126,126,153,153],"floor_reached":16,"campfire_rested":3,"playtime":1663,"current_hp_per_floor":[59,59,56,56,53,19,19,40,40,61,41,41,27,15,36],"items_purged":["Defend_G"],"gold":153,"score":118,"play_id":"437c4803-7ffe-4232-b202-0ef7b19c7f38","is_prod":false,"is_daily":false,"is_ascension_mode":false,"campfire_upgraded":0,"path_taken":["M","$","M","M","?","E","$","R","T","R","E","M","?","E","R","BOSS"],"build_version":"2018-02-08-PROD1","purchased_purges":1,"victory":false,"master_deck":["Defend_G","Defend_G","Defend_G","Strike_G","Strike_G+1","Strike_G","Strike_G","Strike_G","Survivor","Neutralize","Backflip","Acrobatics+1","Dagger Throw","Flying Knee","Infinite Blades","Predator","Backflip","Quick Slash","Envenom","Backflip"],"max_hp_per_floor":[70,70,70,70,70,70,70,70,70,70,70,70,70,70,70],"relics":["Ring of the Snake","Bronze Scales","Dodecahedron","Ornamental Fan","Bag of Marbles","Dream Catcher"],"card_choices":[{"not_picked":["Deflect","Backstab"],"picked":"Backflip"},{"not_picked":["Slice","Leg Sweep"],"picked":"Dagger Throw"},{"not_picked":["Slice","Deadly Poison"],"picked":"Flying Knee"},{"not_picked":["Flying Knee","Wraith Form"],"picked":"Infinite Blades"},{"not_picked":["Deflect","Acrobatics"],"picked":"Backflip"},{"not_picked":["Dodge and Roll","Sucker Punch"],"picked":"Quick Slash"},{"not_picked":["Acrobatics","Endless Agony"],"picked":"Envenom"},{"not_picked":["Dagger Spray","Malaise"],"picked":"Backflip"}],"player_experience":9682,"potions_floor_usage":[16],"damage_taken":[{"damage":11,"enemies":"Small Slimes","floor":1,"turns":3},{"damage":3,"enemies":"Jaw Worm","floor":3,"turns":4},{"damage":0,"enemies":"Cultist","floor":4,"turns":4},{"damage":34,"enemies":"Lagavulin","floor":6,"turns":7},{"damage":20,"enemies":"3 Sentries","floor":11,"turns":5},{"damage":0,"enemies":"Large Slime","floor":12,"turns":4},{"damage":12,"enemies":"Gremlin Nob","floor":14,"turns":4},{"damage":53,"enemies":"Slime Boss","floor":16,"turns":8}],"event_choices":[{"event_name":"Scrap Ooze","player_choice":"success","floor":5,"damage_taken":3},{"event_name":"Shining Light","player_choice":"Entered Light","floor":13,"damage_taken":0}],"boss_relics":[],"potions_floor_spawned":[3,6,14],"seed_played":"1075570084160817401","killed_by":"Slime Boss","ascension_level":0,"is_trial":false}