{"gold_per_floor":[111,286,86,98,111,111,140,140,140,155,189,203,220,220,220,325,325,296,315,265,190,202,202],"floor_reached":23,"playtime":4041,"items_purged":["Doubt","Strike_G"],"score":203,"play_id":"d869f45a-406d-4360-8829-074296aef38a","local_time":"20190125185354","is_ascension_mode":false,"campfire_choices":[{"data":"Footwork","floor":6,"key":"SMITH"},{"data":"Neutralize","floor":15,"key":"SMITH"}],"neow_cost":"NONE","seed_source_timestamp":1479275087519,"circlet_count":0,"master_deck":["Defend_G","Defend_G","Defend_G","Defend_G","Defend_G","Strike_G","Survivor","Neutralize+1","Footwork+1","Dagger Spray","Dodge and Roll","Sucker Punch","Backflip","Flying Knee","Footwork","Quick Slash","Grand Finale","Acrobatics","Quick Slash"],"relics":["Ring of the Snake","Blue Candle","Smiling Mask","Vajra","Pantograph","Empty Cage"],"potions_floor_usage":[7,10,16,18,18,23,23],"damage_taken":[{"damage":2,"enemies":"2 Louse","floor":1,"turns":3},{"damage":0,"enemies":"Jaw Worm","floor":4,"turns":3},{"damage":0,"enemies":"Cultist","floor":5,"turns":4},{"damage":38,"enemies":"Gremlin Nob","floor":7,"turns":6},{"damage":0,"enemies":"Looter","floor":10,"turns":4},{"damage":4,"enemies":"3 Sentries","floor":11,"turns":10},{"damage":1,"enemies":"Blue Slaver","floor":12,"turns":4},{"damage":3,"enemies":"Exordium Wildlife","floor":13,"turns":8},{"damage":54,"enemies":"Slime Boss","floor":16,"turns":10},{"damage":20,"enemies":"2 Thieves","floor":18,"turns":5},{"damage":10,"enemies":"Spheric Guardian","floor":19,"turns":11},{"damage":1,"enemies":"Centurion and Healer","floor":22,"turns":4},{"damage":46,"enemies":"Gremlin Leader","floor":23,"turns":11}],"seed_played":"3556676793646729930","potions_obtained":[{"floor":5,"key":"LiquidBronze"},{"floor":7,"key":"Explosive Potion"},{"floor":11,"key":"Energy Potion"},{"floor":12,"key":"Strength Potion"},{"floor":16,"key":"Explosive Potion"},{"floor":19,"key":"Swift Potion"},{"floor":22,"key":"Dexterity Potion"}],"is_trial":false,"path_per_floor":["M","?","$","M","M","R","E","?","T","M","E","M","M","?","R","B",null,"M","M","$","?","M","E"],"character_chosen":"THE_SILENT","items_purchased":["Footwork","Dagger Spray"],"campfire_rested":0,"item_purchase_floors":[3,3],"current_hp_per_floor":[75,75,75,75,75,75,37,77,77,77,73,72,69,62,62,23,77,57,47,47,47,46,0],"gold":202,"neow_bonus":"TEN_PERCENT_HP_BONUS","is_prod":false,"is_daily":false,"chose_seed":false,"campfire_upgraded":2,"win_rate":0,"timestamp":1548438834,"path_taken":["M","?","$","M","M","R","E","?","T","?","E","M","M","?","R","BOSS","M","M","$","?","M","E"],"build_version":"2019-01-23","purchased_purges":2,"victory":false,"max_hp_per_floor":[77,77,77,77,77,77,77,77,77,77,77,77,77,77,77,77,77,77,77,77,77,77,77],"card_choices":[{"not_picked":["Blade Dance","Flechettes","Escape Plan"],"picked":"SKIP","floor":1},{"not_picked":["Cloak And Dagger","Distraction"],"picked":"Dodge and Roll","floor":4},{"not_picked":["Outmaneuver","Setup","Poisoned Stab"],"picked":"SKIP","floor":5},{"not_picked":["Deflect","Die Die Die"],"picked":"Sucker Punch","floor":7},{"not_picked":["Flying Knee","Slice"],"picked":"Backflip","floor":10},{"not_picked":["Heel Hook","Blade Dance"],"picked":"Flying Knee","floor":11},{"not_picked":["Outmaneuver","Eviscerate"],"picked":"Footwork","floor":12},{"not_picked":["PiercingWail","Blade Dance"],"picked":"Quick Slash","floor":13},{"not_picked":["Die Die Die","Adrenaline"],"picked":"Grand Finale","floor":16},{"not_picked":["Cloak And Dagger","Dagger Spray"],"picked":"Acrobatics","floor":18},{"not_picked":["Reflex","Deadly Poison"],"picked":"Quick Slash","floor":19},{"not_picked":["Riddle With Holes","Outmaneuver","Quick Slash+1"],"picked":"SKIP","floor":22}],"player_experience":623516,"relics_obtained":[{"floor":7,"key":"Blue Candle"},{"floor":9,"key":"Smiling Mask"},{"floor":11,"key":"Vajra"}],"event_choices":[{"damage_healed":0,"gold_gain":175,"player_choice":"AGREE","damage_taken":0,"max_hp_gain":0,"max_hp_loss":0,"event_name":"Liars Game","floor":2,"gold_loss":0,"cards_obtained":["Doubt"]},{"damage_healed":40,"gold_gain":0,"player_choice":"Full Heal","damage_taken":0,"max_hp_gain":0,"max_hp_loss":0,"event_name":"Wheel of Change","floor":8,"gold_loss":0},{"damage_healed":0,"gold_gain":0,"player_choice":"Success","damage_taken":7,"relics_obtained":["Pantograph"],"max_hp_gain":0,"max_hp_loss":0,"event_name":"Scrap Ooze","floor":14,"gold_loss":0},{"cards_removed":["Strike_G"],"damage_healed":0,"gold_gain":0,"player_choice":"Gave Gold","damage_taken":0,"max_hp_gain":0,"max_hp_loss":0,"event_name":"Beggar","floor":21,"gold_loss":75}],"is_beta":false,"boss_relics":[{"not_picked":["WristBlade","Pandora\u0027s Box"],"picked":"Empty Cage"}],"items_purged_floors":[3,20],"is_endless":false,"potions_floor_spawned":[5,7,11,12,16,19,22],"killed_by":"Gremlin Leader","ascension_level":0}