{"gold_per_floor":[111,111,5,16,16,16,50,50,73,38,55,55,67,82,82,186,186,203,203,218,218,236,236,270,270,338,354,354,34,34,47,47,47],"floor_reached":33,"playtime":3007,"items_purged":["Expertise"],"score":290,"play_id":"dc31898e-1e3d-4f89-a10c-696019dabf0e","local_time":"20190801213454","is_ascension_mode":false,"campfire_choices":[{"data":"Blade Dance","floor":6,"key":"SMITH"},{"floor":8,"key":"REST"},{"floor":15,"key":"REST"},{"floor":23,"key":"REST"},{"floor":25,"key":"REST"},{"floor":28,"key":"REST"},{"floor":32,"key":"REST"}],"neow_cost":"NONE","seed_source_timestamp":182456991197090,"circlet_count":0,"master_deck":["Strike_G","Strike_G","Strike_G","Strike_G","Strike_G","Defend_G","Defend_G","Defend_G","Defend_G","Survivor","Neutralize","Blade Dance+1","Deep Breath","Backflip","PiercingWail","Bullet Time","Quick Slash","Infinite Blades","Backstab","Unload","Leg Sweep","Ghostly","Ghostly","Ghostly","Ghostly","Ghostly","Prepared+1","Mind Blast","Backstab","Dagger Throw+1","Bouncing Flask","Skewer"],"relics":["Ring of the Snake","Blood Vial","Oddly Smooth Stone","Fusion Hammer","Tough Bandages","Frozen Egg 2","Ornamental Fan"],"potions_floor_usage":[],"damage_taken":[{"damage":6,"enemies":"Jaw Worm","floor":1,"turns":5},{"damage":6,"enemies":"Cultist","floor":4,"turns":5},{"damage":48,"enemies":"Lagavulin","floor":7,"turns":9},{"damage":4,"enemies":"Small Slimes","floor":11,"turns":4},{"damage":10,"enemies":"Looter","floor":13,"turns":4},{"damage":6,"enemies":"Blue Slaver","floor":14,"turns":4},{"damage":64,"enemies":"Hexaghost","floor":16,"turns":15},{"damage":38,"enemies":"2 Thieves","floor":18,"turns":5},{"damage":1,"enemies":"Spheric Guardian","floor":20,"turns":6},{"damage":2,"enemies":"Snecko","floor":22,"turns":8},{"damage":15,"enemies":"Slavers","floor":24,"turns":7},{"damage":6,"enemies":"Snake Plant","floor":27,"turns":5},{"damage":1,"enemies":"Shelled Parasite and Fungi","floor":31,"turns":5},{"damage":53,"enemies":"Automaton","floor":33,"turns":6}],"seed_played":"-3236151478100062894","potions_obtained":[{"floor":1,"key":"PowerPotion"},{"floor":13,"key":"Weak Potion"},{"floor":16,"key":"SpeedPotion"}],"is_trial":false,"path_per_floor":["M","?","$","M","?","R","E","R","T","?","M","$","M","M","R","B",null,"M","?","M","?","M","R","E","R","T","M","R","$","?","M","R","B"],"character_chosen":"THE_SILENT","items_purchased":["Deep Breath","Backflip","Ornamental Fan"],"campfire_rested":6,"item_purchase_floors":[3,3,29],"current_hp_per_floor":[71,71,71,65,65,65,17,40,40,59,57,57,49,45,68,6,77,39,38,37,37,36,38,23,34,34,30,38,38,38,37,38,0],"gold":47,"neow_bonus":"TEN_PERCENT_HP_BONUS","is_prod":false,"is_daily":false,"chose_seed":false,"campfire_upgraded":1,"win_rate":0.0,"timestamp":1564713294,"path_taken":["M","?","$","?","?","R","E","R","T","?","M","?","M","?","R","BOSS","M","?","M","?","?","R","E","R","T","M","R","$","?","M","R","BOSS"],"build_version":"2019-07-17","purchased_purges":1,"victory":false,"max_hp_per_floor":[77,77,77,77,77,77,77,77,77,77,77,77,77,77,77,77,77,77,38,38,38,38,38,38,38,38,38,38,38,38,38,38,38],"card_choices":[{"not_picked":["Endless Agony","All Out Attack"],"picked":"Expertise","floor":1},{"not_picked":["Flying Knee","Deadly Poison"],"picked":"PiercingWail","floor":4},{"not_picked":["PiercingWail","Masterful Stab"],"picked":"Bullet Time","floor":7},{"not_picked":["Underhanded Strike","Poisoned Stab"],"picked":"Quick Slash","floor":11},{"not_picked":["Well Laid Plans","Quick Slash"],"picked":"Infinite Blades","floor":13},{"not_picked":["Dagger Spray","Expertise"],"picked":"Backstab","floor":14},{"not_picked":["Venomology","Tools of the Trade"],"picked":"Unload","floor":16},{"not_picked":["Underhanded Strike","Escape Plan"],"picked":"Leg Sweep","floor":18},{"not_picked":["Dagger Spray","Outmaneuver+1"],"picked":"Prepared+1","floor":20},{"not_picked":["Acrobatics","Malaise"],"picked":"Backstab","floor":22},{"not_picked":["Deadly Poison+1","Flying Knee"],"picked":"Dagger Throw+1","floor":24},{"not_picked":["Prepared","Deadly Poison"],"picked":"Bouncing Flask","floor":27},{"not_picked":["Dodge and Roll+1","Blade Dance"],"picked":"Skewer","floor":31}],"player_experience":2391,"relics_obtained":[{"floor":7,"key":"Blood Vial"},{"floor":9,"key":"Oddly Smooth Stone"},{"floor":24,"key":"Tough Bandages"},{"floor":26,"key":"Frozen Egg 2"}],"event_choices":[{"damage_healed":0,"gold_gain":0,"player_choice":"1 cards matched","damage_taken":0,"max_hp_gain":0,"max_hp_loss":0,"event_name":"Match and Keep!","floor":2,"gold_loss":0,"cards_obtained":["Blade Dance"]},{"damage_healed":0,"gold_gain":0,"player_choice":"1 cards matched","damage_taken":0,"max_hp_gain":0,"max_hp_loss":0,"event_name":"Match and Keep!","floor":2,"gold_loss":0,"cards_obtained":["Blade Dance"]},{"damage_healed":0,"gold_gain":0,"player_choice":"Ignored","damage_taken":0,"max_hp_gain":0,"max_hp_loss":0,"event_name":"Golden Wing","floor":5,"gold_loss":0},{"damage_healed":19,"gold_gain":0,"player_choice":"Healed","damage_taken":0,"max_hp_gain":0,"max_hp_loss":0,"event_name":"The Cleric","floor":10,"gold_loss":35},{"damage_healed":0,"gold_gain":0,"player_choice":"Became a Ghost","damage_taken":0,"max_hp_gain":0,"max_hp_loss":39,"event_name":"Ghosts","floor":19,"gold_loss":0,"cards_obtained":["Ghostly","Ghostly","Ghostly","Ghostly","Ghostly"]},{"damage_healed":0,"gold_gain":0,"player_choice":"1 cards matched","damage_taken":0,"max_hp_gain":0,"max_hp_loss":0,"event_name":"Match and Keep!","floor":21,"gold_loss":0,"cards_obtained":["Mind Blast"]},{"cards_removed":["Defend_G"],"damage_healed":0,"gold_gain":0,"player_choice":"Purged","damage_taken":0,"max_hp_gain":0,"max_hp_loss":0,"event_name":"Purifier","floor":30,"gold_loss":0}],"is_beta":false,"boss_relics":[{"not_picked":["Busted Crown","Philosopher\u0027s Stone"],"picked":"Fusion Hammer"}],"items_purged_floors":[29],"is_endless":false,"potions_floor_spawned":[1,13,16,27],"killed_by":"Automaton","ascension_level":0}