{"gold_per_floor":[118,118,130,130,145,145,145,163,231,255,255,59,78,93,93,218,218,242,35,54,54,72,72,72],"floor_reached":24,"playtime":1072,"items_purged":["Strike_B"],"score":360,"play_id":"0cc33bdc-d6d1-4ec5-9776-5cdeca4a846c","local_time":"20190906130634","is_ascension_mode":true,"campfire_choices":[{"data":"Zap","floor":6.0,"key":"SMITH"},{"floor":15,"key":"REST"},{"data":"Capacitor","floor":23,"key":"SMITH"}],"neow_cost":"NONE","seed_source_timestamp":1750332965212800,"circlet_count":0,"master_deck":["AscendersBane","Strike_B","Strike_B","Strike_B","Defend_B","Defend_B","Defend_B","Defend_B","Zap+1","Dualcast+1","Genetic Algorithm","Undo","Capacitor+1","Cold Snap","Biased Cognition","Cold Snap","Ball Lightning","Compile Driver","Echo Form","Doom and Gloom"],"special_seed":0,"relics":["Cracked Core","Omamori","Golden Idol","Bag of Marbles","Kunai","Cursed Key","ClockworkSouvenir"],"potions_floor_usage":[22,22],"damage_taken":[{"damage":1.0,"enemies":"Small Slimes","floor":1.0,"turns":3.0},{"damage":12.0,"enemies":"Jaw Worm","floor":3.0,"turns":3.0},{"damage":0.0,"enemies":"2 Louse","floor":5.0,"turns":3.0},{"damage":22,"enemies":"Gremlin Gang","floor":8,"turns":5},{"damage":3,"enemies":"2 Fungi Beasts","floor":10,"turns":5},{"damage":0,"enemies":"Large Slime","floor":13,"turns":5},{"damage":1,"enemies":"3 Louse","floor":14,"turns":2},{"damage":0,"enemies":"The Guardian","floor":16,"turns":12},{"damage":19,"enemies":"Shell Parasite","floor":18,"turns":6},{"damage":1,"enemies":"Spheric Guardian","floor":20,"turns":4},{"damage":0,"enemies":"Snecko","floor":22,"turns":4},{"damage":49,"enemies":"Gremlin Leader","floor":24,"turns":3}],"seed_played":"-6814777809348246847","potions_obtained":[{"floor":5.0,"key":"Energy Potion"},{"floor":8,"key":"Explosive Potion"},{"floor":10,"key":"GamblersBrew"},{"floor":18,"key":"Swift Potion"}],"is_trial":false,"path_per_floor":["M","?","M","?","M","R","?","M","T","M","?","$","M","M","R","B",null,"M","$","M","$","M","R","E"],"character_chosen":"DEFECT","items_purchased":["Biased Cognition","Cold Snap","ClockworkSouvenir"],"campfire_rested":1,"item_purchase_floors":[12,12,19],"current_hp_per_floor":[74,49,37,37,37,37,37,15,15,12,12,12,12,11,33,33,65,46,46,45,45,45,45,0],"gold":72,"neow_bonus":"TEN_PERCENT_HP_BONUS","is_prod":false,"is_daily":false,"chose_seed":false,"campfire_upgraded":2,"win_rate":0,"timestamp":1567800394,"path_taken":["M","?","M","?","M","R","?","M","T","M","?","$","M","M","R","BOSS","M","$","M","$","M","R","E"],"build_version":"2019-07-17","purchased_purges":1,"victory":false,"max_hp_per_floor":[82,82,82,76,76,76,76,76,76,76,76,76,76,76,76,76,76,76,76,76,76,76,76,76],"card_choices":[{"not_picked":["Steam","Beam Cell","Compile Driver"],"picked":"SKIP","floor":1.0},{"not_picked":["Barrage","Rebound"],"picked":"Genetic Algorithm","floor":3.0},{"not_picked":["Reinforced Body","Turbo"],"picked":"Undo","floor":5.0},{"not_picked":["Streamline","Sunder"],"picked":"Capacitor","floor":8},{"not_picked":["Gash","Barrage"],"picked":"Cold Snap","floor":10},{"not_picked":["Recycle","Sweeping Beam"],"picked":"Ball Lightning","floor":13},{"not_picked":["Rebound","BootSequence"],"picked":"Compile Driver","floor":14},{"not_picked":["Reboot","Hyperbeam"],"picked":"Echo Form","floor":16},{"not_picked":["Stack","Compile Driver"],"picked":"Doom and Gloom","floor":18},{"not_picked":["Sweeping Beam+1","Aggregate","Leap"],"picked":"SKIP","floor":20},{"not_picked":["Cold Snap","Streamline","Turbo"],"picked":"SKIP","floor":22}],"player_experience":268409,"relics_obtained":[{"floor":9,"key":"Kunai"}],"event_choices":[{"damage_healed":0.0,"max_hp_gain":0.0,"max_hp_loss":0.0,"gold_gain":0.0,"event_name":"Scrap Ooze","player_choice":"Success","floor":2.0,"gold_loss":0.0,"damage_taken":25.0,"relics_obtained":["Omamori"]},{"damage_healed":0.0,"max_hp_gain":0.0,"max_hp_loss":6.0,"gold_gain":0.0,"event_name":"Golden Idol","player_choice":"Lose Max HP","floor":4.0,"gold_loss":0.0,"damage_taken":0.0,"relics_obtained":["Golden Idol"]},{"damage_healed":0.0,"max_hp_gain":0.0,"max_hp_loss":0.0,"gold_gain":0.0,"event_name":"Dead Adventurer","player_choice":"Searched \u00272\u0027 times","floor":7.0,"gold_loss":0.0,"damage_taken":0.0,"relics_obtained":["Bag of Marbles"]},{"damage_healed":0,"gold_gain":0,"player_choice":"Upgraded","damage_taken":0,"max_hp_gain":0,"max_hp_loss":0,"event_name":"Upgrade Shrine","floor":11,"gold_loss":0,"cards_upgraded":["Dualcast"]}],"is_beta":false,"boss_relics":[{"not_picked":["Eternal Feather","Velvet Choker"],"picked":"Cursed Key"}],"items_purged_floors":[12],"is_endless":false,"potions_floor_spawned":[5,8,10,13,18],"killed_by":"Gremlin Leader","ascension_level":10}