{"gold_per_floor":[113,129,148,73,73,73,105,67,152,164,188,213,258,285,297,409,421,444,79,79,96,96,96,114,114,114,75,75,95,20,33,33,132,132,147,22,39,39,56,56,68,82,82,82,102,202,213,240,240,240],"floor_reached":50,"playtime":4791,"items_purged":["Strike_G","Regret","Writhe"],"score":486,"play_id":"e7a52dff-6f80-4c1f-84a3-b703e1274125","local_time":"20190204184754","is_ascension_mode":false,"campfire_choices":[{"data":"Noxious Fumes","floor":6,"key":"SMITH"},{"floor":15,"key":"REST"},{"data":"Neutralize","floor":23,"key":"SMITH"},{"floor":25,"key":"RECALL"},{"data":"Caltrops","floor":28,"key":"SMITH"},{"data":"Infinite Blades","floor":32,"key":"SMITH"},{"data":"Well Laid Plans","floor":40,"key":"SMITH"},{"data":"Dagger Spray","floor":44,"key":"SMITH"},{"floor":49,"key":"REST"}],"neow_cost":"NONE","seed_source_timestamp":13032358823258,"circlet_count":0,"master_deck":["Defend_G","Defend_G","Defend_G","Defend_G","Defend_G","Strike_G","Survivor","Neutralize+1","Dagger Spray+1","Noxious Fumes+1","Sucker Punch","Die Die Die","Caltrops+1","Dodge and Roll","Flying Knee","Adrenaline","Backflip","Well Laid Plans+1","Leg Sweep","Cloak And Dagger+1","Terror","Infinite Blades+1","Predator","Grand Finale","Expertise+1","Backflip","Quick Slash+1","Acrobatics+1","Catalyst"],"relics":["Ring of the Snake","Pen Nib","MawBank","Ninja Scroll","Potion Belt","Shuriken","Eternal Feather","Pantograph","Snake Skull","Philosopher\u0027s Stone","Ornamental Fan","Du-Vu Doll","Lantern"],"potions_floor_usage":[7,7,7,7,7,7,18,21,21,39,42,46,47,47],"damage_taken":[{"damage":1,"enemies":"2 Louse","floor":1,"turns":3},{"damage":5,"enemies":"Small Slimes","floor":2,"turns":3},{"damage":0,"enemies":"Jaw Worm","floor":3,"turns":4},{"damage":23,"enemies":"Lagavulin","floor":7,"turns":7},{"damage":0,"enemies":"Looter","floor":11,"turns":2},{"damage":0,"enemies":"Exordium Wildlife","floor":12,"turns":2},{"damage":29,"enemies":"Gremlin Nob","floor":13,"turns":5},{"damage":0,"enemies":"Gremlin Gang","floor":14,"turns":1},{"damage":13,"enemies":"Hexaghost","floor":16,"turns":9},{"damage":8,"enemies":"Shell Parasite","floor":18,"turns":3},{"damage":7,"enemies":"2 Thieves","floor":21,"turns":2},{"damage":12,"enemies":"3 Cultists","floor":24,"turns":5},{"damage":16,"enemies":"Snake Plant","floor":29,"turns":4},{"damage":1,"enemies":"Chosen and Byrds","floor":31,"turns":4},{"damage":55,"enemies":"Champ","floor":33,"turns":9},{"damage":7,"enemies":"Orb Walker","floor":35,"turns":4},{"damage":1,"enemies":"3 Shapes","floor":37,"turns":2},{"damage":3,"enemies":"Writhing Mass","floor":39,"turns":4},{"damage":28,"enemies":"Spire Growth","floor":41,"turns":4},{"damage":17,"enemies":"3 Darklings","floor":42,"turns":3},{"damage":0,"enemies":"Transient","floor":45,"turns":5},{"damage":19,"enemies":"Mind Bloom Boss Battle","floor":46,"turns":5},{"damage":15,"enemies":"Sphere and 2 Shapes","floor":47,"turns":5},{"damage":42,"enemies":"Reptomancer","floor":48,"turns":6},{"damage":74,"enemies":"Time Eater","floor":50,"turns":8}],"seed_played":"1179626040608953015","potions_obtained":[{"floor":1,"key":"Swift Potion"},{"floor":2,"key":"EntropicBrew"},{"floor":3,"key":"SkillPotion"},{"floor":13,"key":"Fire Potion"},{"floor":14,"key":"SteroidPotion"},{"floor":18,"key":"SkillPotion"},{"floor":29,"key":"SpeedPotion"},{"floor":33,"key":"LiquidBronze"},{"floor":35,"key":"SpeedPotion"},{"floor":42,"key":"Regen Potion"},{"floor":46,"key":"EssenceOfSteel"}],"is_trial":false,"path_per_floor":["M","M","M","$","?","R","E","?","T","?","M","M","E","M","R","B",null,"M","$","?","M","?","R","M","R","T","$","R","M","?","M","R","B",null,"M","$","M","?","M","R","M","M","T","R","M","?","M","E","R","B"],"character_chosen":"THE_SILENT","items_purchased":["Well Laid Plans","Pantograph","Terror"],"campfire_rested":2,"item_purchase_floors":[19,19,27],"current_hp_per_floor":[69,64,64,64,57,57,34,34,34,34,34,34,5,5,26,13,70,62,62,62,55,42,54,42,54,54,54,66,50,50,49,61,20,75,68,68,67,67,64,75,47,30,30,45,45,63,48,6,43,0],"gold":240,"neow_bonus":"RANDOM_COMMON_RELIC","is_prod":false,"is_daily":false,"chose_seed":false,"campfire_upgraded":6,"win_rate":0,"timestamp":1549302474,"path_taken":["M","M","M","$","?","R","E","?","T","?","M","M","E","M","R","BOSS","M","$","?","M","?","R","M","R","T","$","R","M","?","M","R","BOSS","M","$","M","?","M","R","?","M","T","R","?","?","M","E","R","BOSS"],"build_version":"2019-01-23","purchased_purges":3,"victory":false,"max_hp_per_floor":[70,70,70,70,70,70,70,70,70,70,70,70,70,70,70,70,70,70,70,70,70,75,75,75,75,75,75,75,75,75,75,75,75,75,75,75,75,75,75,75,75,75,75,75,75,75,75,75,75,75],"card_choices":[{"not_picked":["Caltrops","Underhanded Strike"],"picked":"Dagger Spray","floor":1},{"not_picked":["Terror","Prepared"],"picked":"Noxious Fumes","floor":2},{"not_picked":["Noxious Fumes","PiercingWail"],"picked":"Sucker Punch","floor":3},{"not_picked":["Poisoned Stab","Tactician"],"picked":"Die Die Die","floor":7},{"not_picked":["Slice","Dagger Spray","Calculated Gamble"],"picked":"SKIP","floor":11},{"not_picked":["Bane","Outmaneuver"],"picked":"Caltrops","floor":12},{"not_picked":["Deflect","Blade Dance"],"picked":"Dodge and Roll","floor":13},{"not_picked":["Tactician","Choke"],"picked":"Flying Knee","floor":14},{"not_picked":["Die Die Die","Unload"],"picked":"Adrenaline","floor":16},{"not_picked":["Deflect","Slice"],"picked":"Backflip","floor":18},{"not_picked":["Reflex","Prepared+1"],"picked":"Leg Sweep","floor":21},{"not_picked":["Choke","Blade Dance"],"picked":"Cloak And Dagger+1","floor":24},{"not_picked":["Acrobatics","Sucker Punch"],"picked":"Infinite Blades","floor":29},{"not_picked":["All Out Attack","Deadly Poison"],"picked":"Predator","floor":31},{"not_picked":["Tools of the Trade","Unload"],"picked":"Grand Finale","floor":33},{"not_picked":["Endless Agony+1","Distraction"],"picked":"Expertise+1","floor":35},{"not_picked":["Dagger Throw+1","Flying Knee+1"],"picked":"Backflip","floor":37},{"not_picked":["Underhanded Strike","Dagger Throw+1","Unload"],"picked":"SKIP","floor":39},{"not_picked":["Skewer","Acrobatics"],"picked":"Quick Slash+1","floor":41},{"not_picked":["Dodge and Roll+1","Calculated Gamble+1","Well Laid Plans"],"picked":"SKIP","floor":42},{"not_picked":["Skewer","Prepared"],"picked":"Acrobatics+1","floor":45},{"not_picked":["Acrobatics+1","Underhanded Strike+1"],"picked":"Catalyst","floor":46},{"not_picked":["PiercingWail+1","Blade Dance","Riddle With Holes+1"],"picked":"SKIP","floor":47},{"not_picked":["Bane","Crippling Poison+1","Backflip"],"picked":"SKIP","floor":48}],"player_experience":744377,"relics_obtained":[{"floor":7,"key":"MawBank"},{"floor":9,"key":"Ninja Scroll"},{"floor":13,"key":"Shuriken"},{"floor":43,"key":"Ornamental Fan"},{"floor":46,"key":"Du-Vu Doll"},{"floor":48,"key":"Lantern"}],"event_choices":[{"cards_removed":["Strike_G"],"damage_healed":0,"gold_gain":0,"player_choice":"Card Removal","damage_taken":7,"max_hp_gain":0,"max_hp_loss":0,"event_name":"Golden Wing","floor":5,"gold_loss":0},{"cards_removed":["Strike_G"],"damage_healed":0,"gold_gain":0,"player_choice":"Card Removal","damage_taken":0,"max_hp_gain":0,"max_hp_loss":0,"event_name":"The Cleric","floor":8,"gold_loss":50},{"damage_healed":0,"gold_gain":0,"player_choice":"Box","damage_taken":0,"relics_obtained":["Potion Belt"],"max_hp_gain":0,"max_hp_loss":0,"event_name":"Big Fish","floor":10,"gold_loss":0,"cards_obtained":["Regret"]},{"damage_healed":0,"gold_gain":0,"player_choice":"Opened","damage_taken":0,"relics_obtained":["Snake Skull"],"max_hp_gain":0,"max_hp_loss":0,"event_name":"The Mausoleum","floor":20,"gold_loss":0,"cards_obtained":["Writhe"]},{"damage_healed":0,"gold_gain":0,"player_choice":"Shed Blood","damage_taken":18,"max_hp_gain":5,"max_hp_loss":0,"event_name":"Forgotten Altar","floor":22,"gold_loss":0},{"cards_removed":["Strike_G"],"damage_healed":0,"gold_gain":0,"player_choice":"Gave Gold","damage_taken":0,"max_hp_gain":0,"max_hp_loss":0,"event_name":"Beggar","floor":30,"gold_loss":75},{"damage_healed":0,"gold_gain":0,"player_choice":"Ignored","damage_taken":0,"max_hp_gain":0,"max_hp_loss":0,"event_name":"Transmorgrifier","floor":38,"gold_loss":0},{"damage_healed":0,"gold_gain":0,"player_choice":"Fight","damage_taken":0,"max_hp_gain":0,"max_hp_loss":0,"event_name":"MindBloom","floor":46,"gold_loss":0}],"is_beta":false,"boss_relics":[{"not_picked":["HoveringKite","White Beast Statue"],"picked":"Eternal Feather"},{"not_picked":["Sozu","Runic Pyramid"],"picked":"Philosopher\u0027s Stone"}],"items_purged_floors":[4,19,36],"is_endless":false,"potions_floor_spawned":[1,2,3,13,14,18,29,33,35,42,46],"killed_by":"Time Eater","ascension_level":0}