{"gold_per_floor":[117,117,135,135,150,185,185,219,219,236,83,83,95,107,107,205,205,215,215],"floor_reached":19,"playtime":1214,"items_purged":["Regret"],"score":179,"play_id":"937a541e-4673-4ab6-8f20-d900e919063e","local_time":"20190205171909","is_ascension_mode":false,"campfire_choices":[{"floor":7.0,"key":"REST"},{"floor":15.0,"key":"REST"}],"neow_cost":"NONE","seed_source_timestamp":0,"circlet_count":0,"master_deck":["Strike_R+1","Strike_R","Strike_R","Strike_R+1","Defend_R","Defend_R","Defend_R","Defend_R","Bash","Heavy Blade","Pommel Strike","Flex","Pummel","Thunderclap","Inflame+1","Flame Barrier","Shrug It Off","Demon Form+1","Flex"],"special_seed":0,"relics":["Burning Blood","NeowsBlessing","Oddly Smooth Stone","Frozen Egg 2","Juzu Bracelet","Whetstone","White Beast Statue"],"potions_floor_usage":[],"damage_taken":[{"damage":0.0,"enemies":"Jaw Worm","floor":1.0,"turns":1.0},{"damage":0.0,"enemies":"Small Slimes","floor":3.0,"turns":1.0},{"damage":0.0,"enemies":"2 Louse","floor":5.0,"turns":1.0},{"damage":48.0,"enemies":"Gremlin Nob","floor":6.0,"turns":5.0},{"damage":43.0,"enemies":"Lagavulin","floor":8.0,"turns":5.0},{"damage":3.0,"enemies":"Large Slime","floor":10.0,"turns":4.0},{"damage":12.0,"enemies":"Exordium Thugs","floor":13.0,"turns":5.0},{"damage":0.0,"enemies":"Exordium Wildlife","floor":14.0,"turns":3.0},{"damage":20.0,"enemies":"The Guardian","floor":16.0,"turns":13.0},{"damage":40,"enemies":"Shell Parasite","floor":18,"turns":7}],"seed_played":"-6457929183070233378","potions_obtained":[{"floor":1.0,"key":"Dexterity Potion"},{"floor":3.0,"key":"Ancient Potion"},{"floor":13.0,"key":"Block Potion"},{"floor":18,"key":"Block Potion"}],"is_trial":false,"path_per_floor":["M","?","M","?","M","E","R","E","T","M","$","?","M","M","R","B",null,"M","$"],"character_chosen":"IRONCLAD","items_purchased":["Flame Barrier"],"campfire_rested":2,"item_purchase_floors":[11],"current_hp_per_floor":[80,77,80,80,80,38,62,25,25,28,28,21,15,21,45,31,80,46,46],"gold":215,"neow_bonus":"THREE_ENEMY_KILL","is_prod":false,"is_daily":false,"chose_seed":false,"campfire_upgraded":0,"win_rate":0,"timestamp":1549383549,"path_taken":["M","?","M","?","M","E","R","E","T","M","$","?","M","M","R","BOSS","M","$"],"build_version":"2019-01-23","purchased_purges":1,"victory":false,"max_hp_per_floor":[80,80,80,80,80,80,80,80,80,80,80,80,80,80,80,80,80,80,80],"card_choices":[{"not_picked":["Hemokinesis","Infernal Blade"],"picked":"Heavy Blade","floor":1.0},{"not_picked":["Iron Wave","Heavy Blade"],"picked":"Pommel Strike","floor":3.0},{"not_picked":["Armaments","Disarm"],"picked":"Flex","floor":5.0},{"not_picked":["Sword Boomerang","Fire Breathing+1"],"picked":"Pummel","floor":6.0},{"not_picked":["Armaments","Power Through"],"picked":"Thunderclap","floor":8.0},{"not_picked":["Shockwave","Offering"],"picked":"Inflame+1","floor":10.0},{"not_picked":["Clash","Clothesline","Fire Breathing+1"],"picked":"SKIP","floor":13.0},{"not_picked":["Iron Wave","Clash"],"picked":"Shrug It Off","floor":14.0},{"not_picked":["Bludgeon","Juggernaut+1"],"picked":"Demon Form+1","floor":16.0},{"not_picked":["Twin Strike","Battle Trance"],"picked":"Flex","floor":18}],"player_experience":761969,"relics_obtained":[{"floor":6.0,"key":"Juzu Bracelet"},{"floor":8.0,"key":"Whetstone"}],"event_choices":[{"damage_healed":0.0,"max_hp_gain":0.0,"max_hp_loss":0.0,"gold_gain":0.0,"event_name":"Scrap Ooze","player_choice":"Success","floor":2.0,"gold_loss":0.0,"damage_taken":3.0,"relics_obtained":["Oddly Smooth Stone"]},{"damage_healed":0.0,"max_hp_gain":0.0,"max_hp_loss":0.0,"gold_gain":0.0,"event_name":"Big Fish","player_choice":"Box","floor":4.0,"gold_loss":0.0,"damage_taken":0.0,"relics_obtained":["Frozen Egg 2"],"cards_obtained":["Regret"]},{"cards_removed":["Strike_R"],"damage_healed":0.0,"max_hp_gain":0.0,"max_hp_loss":0.0,"gold_gain":0.0,"event_name":"Golden Wing","player_choice":"Card Removal","floor":12.0,"gold_loss":0.0,"damage_taken":7.0}],"is_beta":false,"boss_relics":[{"not_picked":["Astrolabe","Orrery"],"picked":"White Beast Statue"}],"items_purged_floors":[11],"is_endless":false,"potions_floor_spawned":[1,3,13,18],"ascension_level":0}