{"gold_per_floor":[111,111,111,127,144,170,170,95,120,136,151,151,167,180,180,282,282,300,200,182,97,97,97,125,125,175,175,189,201,201,212,212,212],"floor_reached":33,"playtime":2400,"items_purged":["Strike_B","Strike_B"],"score":334,"play_id":"a42aaa5a-9893-4252-bf00-a6de3316d334","local_time":"20190713100826","is_ascension_mode":true,"campfire_choices":[{"data":"Dualcast","floor":7,"key":"SMITH"},{"data":"Conserve Battery","floor":12,"key":"SMITH"},{"data":"Coolheaded","floor":15,"key":"SMITH"},{"data":"Machine Learning","floor":23,"key":"SMITH"},{"floor":25,"key":"REST"},{"data":"Zap","floor":27,"key":"SMITH"},{"floor":32,"key":"REST"}],"neow_cost":"NONE","seed_source_timestamp":229918971459571,"circlet_count":0,"master_deck":["Defend_B","Defend_B","Defend_B","Zap+1","Dualcast+1","Core Surge","Cold Snap","Undo","Gash","Gash","Go for the Eyes","Conserve Battery+1","Coolheaded+1","Gash","Machine Learning+1","Gash+1","Redo+1","Turbo+1"],"relics":["Cracked Core","Anchor","Centennial Puzzle","Black Star","Bag of Marbles","Lantern","Toxic Egg 2","Omamori"],"potions_floor_usage":[33,33,33],"damage_taken":[{"damage":3,"enemies":"Small Slimes","floor":1,"turns":2},{"damage":1,"enemies":"2 Louse","floor":4,"turns":3},{"damage":0,"enemies":"Cultist","floor":5,"turns":3},{"damage":15,"enemies":"Lagavulin","floor":6,"turns":5},{"damage":0,"enemies":"2 Fungi Beasts","floor":10,"turns":3},{"damage":0,"enemies":"3 Louse","floor":11,"turns":5},{"damage":2,"enemies":"Exordium Thugs","floor":13,"turns":4},{"damage":0,"enemies":"Blue Slaver","floor":14,"turns":3},{"damage":13,"enemies":"Hexaghost","floor":16,"turns":11},{"damage":12,"enemies":"3 Byrds","floor":18,"turns":6},{"damage":4,"enemies":"2 Thieves","floor":20,"turns":4},{"damage":37,"enemies":"Book of Stabbing","floor":24,"turns":7},{"damage":8,"enemies":"Snake Plant","floor":28,"turns":6},{"damage":14,"enemies":"Snecko","floor":29,"turns":7},{"damage":7,"enemies":"Shelled Parasite and Fungi","floor":31,"turns":4},{"damage":40,"enemies":"Automaton","floor":33,"turns":6}],"seed_played":"-6263075973413431273","potions_obtained":[{"floor":4,"key":"Poison Potion"},{"floor":6,"key":"Strength Potion"},{"floor":11,"key":"AttackPotion"},{"floor":24,"key":"Block Potion"}],"is_trial":false,"path_per_floor":["M","?","?","M","M","E","R","$","T","M","M","R","M","M","R","B",null,"M","$","M","?","?","R","E","R","T","R","M","M","?","M","R","B"],"character_chosen":"DEFECT","items_purchased":[],"campfire_rested":2,"item_purchase_floors":[],"current_hp_per_floor":[72,72,72,71,71,56,56,56,56,56,56,56,54,54,54,41,75,63,63,59,59,59,59,22,44,44,44,36,22,22,15,37,0],"gold":212,"neow_bonus":"ONE_RANDOM_RARE_CARD","is_prod":false,"is_daily":false,"chose_seed":false,"campfire_upgraded":5,"win_rate":0,"timestamp":1563037706,"path_taken":["M","?","?","M","M","E","R","$","T","M","M","R","M","?","R","BOSS","M","$","M","?","?","R","E","R","T","R","?","M","?","M","R","BOSS"],"build_version":"2019-07-05","purchased_purges":2,"victory":false,"max_hp_per_floor":[75,75,75,75,75,75,75,75,75,75,75,75,75,75,75,75,75,75,75,75,75,75,75,75,75,75,75,75,75,75,75,75,75],"card_choices":[{"not_picked":["Beam Cell","Stack"],"picked":"Cold Snap","floor":1},{"not_picked":["Streamline","Storm"],"picked":"Gash","floor":4},{"not_picked":["Turbo","Melter"],"picked":"Gash","floor":5},{"not_picked":["Storm","Recycle"],"picked":"Go for the Eyes","floor":6},{"not_picked":["Hologram","Ball Lightning"],"picked":"Conserve Battery","floor":10},{"not_picked":["Fission","Turbo","Go for the Eyes"],"picked":"SKIP","floor":11},{"not_picked":["Double Energy","Heatsinks"],"picked":"Coolheaded","floor":13},{"not_picked":["Steam Power","Sunder"],"picked":"Gash","floor":14},{"not_picked":["All For One","Hyperbeam"],"picked":"Machine Learning","floor":16},{"not_picked":["Conserve Battery","Sunder+1","Rebound"],"picked":"SKIP","floor":18},{"not_picked":["Heatsinks","Sweeping Beam","Loop"],"picked":"SKIP","floor":20},{"not_picked":["Leap","Go for the Eyes","Multi-Cast"],"picked":"SKIP","floor":24},{"not_picked":["Redo+1","Scrape"],"picked":"Gash+1","floor":28},{"not_picked":["Barrage","Chaos+1","Genetic Algorithm+1"],"picked":"SKIP","floor":29},{"not_picked":["Turbo+1","Cold Snap+1","Sweeping Beam"],"picked":"SKIP","floor":31}],"player_experience":135622,"relics_obtained":[{"floor":6,"key":"Anchor"},{"floor":9,"key":"Centennial Puzzle"},{"floor":24,"key":"Lantern"},{"floor":24,"key":"Toxic Egg 2"},{"floor":26,"key":"Omamori"}],"event_choices":[{"damage_healed":0,"gold_gain":0,"player_choice":"Ignored","damage_taken":0,"max_hp_gain":0,"max_hp_loss":0,"event_name":"Liars Game","floor":2,"gold_loss":0},{"damage_healed":0,"gold_gain":0,"cards_transformed":["Strike_B"],"player_choice":"Transformed","damage_taken":0,"max_hp_gain":0,"max_hp_loss":0,"event_name":"Transmorgrifier","floor":3,"gold_loss":0,"cards_obtained":["Undo"]},{"damage_healed":0,"gold_gain":0,"player_choice":"Obtained Relic","damage_taken":0,"relics_obtained":["Bag of Marbles"],"max_hp_gain":0,"max_hp_loss":0,"event_name":"Addict","floor":21,"gold_loss":85},{"damage_healed":0,"gold_gain":0,"player_choice":"0 cards matched","damage_taken":0,"max_hp_gain":0,"max_hp_loss":0,"event_name":"Match and Keep!","floor":22,"gold_loss":0,"cards_obtained":[]},{"damage_healed":0,"gold_gain":0,"cards_transformed":["Strike_B","Defend_B"],"player_choice":"Became Test Subject","damage_taken":0,"max_hp_gain":0,"max_hp_loss":0,"event_name":"Drug Dealer","floor":30,"gold_loss":0,"cards_obtained":["Redo","Turbo"]}],"is_beta":false,"boss_relics":[{"not_picked":["Snecko Eye","FrozenCore"],"picked":"Black Star"}],"items_purged_floors":[8,19],"is_endless":false,"potions_floor_spawned":[4,6,11,24,31],"killed_by":"Automaton","ascension_level":3}