{"gold_per_floor":[216,235,247,261,277,277,302,377,377,389,415,415],"floor_reached":12,"playtime":1021,"items_purged":[],"score":106,"play_id":"8a773146-385c-4153-9032-9e9e3497963d","local_time":"20190831194110","is_ascension_mode":true,"campfire_choices":[{"floor":6,"key":"REST"}],"neow_cost":"NONE","seed_source_timestamp":14080536968900,"circlet_count":0,"master_deck":["Strike_B","Strike_B","Strike_B","Strike_B","Defend_B","Defend_B","Defend_B","Defend_B","Zap","Dualcast","Consume","Storm","Barrage","Cold Snap","Hologram","Glacier","Gash","Defragment"],"relics":["Cracked Core","Vajra","Bag of Marbles"],"potions_floor_usage":[],"damage_taken":[{"damage":7,"enemies":"Jaw Worm","floor":1,"turns":4},{"damage":6,"enemies":"Cultist","floor":2,"turns":4},{"damage":2,"enemies":"2 Louse","floor":3,"turns":5},{"damage":1,"enemies":"2 Fungi Beasts","floor":4,"turns":5},{"damage":19,"enemies":"Lots of Slimes","floor":5,"turns":5},{"damage":30,"enemies":"3 Sentries","floor":7,"turns":15},{"damage":5,"enemies":"Exordium Wildlife","floor":10,"turns":5},{"damage":18,"enemies":"Lagavulin","floor":11,"turns":8},{"damage":2,"enemies":"Large Slime","floor":12,"turns":1}],"seed_played":"-5420889810718870674","potions_obtained":[{"floor":1,"key":"FearPotion"},{"floor":3,"key":"SpeedPotion"},{"floor":5,"key":"SpeedPotion"}],"is_trial":false,"path_per_floor":["M","M","M","M","M","R","E","?","T","M","E","M"],"character_chosen":"DEFECT","items_purchased":[],"campfire_rested":1,"item_purchase_floors":[],"current_hp_per_floor":[68,62,60,59,40,62,32,25,25,20,2,0],"gold":415,"neow_bonus":"HUNDRED_GOLD","is_prod":false,"is_daily":false,"chose_seed":false,"campfire_upgraded":0,"win_rate":0,"timestamp":1567298470,"path_taken":["M","M","M","M","M","R","E","?","T","M","E","?"],"build_version":"2019-07-17","purchased_purges":0,"victory":false,"max_hp_per_floor":[75,75,75,75,75,75,75,75,75,75,75,75],"card_choices":[{"not_picked":["Recycle","Redo"],"picked":"Consume","floor":1},{"not_picked":["Ball Lightning","Stack"],"picked":"Storm","floor":2},{"not_picked":["BootSequence","Double Energy"],"picked":"Barrage","floor":3},{"not_picked":["Rebound","Genetic Algorithm"],"picked":"Cold Snap","floor":4},{"not_picked":["Lockon","Redo"],"picked":"Hologram","floor":5},{"not_picked":["Lockon","Tempest"],"picked":"Glacier","floor":7},{"not_picked":["Storm","Doom and Gloom"],"picked":"Gash","floor":10},{"not_picked":["Ball Lightning","Stack"],"picked":"Defragment","floor":11}],"player_experience":266225,"relics_obtained":[{"floor":7,"key":"Vajra"},{"floor":11,"key":"Bag of Marbles"}],"event_choices":[{"damage_healed":0,"gold_gain":75,"player_choice":"Touch","damage_taken":7,"max_hp_gain":0,"max_hp_loss":0,"event_name":"FaceTrader","floor":8,"gold_loss":0}],"is_beta":false,"boss_relics":[],"items_purged_floors":[],"is_endless":false,"potions_floor_spawned":[1,3,5],"killed_by":"Large Slime","ascension_level":3}