{"gold_per_floor":[115,40,40,40,52,52,2,2,26,46,66,86,117,117,117,117],"floor_reached":16,"playtime":696,"items_purged":["Strike_R"],"score":105,"play_id":"4618d24f-3f0a-4341-b579-1212d553aa4a","local_time":"20190210033846","is_ascension_mode":true,"campfire_choices":[{"data":"Twin Strike","floor":6,"key":"SMITH"},{"data":"Pommel Strike","floor":8,"key":"SMITH"},{"floor":15,"key":"REST"}],"neow_cost":"NONE","seed_source_timestamp":49199415049403,"circlet_count":0,"master_deck":["Strike_R+1","Strike_R+1","Strike_R+1","Defend_R","Defend_R","Defend_R","Defend_R","Bash+1","Regret","Twin Strike+1","Pommel Strike+1","Thunderclap","Shrug It Off","Barricade"],"relics":["Burning Blood","Potion Belt","Whetstone","Ornamental Fan"],"potions_floor_usage":[12,13,16],"damage_taken":[{"damage":7,"enemies":"Small Slimes","floor":1,"turns":5},{"damage":5,"enemies":"2 Louse","floor":5,"turns":2},{"damage":4,"enemies":"Jaw Worm","floor":10,"turns":4},{"damage":9,"enemies":"Exordium Wildlife","floor":11,"turns":3},{"damage":8,"enemies":"Exordium Thugs","floor":12,"turns":4},{"damage":54,"enemies":"Lagavulin","floor":13,"turns":7},{"damage":38,"enemies":"Slime Boss","floor":16,"turns":5}],"seed_played":"3067949205064790076","potions_obtained":[{"floor":1,"key":"Weak Potion"},{"floor":10,"key":"Block Potion"},{"floor":13,"key":"SteroidPotion"}],"is_trial":false,"path_per_floor":["M","$","?","?","M","R","$","R","T","M","M","M","E","T","R","B"],"character_chosen":"IRONCLAD","items_purchased":["Pommel Strike"],"campfire_rested":1,"item_purchase_floors":[7],"current_hp_per_floor":[79,79,79,63,64,64,64,64,64,66,63,61,13,13,37,0],"gold":117,"neow_bonus":"REMOVE_CARD","is_prod":false,"is_daily":false,"chose_seed":false,"campfire_upgraded":2,"win_rate":0,"timestamp":1549766326,"path_taken":["M","$","?","?","M","R","?","R","T","?","M","M","E","?","R","BOSS"],"build_version":"2019-01-23","purchased_purges":1,"victory":false,"max_hp_per_floor":[80,80,80,80,80,80,80,80,80,80,80,80,80,80,80,80],"card_choices":[{"not_picked":["Hemokinesis","Burning Pact","Warcry"],"picked":"SKIP","floor":1},{"not_picked":["Warcry","Clash"],"picked":"Twin Strike","floor":5},{"not_picked":["Warcry","Twin Strike"],"picked":"Thunderclap","floor":10},{"not_picked":["Rampage","Flame Barrier"],"picked":"Shrug It Off","floor":11},{"not_picked":["Flex","Pummel"],"picked":"Barricade","floor":12},{"not_picked":["Rupture","Bloodletting","Thunderclap"],"picked":"SKIP","floor":13}],"player_experience":809889,"relics_obtained":[{"floor":13,"key":"Whetstone"},{"floor":14,"key":"Ornamental Fan"}],"event_choices":[{"damage_healed":0,"gold_gain":0,"player_choice":"Box","damage_taken":0,"relics_obtained":["Potion Belt"],"max_hp_gain":0,"max_hp_loss":0,"event_name":"Big Fish","floor":3,"gold_loss":0,"cards_obtained":["Regret"]},{"damage_healed":0,"gold_gain":0,"player_choice":"Entered Light","damage_taken":16,"max_hp_gain":0,"max_hp_loss":0,"event_name":"Shining Light","floor":4,"gold_loss":0,"cards_upgraded":["Bash","Strike_R"]}],"is_beta":false,"boss_relics":[],"items_purged_floors":[2],"is_endless":false,"potions_floor_spawned":[1,10,13],"killed_by":"Slime Boss","ascension_level":1}