{"gold_per_floor":[115,125,75,90,101,126,126,143,143,169,169,180,180,197,197,302,302,314,113,38,38,38,38],"floor_reached":23,"playtime":1469,"items_purged":["Strike_B"],"score":220,"play_id":"a770f09b-2978-4d0a-b4bd-24b2114c6e1e","local_time":"20190714151224","is_ascension_mode":true,"campfire_choices":[{"floor":7,"key":"REST"},{"floor":11,"key":"REST"},{"data":"Dualcast","floor":13,"key":"SMITH"},{"floor":15,"key":"REST"}],"neow_cost":"NONE","seed_source_timestamp":335488720989004,"circlet_count":0,"master_deck":["Strike_B+1","Strike_B+1","Defend_B","Defend_B","Defend_B","Defend_B","Zap+1","Dualcast+1","Capacitor","White Noise","Recycle","FTL","Undo","Coolheaded","Thunder Strike","Reboot","Darkness","Conserve Battery","Defragment","Cold Snap+1","Shame"],"relics":["FrozenCore","Pen Nib","Bottled Tornado","Whetstone","Peace Pipe"],"potions_floor_usage":[16],"damage_taken":[{"damage":0,"enemies":"2 Louse","floor":1,"turns":2},{"damage":7,"enemies":"Jaw Worm","floor":2,"turns":2},{"damage":0,"enemies":"Small Slimes","floor":4,"turns":2},{"damage":1,"enemies":"Exordium Wildlife","floor":5,"turns":2},{"damage":62,"enemies":"Gremlin Nob","floor":6,"turns":5},{"damage":12,"enemies":"Looter","floor":8,"turns":3},{"damage":5,"enemies":"Gremlin Gang","floor":12,"turns":6},{"damage":6,"enemies":"Lots of Slimes","floor":14,"turns":4},{"damage":47,"enemies":"Hexaghost","floor":16,"turns":11},{"damage":2,"enemies":"Spheric Guardian","floor":18,"turns":6},{"damage":6,"enemies":"2 Thieves","floor":20,"turns":5},{"damage":76,"enemies":"Gremlin Leader","floor":23,"turns":5}],"seed_played":"8688706294036576956","potions_obtained":[{"floor":1,"key":"Ancient Potion"},{"floor":6,"key":"FearPotion"},{"floor":8,"key":"Strength Potion"}],"is_trial":false,"path_per_floor":["M","M","?","M","M","E","R","M","T","T","R","M","R","M","R","B",null,"M","$","M","?","?","E"],"character_chosen":"DEFECT","items_purchased":["Conserve Battery","Defragment"],"campfire_rested":3,"item_purchase_floors":[19,19],"current_hp_per_floor":[75,68,68,68,67,5,27,15,15,15,37,32,32,26,48,1,75,73,73,67,67,67,0],"gold":38,"neow_bonus":"UPGRADE_CARD","is_prod":false,"is_daily":false,"chose_seed":false,"campfire_upgraded":1,"win_rate":0,"timestamp":1563142344,"path_taken":["M","M","?","M","M","E","R","M","T","?","R","M","R","M","R","BOSS","M","$","M","?","?","E"],"build_version":"2019-07-05","purchased_purges":1,"victory":false,"max_hp_per_floor":[75,75,75,75,75,75,75,75,75,75,75,75,75,75,75,75,75,75,75,75,75,75,75],"card_choices":[{"not_picked":["Self Repair","Turbo"],"picked":"Capacitor","floor":1},{"not_picked":["Barrage","Hello World"],"picked":"White Noise","floor":2},{"not_picked":["Sunder","Turbo"],"picked":"Recycle","floor":4},{"not_picked":["Leap","Blizzard"],"picked":"FTL","floor":5},{"not_picked":["Meteor Strike","White Noise"],"picked":"Undo","floor":6},{"not_picked":["Loop","Undo","Streamline"],"picked":"SKIP","floor":8},{"not_picked":["Ball Lightning","Rebound"],"picked":"Coolheaded","floor":12},{"not_picked":["Blizzard","Sweeping Beam"],"picked":"Thunder Strike","floor":14},{"not_picked":["Hyperbeam","Meteor Strike"],"picked":"Reboot","floor":16},{"not_picked":["Steam Power","Heatsinks"],"picked":"Darkness","floor":18},{"not_picked":["Sunder","Ball Lightning"],"picked":"Cold Snap+1","floor":20}],"player_experience":140871,"relics_obtained":[{"floor":6,"key":"Pen Nib"},{"floor":9,"key":"Bottled Tornado"},{"floor":10,"key":"Whetstone"}],"event_choices":[{"cards_removed":["Strike_B"],"damage_healed":0,"gold_gain":0,"player_choice":"Card Removal","damage_taken":0,"max_hp_gain":0,"max_hp_loss":0,"event_name":"The Cleric","floor":3,"gold_loss":50},{"damage_healed":0,"gold_gain":0,"player_choice":"Stole Relic","damage_taken":0,"relics_obtained":["Peace Pipe"],"max_hp_gain":0,"max_hp_loss":0,"event_name":"Addict","floor":21,"gold_loss":0,"cards_obtained":["Shame"]},{"damage_healed":0,"gold_gain":0,"player_choice":"Ignored","damage_taken":0,"max_hp_gain":0,"max_hp_loss":0,"event_name":"Ghosts","floor":22,"gold_loss":0}],"is_beta":false,"boss_relics":[{"not_picked":["Runic Dome","White Beast Statue"],"picked":"FrozenCore"}],"items_purged_floors":[19],"is_endless":false,"potions_floor_spawned":[1,6,8,12],"killed_by":"Gremlin Leader","ascension_level":3}