{"path_per_floor":["M","M","?","$","M","E","R","?","T","R","?","M","M","M","R","B",null,"M","M","M","$","?","R","?","?","T","?"],"character_chosen":"THE_SILENT","items_purchased":["Backflip","Prepared","Slice","Distraction","Bane","Footwork","Dagger Spray"],"gold_per_floor":[119,129,129,4,18,53,53,33,112,112,112,126,141,159,159,261,261,275,295,311,49,49,49,299,389,389,389],"floor_reached":28,"campfire_rested":2,"playtime":2772,"current_hp_per_floor":[70,69,69,69,68,44,65,65,65,65,65,65,65,65,65,9,70,50,31,31,31,37,71,77,45,45,35],"items_purged":["Strike_G"],"gold":389,"score":294,"play_id":"305512a9-e591-40ff-b5d1-73fa257b30a1","is_prod":false,"is_daily":false,"is_ascension_mode":false,"campfire_upgraded":2,"path_taken":["M","M","?","$","M","E","R","?","T","R","?","?","M","?","R","BOSS","M","?","M","$","?","R","?","?","T","?","E"],"build_version":"2018-02-08-PROD1","purchased_purges":1,"victory":false,"master_deck":["Defend_G","Defend_G","Defend_G","Defend_G","Strike_G","Strike_G","Strike_G","Survivor","Neutralize","Dagger Spray+1","Skewer+1","Backflip","PiercingWail","Bane","Backflip","Predator","Backflip","Prepared","Slice","Dash","Quick Slash","Quick Slash","Bouncing Flask","Dagger Throw","Adrenaline","Dagger Spray+1","Backflip+1","Caltrops","Distraction","Bane","Footwork","Dagger Spray","Normality","Regret","Trip","Dark Shackles","Necronomicurse"],"max_hp_per_floor":[70,70,70,70,70,70,70,70,70,70,70,70,70,70,70,70,70,70,70,70,70,76,76,82,82,82,88],"relics":["Orrery","Darkstone Periapt","Smiling Mask","Eternal Feather","Bag of Marbles","Frozen Eye","Necronomicon"],"card_choices":[{"not_picked":["Quick Slash","Prepared"],"picked":"Dagger Spray"},{"not_picked":["Blur","Leg Sweep"],"picked":"Skewer"},{"not_picked":["Flying Knee","Deflect"],"picked":"Backflip"},{"not_picked":["Venomology","Deadly Poison"],"picked":"PiercingWail"},{"not_picked":["Crippling Poison","Deadly Poison"],"picked":"Bane"},{"not_picked":["Deflect","Bane"],"picked":"Backflip"},{"not_picked":["Bane","Leg Sweep"],"picked":"Predator"},{"not_picked":["Outmaneuver","Leg Sweep"],"picked":"Dash"},{"not_picked":["Blade Dance","Endless Agony"],"picked":"Quick Slash"},{"not_picked":["Slice","Venomology"],"picked":"Quick Slash"},{"not_picked":["Eviscerate","Deadly Poison"],"picked":"Bouncing Flask"},{"not_picked":["Slice","Skewer"],"picked":"Dagger Throw"},{"not_picked":["Doppelganger","Phantasmal Killer"],"picked":"Adrenaline"},{"not_picked":["Flying Knee","Backflip"],"picked":"Dagger Spray"},{"not_picked":["Dagger Throw","Deflect"],"picked":"Backflip"},{"not_picked":["Dagger Throw","Night Terror"],"picked":"Caltrops"}],"player_experience":23257,"potions_floor_usage":[20,28,28],"damage_taken":[{"damage":0.0,"enemies":"2 Louse","floor":1.0,"turns":3.0},{"damage":1.0,"enemies":"Cultist","floor":2.0,"turns":4.0},{"damage":1.0,"enemies":"Jaw Worm","floor":5.0,"turns":3.0},{"damage":24.0,"enemies":"Gremlin Nob","floor":6.0,"turns":5.0},{"damage":0.0,"enemies":"Large Slime","floor":12.0,"turns":4.0},{"damage":0.0,"enemies":"Gremlin Gang","floor":13.0,"turns":1.0},{"damage":0.0,"enemies":"Lots of Slimes","floor":14.0,"turns":2.0},{"damage":56.0,"enemies":"Hexaghost","floor":16.0,"turns":14.0},{"damage":20,"enemies":"Spheric Guardian","floor":18,"turns":6},{"damage":19,"enemies":"2 Thieves","floor":19,"turns":3},{"damage":0,"enemies":"Centurion and Healer","floor":20,"turns":5},{"damage":37,"enemies":"Book of Stabbing","floor":28,"turns":4}],"event_choices":[{"event_name":"Bonfire Elementals","player_choice":"BASIC","floor":3.0,"damage_taken":0.0},{"event_name":"The Woman in Blue","player_choice":"Bought 1 Potion","floor":8.0,"damage_taken":0.0},{"event_name":"Living Wall","player_choice":"Forget","floor":11.0,"damage_taken":0.0},{"event_name":"Accursed Blacksmith","player_choice":"Rummage","floor":22,"damage_taken":0},{"event_name":"Golden Shrine","player_choice":"Desecrate","floor":24,"damage_taken":0},{"event_name":"Knowing Skull","player_choice":"CARD GOLD CARD ","floor":25,"damage_taken":0},{"event_name":"Cursed Tome","player_choice":"Obtained Book","floor":27,"damage_taken":0}],"boss_relics":[{"not_picked":["Runic Dome","Tiny House"],"picked":"Eternal Feather"}],"potions_floor_spawned":[2,5,12,14,19,20],"seed_played":"1644975064092747127","killed_by":"Book of Stabbing","ascension_level":0,"is_trial":false}