{"gold_per_floor":[111,36,46,66,16,48,48,82,82,82,82,61,80,100,100,100],"floor_reached":16,"playtime":1468,"items_purged":["Strike_G"],"score":112,"play_id":"fbdc2f47-25c7-4116-a614-1509f81eec88","local_time":"20190203000837","is_ascension_mode":false,"campfire_choices":[{"floor":11,"key":"REST"},{"data":"Malaise","floor":15,"key":"SMITH"}],"neow_cost":"NONE","seed_source_timestamp":27892767207671,"circlet_count":0,"master_deck":["Defend_G","Defend_G","Defend_G","Defend_G","Defend_G","Strike_G","Strike_G","Survivor","Neutralize","Flying Knee","Sucker Punch","Dagger Throw","Backstab","Malaise+1"],"relics":["Ring of the Snake","Meat on the Bone","Happy Flower","Pantograph"],"potions_floor_usage":[6,7,8,16],"damage_taken":[{"damage":1,"enemies":"Jaw Worm","floor":1,"turns":6},{"damage":0,"enemies":"Small Slimes","floor":3,"turns":4},{"damage":0,"enemies":"Cultist","floor":4,"turns":4},{"damage":63,"enemies":"Lagavulin","floor":6,"turns":13},{"damage":0,"enemies":"Blue Slaver","floor":7,"turns":1},{"damage":20,"enemies":"Gremlin Nob","floor":8,"turns":5},{"damage":8,"enemies":"Large Slime","floor":13,"turns":9},{"damage":9,"enemies":"Red Slaver","floor":14,"turns":4},{"damage":71,"enemies":"Hexaghost","floor":16,"turns":19}],"seed_played":"7836444431876945089","potions_obtained":[{"floor":0,"key":"FairyPotion"},{"floor":0,"key":"SmokeBomb"},{"floor":0,"key":"SpeedPotion"},{"floor":4,"key":"SneckoOil"},{"floor":6,"key":"Explosive Potion"},{"floor":13,"key":"SkillPotion"}],"is_trial":false,"path_per_floor":["M","$","M","M","?","E","M","E","T","?","R","?","M","M","R","B"],"character_chosen":"THE_SILENT","items_purchased":[],"campfire_rested":1,"item_purchase_floors":[],"current_hp_per_floor":[69,69,69,69,69,6,18,19,19,19,40,40,44,47,47,0],"gold":100,"neow_bonus":"THREE_SMALL_POTIONS","is_prod":false,"is_daily":false,"chose_seed":false,"campfire_upgraded":1,"win_rate":0,"timestamp":1549148917,"path_taken":["M","$","M","M","?","E","M","E","T","?","R","?","M","M","R","BOSS"],"build_version":"2019-01-23","purchased_purges":1,"victory":false,"max_hp_per_floor":[70,70,70,70,70,70,70,70,70,70,70,70,70,70,70,70],"card_choices":[{"not_picked":["Underhanded Strike","Eviscerate","Reflex"],"picked":"SKIP","floor":1},{"not_picked":["Underhanded Strike","Cloak And Dagger"],"picked":"Flying Knee","floor":3},{"not_picked":["Blade Dance","Concentrate"],"picked":"Sucker Punch","floor":4},{"not_picked":["Riddle With Holes","Night Terror"],"picked":"Dagger Throw","floor":6},{"not_picked":["Accuracy","Underhanded Strike","Sucker Punch"],"picked":"SKIP","floor":8},{"not_picked":["Flying Knee","Finisher"],"picked":"Backstab","floor":13},{"not_picked":["Outmaneuver","Poisoned Stab"],"picked":"Malaise","floor":14}],"player_experience":702938,"relics_obtained":[{"floor":6,"key":"Meat on the Bone"},{"floor":8,"key":"Happy Flower"},{"floor":9,"key":"Pantograph"}],"event_choices":[{"cards_removed":["Strike_G"],"damage_healed":0,"gold_gain":0,"player_choice":"Card Removal","damage_taken":0,"max_hp_gain":0,"max_hp_loss":0,"event_name":"The Cleric","floor":5,"gold_loss":50},{"cards_removed":["Strike_G"],"damage_healed":0,"gold_gain":0,"player_choice":"Forget","damage_taken":0,"max_hp_gain":0,"max_hp_loss":0,"event_name":"Living Wall","floor":10,"gold_loss":0},{"damage_healed":0,"gold_gain":0,"player_choice":"Left Gold","damage_taken":0,"max_hp_gain":0,"max_hp_loss":0,"event_name":"World of Goop","floor":12,"gold_loss":21}],"is_beta":false,"boss_relics":[],"items_purged_floors":[2],"is_endless":false,"potions_floor_spawned":[4,6,13],"killed_by":"Hexaghost","ascension_level":0}