{"gold_per_floor":[110,110,125,125,141,185,185,74,126,142,198,198,214,234,234,234],"floor_reached":16,"playtime":791,"items_purged":["Impatience"],"score":102,"play_id":"27594ae1-2b4e-4fe0-ad95-c2680fba5585","local_time":"20190802210110","is_ascension_mode":false,"campfire_choices":[{"floor":7,"key":"REST"},{"floor":15,"key":"REST"}],"neow_cost":"NONE","seed_source_timestamp":269052670731636,"circlet_count":0,"master_deck":["Strike_R","Strike_R","Strike_R","Strike_R","Strike_R","Defend_R","Defend_R","Defend_R","Defend_R","Bash","Whirlwind","Uppercut","Twin Strike","Whirlwind","Combust","Perfected Strike"],"relics":["Burning Blood","Golden Idol","Lantern","Ancient Tea Set"],"potions_floor_usage":[16],"damage_taken":[{"damage":4,"enemies":"2 Louse","floor":1,"turns":3},{"damage":8,"enemies":"Small Slimes","floor":3,"turns":2},{"damage":6,"enemies":"Jaw Worm","floor":5,"turns":3},{"damage":57,"enemies":"Lagavulin","floor":6,"turns":9},{"damage":8,"enemies":"Red Slaver","floor":10,"turns":4},{"damage":14,"enemies":"Large Slime","floor":13,"turns":5},{"damage":6,"enemies":"Lots of Slimes","floor":14,"turns":2},{"damage":75,"enemies":"Hexaghost","floor":16,"turns":9}],"seed_played":"9094517521877539109","potions_obtained":[{"floor":5,"key":"Block Potion"},{"floor":6,"key":"BloodPotion"},{"floor":14,"key":"Fire Potion"}],"is_trial":false,"path_per_floor":["M","?","M","?","M","E","R","$","T","M","?","?","M","M","R","B"],"character_chosen":"IRONCLAD","items_purchased":["Combust"],"campfire_rested":2,"item_purchase_floors":[8],"current_hp_per_floor":[80,74,72,72,72,21,43,43,43,41,41,41,33,33,55,0],"gold":234,"neow_bonus":"RANDOM_COLORLESS","is_prod":false,"is_daily":false,"chose_seed":false,"campfire_upgraded":0,"win_rate":0.0,"timestamp":1564797670,"path_taken":["M","?","M","?","M","E","R","$","T","M","?","?","?","M","R","BOSS"],"build_version":"2019-07-17","purchased_purges":1,"victory":false,"max_hp_per_floor":[80,74,74,74,74,74,74,74,74,74,74,74,74,74,74,74],"card_choices":[{"not_picked":["Warcry","Clothesline"],"picked":"Whirlwind","floor":1},{"not_picked":["Power Through","Rupture"],"picked":"Uppercut","floor":3},{"not_picked":["Combust","Flame Barrier"],"picked":"Twin Strike","floor":5},{"not_picked":["Corruption","Warcry"],"picked":"Whirlwind","floor":6},{"not_picked":["Hemokinesis","Warcry"],"picked":"Perfected Strike","floor":10},{"not_picked":["Clothesline","Ghostly Armor","Iron Wave"],"picked":"SKIP","floor":13},{"not_picked":["Thunderclap","Anger","Blood for Blood"],"picked":"SKIP","floor":14}],"player_experience":38769,"relics_obtained":[{"floor":6,"key":"Lantern"},{"floor":9,"key":"Ancient Tea Set"}],"event_choices":[{"damage_healed":0,"gold_gain":0,"player_choice":"Lose Max HP","damage_taken":0,"relics_obtained":["Golden Idol"],"max_hp_gain":0,"max_hp_loss":6,"event_name":"Golden Idol","floor":2,"gold_loss":0},{"damage_healed":0,"gold_gain":0,"player_choice":"Ignored","damage_taken":0,"max_hp_gain":0,"max_hp_loss":0,"event_name":"Liars Game","floor":4,"gold_loss":0},{"damage_healed":0,"gold_gain":56,"player_choice":"Gained Gold","damage_taken":0,"max_hp_gain":0,"max_hp_loss":0,"event_name":"Golden Wing","floor":11,"gold_loss":0},{"damage_healed":0,"gold_gain":0,"player_choice":"Ignored","damage_taken":0,"max_hp_gain":0,"max_hp_loss":0,"event_name":"Shining Light","floor":12,"gold_loss":0}],"is_beta":false,"boss_relics":[],"items_purged_floors":[8],"is_endless":false,"potions_floor_spawned":[5,6,14],"killed_by":"Hexaghost","ascension_level":0}