{"path_per_floor":["M","$","M","M","$","E","R","M","T","R","E","M","?","?","R","B",null,"M","?","M","$","?","R","$","R","T","?","R","M","M","?","R","B",null,"M","$","M","?","?","E","R","M","T","M","?","R","M","M","R","B"],"character_chosen":"IRONCLAD","items_purchased":["Inflame","Juzu Bracelet"],"gold_per_floor":[118,43,56,76,36,71,71,81,81,81,116,134,134,134,134,229,229,241,241,255,0,0,0,0,0,0,0,0,13,28,28,28,130,130,142,17,31,31,31,59,59,75,75,88,88,88,108,122,122,122],"floor_reached":51,"campfire_rested":2,"playtime":2849,"current_hp_per_floor":[72,72,72,60,60,44,44,52,52,52,48,36,36,20,43,11,79,65,50,45,45,45,45,45,45,45,45,45,55,46,46,46,31,84,66,66,54,54,54,28,28,34,34,10,10,35,44,59,59,32],"items_purged":["Defend_R","Defend_R","Clumsy"],"gold":122,"score":711,"play_id":"ba5e7ce5-a619-4808-a8b1-a65207d09e2e","local_time":"20180331131321","is_prod":false,"is_daily":false,"is_ascension_mode":false,"campfire_upgraded":8,"timestamp":1522494801,"path_taken":["M","$","M","M","$","E","R","M","T","R","E","M","?","?","R","BOSS","M","?","M","$","?","R","$","R","T","?","R","M","M","?","R","BOSS","M","$","M","?","?","E","R","M","T","M","?","R","M","M","R","BOSS"],"build_version":"2018-03-29v2","purchased_purges":3,"victory":true,"master_deck":["Defend_R+1","Bash","Headbutt","Flex+1","Inflame+1","Flex+1","Inflame+1","Burning Pact","Limit Break+1","Spot Weakness+1","Whirlwind+1","Bite","Bite","Bite","Bite","Bite","Limit Break+1","Secret Weapon","Bash","Heavy Blade+1","Clumsy"],"max_hp_per_floor":[72,72,72,72,72,72,72,72,72,72,79,79,79,79,79,79,79,79,84,84,84,84,84,84,84,84,84,84,84,84,84,84,84,84,84,84,84,84,84,84,84,84,84,84,84,84,84,84,84,84],"relics":["Burning Blood","Red Skull","Unceasing Top","Strawberry","Bag of Preparation","Cursed Key","Juzu Bracelet","Bird Faced Urn","Lizard Tail","Lantern","Paper Frog"],"card_choices":[{"not_picked":["Double Tap","Havoc"],"picked":"Headbutt","floor":1},{"not_picked":["Rage","Hemokinesis"],"picked":"Flex","floor":4},{"not_picked":["Clash","Blood for Blood"],"picked":"Flex","floor":6},{"not_picked":["Entrench","Sword Boomerang"],"picked":"Inflame","floor":11},{"not_picked":["Reckless Charge","Sentinel"],"picked":"Burning Pact","floor":12},{"not_picked":["Reaper","Barricade"],"picked":"Limit Break","floor":16},{"not_picked":["Sentinel","Pommel Strike"],"picked":"Spot Weakness","floor":20},{"not_picked":["Exhume","Impervious"],"picked":"Limit Break","floor":33},{"not_picked":["Mind Blast","Finesse"],"picked":"Secret Weapon","floor":38},{"not_picked":["Shrug It Off","Berserk"],"picked":"Heavy Blade","floor":40}],"player_experience":236770,"potions_floor_usage":[6,11,20,29,33,44,50],"damage_taken":[{"damage":0,"enemies":"Small Slimes","floor":1,"turns":3},{"damage":6,"enemies":"Cultist","floor":3,"turns":3},{"damage":18,"enemies":"Jaw Worm","floor":4,"turns":3},{"damage":22,"enemies":"3 Sentries","floor":6,"turns":6},{"damage":0,"enemies":"Exordium Wildlife","floor":8,"turns":3},{"damage":19,"enemies":"Lagavulin","floor":11,"turns":5},{"damage":20,"enemies":"Looter","floor":12,"turns":3},{"damage":40,"enemies":"Hexaghost","floor":16,"turns":7},{"damage":20,"enemies":"Shell Parasite","floor":18,"turns":3},{"damage":13,"enemies":"3 Byrds","floor":20,"turns":4},{"damage":0,"enemies":"Cultist and Chosen","floor":29,"turns":2},{"damage":21,"enemies":"Snake Plant","floor":30,"turns":3},{"damage":35,"enemies":"Collector","floor":33,"turns":5},{"damage":24,"enemies":"3 Shapes","floor":35,"turns":3},{"damage":30,"enemies":"Orb Walker","floor":37,"turns":4},{"damage":56,"enemies":"Giant Head","floor":40,"turns":6},{"damage":0,"enemies":"3 Darklings","floor":42,"turns":1},{"damage":30,"enemies":"4 Shapes","floor":44,"turns":1},{"damage":3,"enemies":"Sphere and 2 Shapes","floor":47,"turns":2},{"damage":5,"enemies":"Maw","floor":48,"turns":4},{"damage":92,"enemies":"Awakened One","floor":50,"turns":5}],"event_choices":[{"event_name":"Accursed Blacksmith","player_choice":"Rummage","floor":13,"damage_taken":0},{"event_name":"Shining Light","player_choice":"Entered Light","floor":14,"damage_taken":0},{"event_name":"Forgotten Altar","player_choice":"Shed Blood","floor":19,"damage_taken":0},{"event_name":"The Library","player_choice":"Read","floor":22,"damage_taken":0},{"event_name":"Ghosts","player_choice":"Ignored","floor":27,"damage_taken":0},{"event_name":"Vampires","player_choice":"Became a vampire (Vial)","floor":31,"damage_taken":0},{"event_name":"SensoryStone","player_choice":"Memory 1","floor":38,"damage_taken":0},{"event_name":"Match and Keep!","player_choice":"1 cards matched","floor":39,"damage_taken":0}],"boss_relics":[{"not_picked":["White Beast Statue","Tiny House"],"picked":"Cursed Key"},{"not_picked":["Mark of Pain","Orrery"],"picked":"Lizard Tail"}],"potions_floor_spawned":[1,4,8,12,18,20,35,42],"seed_played":"-8822152062220024018","ascension_level":0,"is_trial":false}