{"gold_per_floor":[209,209,221,235,245,245,88,13,13,13,26,42,42,69,69,171,171,191,209,109,109,109,109,34,34,57,57,74,91,107,107,107,107],"floor_reached":33,"playtime":1677,"items_purged":["Strike_B","Strike_B"],"score":273,"play_id":"5868fdb7-14b4-4735-9610-78f23f15b35e","local_time":"20190712082624","is_ascension_mode":true,"campfire_choices":[{"data":"Dualcast","floor":6.0,"key":"SMITH"},{"data":"Fission","floor":13.0,"key":"SMITH"},{"floor":15.0,"key":"REST"},{"data":"Redo","floor":23,"key":"SMITH"},{"floor":25,"key":"REST"},{"data":"Static Discharge","floor":27,"key":"SMITH"},{"floor":32,"key":"REST"}],"neow_cost":"NONE","seed_source_timestamp":138096853023087,"circlet_count":0,"master_deck":["Defend_B","Defend_B","Defend_B","Defend_B","Zap+1","Dualcast+1","Static Discharge+1","Fission+1","FTL","FTL","Redo+1","All For One","Capacitor+1","Double Energy+1","Defragment"],"special_seed":0,"relics":["Cracked Core","Ginger","Lantern","Inserter","Ancient Tea Set"],"potions_floor_usage":[28,33,33],"damage_taken":[{"damage":2.0,"enemies":"Small Slimes","floor":1.0,"turns":3.0},{"damage":0.0,"enemies":"Cultist","floor":3.0,"turns":3.0},{"damage":0.0,"enemies":"2 Louse","floor":4.0,"turns":2.0},{"damage":23.0,"enemies":"Exordium Thugs","floor":5.0,"turns":5.0},{"damage":6.0,"enemies":"Blue Slaver","floor":11.0,"turns":4.0},{"damage":0.0,"enemies":"3 Louse","floor":12.0,"turns":3.0},{"damage":45,"enemies":"Slime Boss","floor":16,"turns":8},{"damage":14,"enemies":"Spheric Guardian","floor":18,"turns":4},{"damage":0,"enemies":"Chosen","floor":19,"turns":4},{"damage":23,"enemies":"Shelled Parasite and Fungi","floor":28,"turns":4},{"damage":16,"enemies":"Cultist and Chosen","floor":29,"turns":6},{"damage":28,"enemies":"Snake Plant","floor":30,"turns":2},{"damage":34,"enemies":"Champ","floor":33,"turns":3}],"seed_played":"-1944911573262567018","potions_obtained":[{"floor":3.0,"key":"Strength Potion"},{"floor":4.0,"key":"SkillPotion"},{"floor":11.0,"key":"Poison Potion"}],"is_trial":false,"path_per_floor":["M","?","M","M","M","R","$","$","T","?","M","M","R","T","R","B",null,"M","M","$","?","?","R","?","R","T","R","M","M","M","$","R","B"],"character_chosen":"DEFECT","items_purchased":["Fission"],"campfire_rested":3,"item_purchase_floors":[7],"current_hp_per_floor":[73,73,73,73,50,50,50,50,50,50,44,44,44,44,66,21,75,61,61,61,61,47,47,47,71,71,71,48,32,4,4,28,0],"gold":107,"neow_bonus":"HUNDRED_GOLD","is_prod":false,"is_daily":false,"chose_seed":false,"campfire_upgraded":4,"win_rate":0,"timestamp":1562945184,"path_taken":["M","?","?","M","M","R","?","$","T","?","?","M","R","?","R","BOSS","M","M","$","?","?","R","?","R","T","R","M","M","M","?","R","BOSS"],"build_version":"2019-07-05","purchased_purges":2,"victory":false,"max_hp_per_floor":[75,75,75,75,75,75,75,75,75,75,75,75,75,75,75,75,75,75,75,75,75,80,80,80,80,80,80,80,80,80,80,80,80],"card_choices":[{"not_picked":["Streamline","Heatsinks","Stack"],"picked":"SKIP","floor":1.0},{"not_picked":["Compile Driver","Blizzard","Leap"],"picked":"SKIP","floor":3.0},{"not_picked":["Consume","Rebound"],"picked":"Static Discharge","floor":4.0},{"not_picked":["Hologram","Rebound","Barrage"],"picked":"SKIP","floor":5.0},{"not_picked":["Go for the Eyes","Loop"],"picked":"FTL","floor":11.0},{"not_picked":["Cold Snap","Gash"],"picked":"Redo","floor":12.0},{"not_picked":["Fission","Thunder Strike"],"picked":"All For One","floor":16},{"not_picked":["Go for the Eyes","Redo","Aggregate+1"],"picked":"SKIP","floor":18},{"not_picked":["Self Repair","White Noise"],"picked":"Capacitor+1","floor":19},{"not_picked":["Gash+1","White Noise"],"picked":"Double Energy+1","floor":28},{"not_picked":["Compile Driver","Barrage+1","Go for the Eyes"],"picked":"SKIP","floor":29},{"not_picked":["Stack","Sweeping Beam"],"picked":"Defragment","floor":30}],"player_experience":119373,"relics_obtained":[{"floor":9.0,"key":"Ginger"},{"floor":14.0,"key":"Lantern"},{"floor":26,"key":"Ancient Tea Set"}],"event_choices":[{"damage_healed":0.0,"max_hp_gain":0.0,"max_hp_loss":0.0,"gold_gain":0.0,"event_name":"Accursed Blacksmith","player_choice":"Forge","floor":2.0,"gold_loss":0.0,"damage_taken":0.0,"cards_upgraded":["Zap"]},{"damage_healed":0.0,"max_hp_gain":0.0,"max_hp_loss":0.0,"gold_gain":0.0,"cards_transformed":["Strike_B"],"event_name":"Transmorgrifier","player_choice":"Transformed","floor":10.0,"gold_loss":0.0,"damage_taken":0.0,"cards_obtained":["FTL"]},{"damage_healed":0,"gold_gain":0,"player_choice":"Ignored","damage_taken":0,"max_hp_gain":0,"max_hp_loss":0,"event_name":"Vampires","floor":21,"gold_loss":0},{"damage_healed":0,"gold_gain":0,"player_choice":"Shed Blood","damage_taken":19,"max_hp_gain":5,"max_hp_loss":0,"event_name":"Forgotten Altar","floor":22,"gold_loss":0},{"cards_removed":["Strike_B"],"damage_healed":0,"gold_gain":0,"player_choice":"Gave Gold","damage_taken":0,"max_hp_gain":0,"max_hp_loss":0,"event_name":"Beggar","floor":24,"gold_loss":75}],"is_beta":false,"boss_relics":[{"not_picked":["Coffee Dripper","Calling Bell"],"picked":"Inserter"}],"items_purged_floors":[8,20],"is_endless":false,"potions_floor_spawned":[3,4,11,18],"killed_by":"Champ","ascension_level":3}