{"gold_per_floor":[116,116,134,134,12,12,28,28,28,71,91,91,41,65,65,194,194,218,237,23,23,23,61,61,0,0,19,37,62,81,102,102,102],"floor_reached":33,"playtime":2405,"items_purged":[],"score":269,"play_id":"c6dd4eff-7bbe-4fe1-84e5-79b2cef36997","local_time":"20190801221532","is_ascension_mode":false,"campfire_choices":[{"data":"Coolheaded","floor":6,"key":"SMITH"},{"data":"Compile Driver","floor":8,"key":"SMITH"},{"data":"Tempest","floor":12,"key":"SMITH"},{"floor":15,"key":"REST"},{"floor":24,"key":"REST"},{"floor":32,"key":"REST"}],"neow_cost":"NONE","seed_source_timestamp":185498428476606,"circlet_count":0,"master_deck":["Strike_B","Strike_B","Strike_B","Strike_B","Defend_B","Defend_B","Defend_B","Defend_B","Zap","Dualcast","Compile Driver+1","Coolheaded+1","Cold Snap","Lockon","Auto Shields","Capacitor","Tempest+1","Ball Lightning","Ball Lightning","Biased Cognition","Barrage","Chill","Barrage","Transmutation","Necronomicurse","White Noise+1","Ball Lightning+1","Glacier","Loop+1","Redo","Compile Driver"],"relics":["Cracked Core","Golden Idol","Dodecahedron","Mercury Hourglass","Centennial Puzzle","Inserter","Necronomicon","Torii","WingedGreaves"],"potions_floor_usage":[14,14,33,33],"damage_taken":[{"damage":6,"enemies":"2 Louse","floor":1,"turns":2},{"damage":6,"enemies":"Jaw Worm","floor":3,"turns":3},{"damage":0,"enemies":"Cultist","floor":7,"turns":3},{"damage":20,"enemies":"Lagavulin","floor":10,"turns":5},{"damage":10,"enemies":"Lots of Slimes","floor":11,"turns":2},{"damage":0,"enemies":"Blue Slaver","floor":14,"turns":3},{"damage":9,"enemies":"Slime Boss","floor":16,"turns":5},{"damage":10,"enemies":"2 Thieves","floor":18,"turns":3},{"damage":11,"enemies":"Shell Parasite","floor":19,"turns":4},{"damage":8,"enemies":"Gremlin Leader","floor":23,"turns":6},{"damage":21,"enemies":"Snake Plant","floor":27,"turns":3},{"damage":9,"enemies":"Cultist and Chosen","floor":28,"turns":5},{"damage":1,"enemies":"Shelled Parasite and Fungi","floor":29,"turns":4},{"damage":8,"enemies":"Snake Plant","floor":30,"turns":3},{"damage":9,"enemies":"Centurion and Healer","floor":31,"turns":3},{"damage":42,"enemies":"Collector","floor":33,"turns":7}],"seed_played":"1412594771691271596","potions_obtained":[{"floor":3,"key":"Regen Potion"},{"floor":7,"key":"Regen Potion"},{"floor":10,"key":"FearPotion"},{"floor":16,"key":"Ancient Potion"},{"floor":18,"key":"Block Potion"}],"is_trial":false,"path_per_floor":["M","?","M","T","$","R","M","R","T","E","M","R","$","M","R","B",null,"M","M","$","?","?","E","R","?","T","M","M","M","M","M","R","B"],"character_chosen":"DEFECT","items_purchased":["Cold Snap","Lockon","Ball Lightning","Barrage","Transmutation"],"campfire_rested":3,"item_purchase_floors":[5,5,13,20,20],"current_hp_per_floor":[76,76,70,70,70,70,70,70,70,50,40,40,40,54,76,67,76,66,55,55,55,39,31,53,53,53,32,23,22,14,5,27,0],"gold":102,"neow_bonus":"TEN_PERCENT_HP_BONUS","is_prod":false,"is_daily":false,"chose_seed":false,"campfire_upgraded":3,"win_rate":0.0,"timestamp":1564715732,"path_taken":["M","?","M","?","?","R","M","R","T","E","?","R","?","M","R","BOSS","M","M","$","?","?","E","R","?","T","M","M","?","M","M","R","BOSS"],"build_version":"2019-07-17","purchased_purges":0,"victory":false,"max_hp_per_floor":[82,76,76,76,76,76,76,76,76,76,76,76,76,76,76,76,76,76,76,76,76,76,76,76,76,76,76,76,76,76,76,76,76],"card_choices":[{"not_picked":["Conserve Battery","Hello World"],"picked":"Compile Driver","floor":1},{"not_picked":["Sweeping Beam","Steam"],"picked":"Coolheaded","floor":3},{"not_picked":["Hologram","Reinforced Body"],"picked":"Auto Shields","floor":7},{"not_picked":["Lockon","Heatsinks"],"picked":"Capacitor","floor":10},{"not_picked":["Streamline","Redo"],"picked":"Tempest","floor":11},{"not_picked":["Gash","Force Field"],"picked":"Ball Lightning","floor":14},{"not_picked":["Machine Learning","Seek"],"picked":"Biased Cognition","floor":16},{"not_picked":["Glacier","Beam Cell"],"picked":"Barrage","floor":18},{"not_picked":["Capacitor","Cold Snap"],"picked":"Chill","floor":19},{"not_picked":["Leap+1","Beam Cell+1"],"picked":"White Noise+1","floor":23},{"not_picked":["Streamline+1","Hologram"],"picked":"Ball Lightning+1","floor":27},{"not_picked":["Steam","Conserve Battery"],"picked":"Glacier","floor":28},{"not_picked":["All For One","Gash"],"picked":"Loop+1","floor":29},{"not_picked":["Beam Cell+1","Streamline"],"picked":"Redo","floor":30},{"not_picked":["Hello World","Hologram"],"picked":"Compile Driver","floor":31}],"player_experience":5398,"relics_obtained":[{"floor":4,"key":"Dodecahedron"},{"floor":9,"key":"Mercury Hourglass"},{"floor":10,"key":"Centennial Puzzle"},{"floor":22,"key":"Necronomicon"},{"floor":23,"key":"Torii"},{"floor":26,"key":"WingedGreaves"}],"event_choices":[{"damage_healed":0,"gold_gain":0,"player_choice":"Lose Max HP","damage_taken":0,"relics_obtained":["Golden Idol"],"max_hp_gain":0,"max_hp_loss":6,"event_name":"Golden Idol","floor":2,"gold_loss":0},{"damage_healed":0,"gold_gain":0,"player_choice":"Ignored","damage_taken":0,"max_hp_gain":0,"max_hp_loss":0,"event_name":"The Mausoleum","floor":21,"gold_loss":0},{"damage_healed":0,"gold_gain":0,"player_choice":"Obtained Book","damage_taken":16,"max_hp_gain":0,"max_hp_loss":0,"event_name":"Cursed Tome","floor":22,"gold_loss":0},{"damage_healed":0,"gold_gain":0,"player_choice":"Paid Fearfully","damage_taken":0,"max_hp_gain":0,"max_hp_loss":0,"event_name":"Masked Bandits","floor":25,"gold_loss":61}],"is_beta":false,"boss_relics":[{"not_picked":["Empty Cage","Philosopher\u0027s Stone"],"picked":"Inserter"}],"items_purged_floors":[],"is_endless":false,"potions_floor_spawned":[3,7,10,16,18,23,29],"killed_by":"Collector","ascension_level":0}