{"gold_per_floor":[119,133,149,215,59,92,92,104,131,131,148,148,148,70,70,170,220,235,245,170,190,45,45,45,64,64,64,75,75,75,75,75,171,171,181,193,18,18,28,28,43,43,43,43,43,43,43,54,54,54],"floor_reached":51,"playtime":3417,"items_purged":["Strike_G","Well Laid Plans"],"score":645,"play_id":"fee4501c-70c5-46ac-b3d7-1df3a0c75a79","local_time":"20190908175137","is_ascension_mode":false,"campfire_choices":[{"data":"Neutralize","floor":7,"key":"SMITH"},{"floor":12,"key":"REST"},{"data":"Caltrops","floor":15,"key":"SMITH"},{"data":"Footwork","floor":23,"key":"SMITH"},{"data":"Prepared","floor":27,"key":"SMITH"},{"data":"Footwork","floor":30,"key":"SMITH"},{"floor":32,"key":"REST"},{"data":"Footwork","floor":40,"key":"SMITH"},{"floor":42,"key":"REST"},{"floor":46,"key":"REST"},{"floor":49,"key":"REST"}],"neow_cost":"NONE","seed_source_timestamp":2224117428007748,"circlet_count":0,"master_deck":["Strike_G","Strike_G","Defend_G","Defend_G","Defend_G","Defend_G","Defend_G","Survivor","Neutralize+1","Dodge and Roll","Underhanded Strike+1","Backflip","Dash","Caltrops+1","Infinite Blades","Backflip","Poisoned Stab","Adrenaline+1","Prepared+1","Dagger Spray+1","PiercingWail","Deadly Poison","Footwork+1","Footwork+1","Footwork+1","Tools of the Trade","Footwork+1","PiercingWail+1"],"relics":["Ring of the Snake","Bag of Preparation","Anchor","Juzu Bracelet","Tiny House","Snake Skull","Runic Pyramid","Meat on the Bone"],"potions_floor_usage":[16,19,25,28,33,41,41,48],"damage_taken":[{"damage":1,"enemies":"Cultist","floor":1,"turns":5},{"damage":3,"enemies":"Small Slimes","floor":2,"turns":4},{"damage":0,"enemies":"Jaw Worm","floor":3,"turns":5},{"damage":35,"enemies":"Lagavulin","floor":6,"turns":11},{"damage":3,"enemies":"Large Slime","floor":8,"turns":6},{"damage":0,"enemies":"Lots of Slimes","floor":11,"turns":4},{"damage":11,"enemies":"Hexaghost","floor":16,"turns":9},{"damage":7,"enemies":"Shell Parasite","floor":18,"turns":6},{"damage":11,"enemies":"Spheric Guardian","floor":19,"turns":5},{"damage":2,"enemies":"Centurion and Healer","floor":21,"turns":9},{"damage":0,"enemies":"Snake Plant","floor":25,"turns":5},{"damage":13,"enemies":"Sentry and Sphere","floor":28,"turns":6},{"damage":7,"enemies":"Champ","floor":33,"turns":15},{"damage":0,"enemies":"3 Darklings","floor":35,"turns":9},{"damage":5,"enemies":"Orb Walker","floor":36,"turns":6},{"damage":0,"enemies":"Maw","floor":39,"turns":10},{"damage":67,"enemies":"Transient","floor":41,"turns":5},{"damage":0,"enemies":"Sphere and 2 Shapes","floor":48,"turns":7},{"damage":71,"enemies":"Awakened One","floor":50,"turns":31}],"seed_played":"8179668839147679429","potions_obtained":[{"floor":8,"key":"PowerPotion"},{"floor":11,"key":"SpeedPotion"},{"floor":16,"key":"Energy Potion"},{"floor":17,"key":"GhostInAJar"},{"floor":21,"key":"Swift Potion"},{"floor":33,"key":"LiquidBronze"},{"floor":39,"key":"GamblersBrew"},{"floor":41,"key":"GhostInAJar"}],"is_trial":false,"path_per_floor":["M","M","M","?","$","E","R","M","T","?","M","R","?","$","R","B",null,"M","M","?","M","$","R","$","M","T","R","M","?","R","?","R","B",null,"M","M","$","?","M","R","M","R","T","$","?","R","$","M","R","B",null],"character_chosen":"THE_SILENT","items_purchased":["Dash","Caltrops","LiquidBronze","Footwork","Footwork"],"campfire_rested":5,"item_purchase_floors":[5,5,14,22,37],"current_hp_per_floor":[69,66,66,66,66,31,31,28,28,28,28,49,49,49,49,38,75,68,57,57,55,55,55,55,55,55,55,42,42,42,28,52,45,80,80,75,75,75,75,75,8,32,32,32,32,56,56,56,80,21],"gold":54,"neow_bonus":"RANDOM_COMMON_RELIC","is_prod":false,"is_daily":false,"chose_seed":false,"campfire_upgraded":6,"win_rate":0,"timestamp":1567957897,"path_taken":["M","M","M","?","$","E","R","M","T","?","M","R","?","$","R","BOSS","M","M","?","M","$","R","$","M","T","R","M","?","R","?","R","BOSS","M","M","$","?","M","R","M","R","T","$","?","R","$","M","R","BOSS"],"build_version":"2019-07-17","purchased_purges":2,"victory":true,"max_hp_per_floor":[70,70,70,70,70,70,70,70,70,70,70,70,70,70,70,70,75,75,75,75,75,75,75,75,75,75,75,75,75,75,80,80,80,80,80,80,80,80,80,80,80,80,80,80,80,80,80,80,80,80],"card_choices":[{"not_picked":["Backflip","Quick Slash"],"picked":"Dodge and Roll","floor":1},{"not_picked":["Reflex","Terror"],"picked":"Underhanded Strike","floor":2},{"not_picked":["Slice","Prepared"],"picked":"Backflip","floor":3},{"not_picked":["Grand Finale","Slice"],"picked":"Infinite Blades","floor":6},{"not_picked":["Blade Dance","Calculated Gamble"],"picked":"Backflip","floor":8},{"not_picked":["Venomology","Deflect"],"picked":"Poisoned Stab","floor":11},{"not_picked":["Wraith Form v2","Night Terror"],"picked":"Adrenaline","floor":16},{"not_picked":["Backstab","Tactician"],"picked":"Prepared","floor":17},{"not_picked":["Underhanded Strike","Slice"],"picked":"Dagger Spray+1","floor":18},{"not_picked":["Underhanded Strike","Outmaneuver"],"picked":"PiercingWail","floor":19},{"not_picked":["Backflip","Dash"],"picked":"Deadly Poison","floor":21},{"not_picked":["Heel Hook","Underhanded Strike"],"picked":"Well Laid Plans","floor":25},{"not_picked":["Setup","PiercingWail"],"picked":"Footwork","floor":28},{"not_picked":["Bullet Time","Night Terror"],"picked":"Tools of the Trade","floor":33},{"not_picked":["Underhanded Strike","Predator+1","Bane+1"],"picked":"SKIP","floor":35},{"not_picked":["Dash+1","Eviscerate","Skewer+1"],"picked":"SKIP","floor":36},{"not_picked":["Acrobatics","Blade Dance+1","Choke"],"picked":"SKIP","floor":39},{"not_picked":["Skewer","Backflip+1","Adrenaline"],"picked":"SKIP","floor":41},{"not_picked":["Poisoned Stab+1","Dagger Spray+1"],"picked":"PiercingWail+1","floor":48}],"player_experience":184192,"relics_obtained":[{"floor":6,"key":"Anchor"},{"floor":9,"key":"Juzu Bracelet"},{"floor":26,"key":"Snake Skull"},{"floor":43,"key":"Meat on the Bone"}],"event_choices":[{"damage_healed":0,"gold_gain":66,"player_choice":"Gained Gold","damage_taken":0,"max_hp_gain":0,"max_hp_loss":0,"event_name":"Golden Wing","floor":4,"gold_loss":0},{"cards_removed":["Strike_G"],"damage_healed":0,"gold_gain":0,"player_choice":"Purged","damage_taken":0,"max_hp_gain":0,"max_hp_loss":0,"event_name":"Purifier","floor":10,"gold_loss":0},{"damage_healed":0,"gold_gain":0,"player_choice":"Searched \u00271\u0027 times","damage_taken":0,"max_hp_gain":0,"max_hp_loss":0,"event_name":"Dead Adventurer","floor":13,"gold_loss":0},{"cards_removed":["Strike_G"],"damage_healed":0,"gold_gain":0,"player_choice":"Gave Gold","damage_taken":0,"max_hp_gain":0,"max_hp_loss":0,"event_name":"Beggar","floor":20,"gold_loss":75},{"damage_healed":0,"gold_gain":0,"player_choice":"Copied","damage_taken":0,"max_hp_gain":0,"max_hp_loss":0,"event_name":"Duplicator","floor":29,"gold_loss":0,"cards_obtained":["Footwork"]},{"damage_healed":0,"gold_gain":0,"player_choice":"Shed Blood","damage_taken":19,"max_hp_gain":5,"max_hp_loss":0,"event_name":"Forgotten Altar","floor":31,"gold_loss":0},{"damage_healed":0,"gold_gain":0,"player_choice":"Ignored","damage_taken":0,"max_hp_gain":0,"max_hp_loss":0,"event_name":"Mysterious Sphere","floor":38,"gold_loss":0},{"damage_healed":0,"gold_gain":0,"player_choice":"Forge","damage_taken":0,"max_hp_gain":0,"max_hp_loss":0,"event_name":"Accursed Blacksmith","floor":45,"gold_loss":0,"cards_upgraded":["Adrenaline"]}],"is_beta":false,"boss_relics":[{"not_picked":["Eternal Feather","Pandora\u0027s Box"],"picked":"Tiny House"},{"not_picked":["Velvet Choker","Runic Dome"],"picked":"Runic Pyramid"}],"items_purged_floors":[22,37],"is_endless":false,"potions_floor_spawned":[8,11,16,21,33,39,41],"ascension_level":0}