{"path_per_floor":["M","?","M","M","$","R","E","M","T","M","M","M","E","M","R","B",null,"M","M","$","M","?"],"character_chosen":"THE_SILENT","items_purchased":["Backstab","Dagger Throw","Dagger Spray"],"gold_per_floor":[117,117,130,148,23,23,54,64,64,74,91,106,135,149,149,252,252,271,287,261,278,528],"floor_reached":23,"campfire_rested":2,"playtime":2514,"current_hp_per_floor":[53,39,39,38,38,59,42,44,44,46,48,40,42,42,63,17,70,50,42,42,18,18],"items_purged":[],"gold":528,"score":232,"play_id":"1571df1d-af3b-4b01-9b0b-c677d633dcc9","local_time":"20180307014414","is_prod":false,"is_daily":false,"is_ascension_mode":false,"campfire_upgraded":0,"timestamp":1520383454,"path_taken":["M","?","M","M","$","R","E","M","T","?","M","M","E","M","R","BOSS","M","M","$","M","?","E"],"build_version":"2018-03-01-PROD1","purchased_purges":0,"victory":false,"master_deck":["Defend_G","Defend_G","Defend_G","Defend_G","Defend_G","Strike_G","Strike_G+1","Strike_G","Strike_G","Strike_G","Survivor+1","Neutralize","Endless Agony","Finisher","Backflip","Backstab","Dagger Throw","Acrobatics","All Out Attack","Reflex","Terror","Adrenaline","Acrobatics","Reflex","Unload","Expertise+1","Quick Slash","Dagger Spray","Quick Slash","Regret"],"max_hp_per_floor":[70,70,70,70,70,70,70,70,70,70,70,70,70,70,70,70,70,70,70,70,70,70],"relics":["Ring of the Snake","Blood Vial","Frozen Eye","Ninja Scroll","Black Star"],"card_choices":[{"not_picked":["Cloak And Dagger","Skewer"],"picked":"Endless Agony"},{"not_picked":["Dodge and Roll","Dagger Spray"],"picked":"Finisher"},{"not_picked":["Deadly Poison","After Image"],"picked":"Backflip"},{"not_picked":["Concentrate","Backflip"],"picked":"Acrobatics"},{"not_picked":["Outmaneuver","Bane"],"picked":"All Out Attack"},{"not_picked":["Calculated Gamble","Bane"],"picked":"Reflex"},{"not_picked":["Deadly Poison","Leg Sweep"],"picked":"Terror"},{"not_picked":["Eviscerate","Well Laid Plans"],"picked":"Adrenaline"},{"not_picked":["Dagger Spray","Distraction"],"picked":"Acrobatics"},{"not_picked":["Infinite Blades","Dodge and Roll"],"picked":"Reflex"},{"not_picked":["Corpse Explosion","Glass Knife"],"picked":"Unload"},{"not_picked":["Finisher","Dagger Spray"],"picked":"Expertise"},{"not_picked":["Reflex","Poisoned Stab"],"picked":"Quick Slash"},{"not_picked":["Masterful Stab","Distraction"],"picked":"Quick Slash"}],"player_experience":164243,"potions_floor_usage":[12,13,16,23,23],"damage_taken":[{"damage":17,"enemies":"2 Louse","floor":1,"turns":5},{"damage":0,"enemies":"Small Slimes","floor":3,"turns":3},{"damage":1,"enemies":"Cultist","floor":4,"turns":3},{"damage":17,"enemies":"3 Sentries","floor":7,"turns":7},{"damage":0,"enemies":"Large Slime","floor":8,"turns":4},{"damage":0,"enemies":"Red Slaver","floor":10,"turns":2},{"damage":0,"enemies":"3 Louse","floor":11,"turns":2},{"damage":10,"enemies":"Exordium Wildlife","floor":12,"turns":3},{"damage":0,"enemies":"Lagavulin","floor":13,"turns":5},{"damage":2,"enemies":"Exordium Thugs","floor":14,"turns":3},{"damage":48,"enemies":"The Guardian","floor":16,"turns":10},{"damage":20,"enemies":"2 Thieves","floor":18,"turns":2},{"damage":10,"enemies":"Spheric Guardian","floor":19,"turns":3},{"damage":26,"enemies":"Centurion and Healer","floor":21,"turns":4},{"damage":23,"enemies":"Book of Stabbing","floor":23,"turns":3}],"event_choices":[{"event_name":"Shining Light","player_choice":"Entered Light","floor":2,"damage_taken":0},{"event_name":"Golden Shrine","player_choice":"Desecrate","floor":22,"damage_taken":0}],"boss_relics":[{"not_picked":["Astrolabe","Velvet Choker"],"picked":"Black Star"}],"potions_floor_spawned":[4,7,11,13,14,21],"seed_played":"6670944826800070203","killed_by":"Book of Stabbing","ascension_level":0,"is_trial":false}