{"path_per_floor":["M","M","$","M","M","E","M","?","T","?","M","E","M","M","R","B",null,"M","$","?","M","?"],"character_chosen":"IRONCLAD","items_purchased":["Carnage"],"gold_per_floor":[109,126,16,32,48,79,89,89,144,319,339,364,383,400,400,500,500,510,410,410,422,422,422],"floor_reached":23,"campfire_rested":0,"playtime":2234,"current_hp_per_floor":[80,80,80,80,80,46,34,34,34,34,43,21,29,47,47,19,86,57,57,57,61,61,0],"items_purged":["Defend_R","Doubt"],"gold":422,"score":205,"play_id":"997f5ce1-a4bf-4fd6-9dda-1d35d45486eb","local_time":"20180331112004","is_prod":false,"is_daily":false,"is_ascension_mode":false,"campfire_upgraded":1,"timestamp":1522488004,"path_taken":["M","M","$","M","M","E","M","?","T","?","M","E","M","M","R","BOSS","M","$","?","M","?","E"],"build_version":"2018-03-29v2","purchased_purges":2,"victory":false,"master_deck":["Bash","Rampage","Heavy Blade+1","Carnage","Pommel Strike","Pummel","Feed","Pommel Strike","Headbutt","Shrug It Off","Reaper","Power Through","Thunderclap","Corruption","Dual Wield","Clothesline","Armaments","Evolve","Pommel Strike","Warcry","Feed"],"max_hp_per_floor":[80,80,80,80,80,80,80,80,80,80,83,86,86,86,86,86,86,86,86,86,89,89,89],"relics":["Burning Blood","Juzu Bracelet","Bag of Marbles","Vajra","Meat on the Bone","Pandora\u0027s Box"],"card_choices":[{"not_picked":["Warcry","Rupture"],"picked":"Rampage","floor":1},{"not_picked":["Havoc","Twin Strike"],"picked":"Heavy Blade","floor":2},{"not_picked":["Havoc","Cleave"],"picked":"Pommel Strike","floor":4},{"not_picked":["Burning Pact","Rage"],"picked":"Pummel","floor":5},{"not_picked":["Seeing Red","Twin Strike"],"picked":"Feed","floor":7},{"not_picked":["True Grit","Thunderclap"],"picked":"Pommel Strike","floor":11},{"not_picked":["Pommel Strike","Ghostly Armor"],"picked":"Headbutt","floor":13},{"not_picked":["Warcry","Flex"],"picked":"Shrug It Off","floor":14},{"not_picked":["Impervious","Dark Embrace"],"picked":"Reaper","floor":16},{"not_picked":["Wild Strike","Corruption"],"picked":"Warcry","floor":18}],"player_experience":230643,"potions_floor_usage":[12,14,16,16,23],"damage_taken":[{"damage":1,"enemies":"Cultist","floor":1,"turns":4},{"damage":6,"enemies":"2 Louse","floor":2,"turns":3},{"damage":2,"enemies":"Small Slimes","floor":4,"turns":3},{"damage":5,"enemies":"Looter","floor":5,"turns":2},{"damage":40,"enemies":"3 Sentries","floor":6,"turns":6},{"damage":18,"enemies":"Exordium Thugs","floor":7,"turns":5},{"damage":0,"enemies":"Exordium Wildlife","floor":11,"turns":3},{"damage":31,"enemies":"Lagavulin","floor":12,"turns":5},{"damage":10,"enemies":"Looter","floor":13,"turns":2},{"damage":0,"enemies":"Exordium Thugs","floor":14,"turns":3},{"damage":46,"enemies":"Hexaghost","floor":16,"turns":9},{"damage":52,"enemies":"Shell Parasite","floor":18,"turns":5},{"damage":30,"enemies":"3 Byrds","floor":21,"turns":6},{"damage":62,"enemies":"Book of Stabbing","floor":23,"turns":6}],"event_choices":[{"event_name":"Wheel of Change","player_choice":"Relic","floor":8,"damage_taken":0},{"event_name":"Liars Game","player_choice":"agreed","floor":10,"damage_taken":0},{"event_name":"The Woman in Blue","player_choice":"Bought 0 Potions","floor":20,"damage_taken":0},{"event_name":"Duplicator","player_choice":"One dupe","floor":22,"damage_taken":0}],"boss_relics":[{"not_picked":["Runic Dome","Ectoplasm"],"picked":"Pandora\u0027s Box"}],"potions_floor_spawned":[2,4,12,13,14,18],"seed_played":"5454850602956654740","killed_by":"Book of Stabbing","ascension_level":0,"is_trial":false}