{"gold_per_floor":[119,119,44,56,56,113,113,38,38,38,63,122,148,164,164,263,263,274,290,115,132,57,57,57,70,70,70,90,104,104],"floor_reached":30,"playtime":3431,"items_purged":["Strike_B","Strike_B"],"score":263,"play_id":"be5cb984-9cf9-4ce5-ab02-44bf74988968","local_time":"20180817023547","is_ascension_mode":false,"campfire_choices":[{"data":"Chaos","floor":7,"key":"SMITH"},{"data":"Heatsinks","floor":10,"key":"SMITH"},{"floor":15,"key":"REST"},{"floor":23,"key":"REST"},{"floor":27,"key":"REST"}],"neow_cost":"NONE","seed_source_timestamp":54848698927080,"circlet_count":0,"master_deck":["Strike_B","Defend_B","Defend_B","Defend_B","Zap","Dualcast","Chaos+1","Hello World","Heatsinks+1","Compile Driver","Buffer","Creative AI","Skim+1","Static Discharge","Chaos","Defragment+1","Stack+1"],"relics":["Cracked Core","NeowsBlessing","Ancient Tea Set","Tiny Chest","Girya","Dream Catcher","Incense Burner","Boot","Busted Crown","Nilry\u0027s Codex","Potion Belt"],"potions_floor_usage":[12,12,19,19,19,28,29,30],"damage_taken":[{"damage":0,"enemies":"Small Slimes","floor":1,"turns":1},{"damage":0,"enemies":"Jaw Worm","floor":4,"turns":1},{"damage":0,"enemies":"Lagavulin","floor":6,"turns":1},{"damage":12,"enemies":"Gremlin Nob","floor":12,"turns":3},{"damage":28,"enemies":"Gremlin Nob","floor":13,"turns":4},{"damage":4,"enemies":"Cultist","floor":14,"turns":4},{"damage":16,"enemies":"Hexaghost","floor":16,"turns":8},{"damage":47,"enemies":"3 Byrds","floor":18,"turns":6},{"damage":3,"enemies":"Shell Parasite","floor":19,"turns":6},{"damage":21,"enemies":"Snake Plant","floor":21,"turns":4},{"damage":0,"enemies":"Snecko","floor":25,"turns":5},{"damage":23,"enemies":"Chosen and Byrds","floor":28,"turns":5},{"damage":3,"enemies":"3 Cultists","floor":29,"turns":6},{"damage":12,"enemies":"Snake Plant","floor":30,"turns":4}],"seed_played":"-311464000490413186","potions_obtained":[{"floor":1,"key":"EssenceOfSteel"},{"floor":4,"key":"Swift Potion"},{"floor":14,"key":"SneckoOil"},{"floor":16,"key":"Weak Potion"},{"floor":18,"key":"EssenceOfSteel"},{"floor":25,"key":"Energy Potion"},{"floor":28,"key":"SneckoOil"},{"floor":29,"key":"Energy Potion"}],"is_trial":false,"path_per_floor":["M","?","$","M","?","E","R","$","T","R","T","?","E","M","R","B",null,"M","M","$","M","?","R","?","M","T","R","M","M"],"character_chosen":"DEFECT","items_purchased":["Heatsinks","Static Discharge"],"campfire_rested":3,"item_purchase_floors":[8,20],"current_hp_per_floor":[75,57,57,57,50,50,50,50,50,50,50,38,10,6,28,12,75,28,25,25,4,4,26,10,10,10,32,9,6,0],"gold":104,"neow_bonus":"THREE_ENEMY_KILL","is_prod":false,"is_daily":false,"chose_seed":false,"campfire_upgraded":2,"win_rate":0,"timestamp":1534466147,"path_taken":["M","?","$","M","?","E","R","$","T","R","?","?","E","M","R","BOSS","M","M","$","?","?","R","?","?","T","R","M","M","M"],"build_version":"2018-08-09","purchased_purges":2,"victory":false,"max_hp_per_floor":[75,75,75,75,75,75,75,75,75,75,75,75,75,75,75,75,75,75,75,75,75,75,75,75,75,75,75,75,75,75],"card_choices":[{"not_picked":["Fusion","Rebound"],"picked":"Chaos","floor":1},{"not_picked":["Rebound","Leap","Redo"],"picked":"SKIP","floor":4},{"not_picked":["Steam","Core Surge"],"picked":"Hello World","floor":6},{"not_picked":["Barrage","Ball Lightning"],"picked":"Compile Driver","floor":12},{"not_picked":["Go for the Eyes","Rebound","Gash"],"picked":"SKIP","floor":13},{"not_picked":["Cold Snap","Gash"],"picked":"Buffer","floor":14},{"not_picked":["Amplify","Multi-Cast"],"picked":"Creative AI","floor":16},{"not_picked":["Undo"],"picked":"SKIP","floor":18},{"not_picked":[],"picked":"Skim+1","floor":19},{"not_picked":[],"picked":"Chaos","floor":21},{"not_picked":["Barrage"],"picked":"SKIP","floor":25},{"not_picked":[],"picked":"Defragment+1","floor":27},{"not_picked":["Compile Driver"],"picked":"SKIP","floor":28},{"not_picked":[],"picked":"Stack+1","floor":29}],"player_experience":473664,"relics_obtained":[{"floor":6,"key":"Tiny Chest"},{"floor":9,"key":"Girya"},{"floor":11,"key":"Dream Catcher"},{"floor":12,"key":"Incense Burner"},{"floor":13,"key":"Boot"},{"floor":24,"key":"Nilry\u0027s Codex"},{"floor":26,"key":"Potion Belt"}],"event_choices":[{"event_name":"Scrap Ooze","player_choice":"success","floor":2,"damage_taken":18},{"event_name":"Golden Wing","player_choice":"Card Removal","floor":5,"damage_taken":0},{"event_name":"Dead Adventurer","player_choice":"Searched \u00272\u0027 times","floor":12,"damage_taken":0},{"event_name":"Beggar","player_choice":"Gave Gold","floor":22,"damage_taken":0},{"event_name":"Cursed Tome","player_choice":"Obtained Book","floor":24,"damage_taken":0}],"is_beta":false,"boss_relics":[{"not_picked":["Runic Dome","Black Star"],"picked":"Busted Crown"}],"items_purged_floors":[3,20],"is_endless":false,"potions_floor_spawned":[1,4,14,16,18,25,28,29],"killed_by":"Snake Plant","ascension_level":0}