{"gold_per_floor":[19,35,47,47,47,78,78,117,117,117,140,154,168,15,15,15],"floor_reached":16,"playtime":773,"items_purged":[],"score":174,"play_id":"6adbe984-fa5a-4019-b76b-104aa8eb849e","local_time":"20190908131835","is_ascension_mode":true,"campfire_choices":[{"floor":7,"key":"REST"},{"floor":15,"key":"REST"}],"neow_cost":"NO_GOLD","seed_source_timestamp":1924207307607100,"circlet_count":0,"master_deck":["AscendersBane","Strike_B","Defend_B","Defend_B","Defend_B","Defend_B","Zap","Dualcast","Stack","Amplify","Streamline","Compile Driver","Conserve Battery","Go for the Eyes","Gash","Cold Snap","Fission","Auto Shields","Loop"],"relics":["Cracked Core","Golden Idol","Bottled Flame","Bottled Lightning","Mummified Hand"],"potions_floor_usage":[6,16,16],"damage_taken":[{"damage":0,"enemies":"Small Slimes","floor":1,"turns":3},{"damage":0,"enemies":"Cultist","floor":2,"turns":3},{"damage":18,"enemies":"Jaw Worm","floor":3,"turns":4},{"damage":36,"enemies":"Gremlin Nob","floor":6,"turns":4},{"damage":20,"enemies":"Lagavulin","floor":8,"turns":6},{"damage":4,"enemies":"Exordium Thugs","floor":11,"turns":3},{"damage":0,"enemies":"Blue Slaver","floor":12,"turns":4},{"damage":0,"enemies":"2 Fungi Beasts","floor":13,"turns":4},{"damage":25,"enemies":"Slime Boss","floor":16,"turns":7}],"seed_played":"-547419072679292678","potions_obtained":[{"floor":2,"key":"Swift Potion"},{"floor":8,"key":"Energy Potion"},{"floor":12,"key":"SkillPotion"},{"floor":13,"key":"Weak Potion"}],"is_trial":false,"path_per_floor":["M","M","M","?","?","E","R","E","T","?","M","M","M","$","R","B"],"character_chosen":"DEFECT","items_purchased":["Auto Shields","Loop"],"campfire_rested":2,"item_purchase_floors":[14,14],"current_hp_per_floor":[68,68,50,32,37,1,25,5,5,5,1,1,1,1,25,0],"gold":15,"neow_bonus":"TRANSFORM_TWO_CARDS","is_prod":false,"is_daily":false,"chose_seed":false,"campfire_upgraded":0,"win_rate":0,"timestamp":1567973915,"path_taken":["M","M","M","?","?","E","R","E","T","?","?","M","M","$","R","BOSS"],"build_version":"2019-07-17","purchased_purges":0,"victory":false,"max_hp_per_floor":[75,75,75,75,80,80,80,80,80,80,80,80,80,80,80,80],"card_choices":[{"not_picked":["Leap","Sunder"],"picked":"Streamline","floor":1},{"not_picked":["Chaos","Ball Lightning"],"picked":"Compile Driver","floor":2},{"not_picked":["Rebound","Consume"],"picked":"Conserve Battery","floor":3},{"not_picked":["Reboot","Stack"],"picked":"Go for the Eyes","floor":6},{"not_picked":["Aggregate","Compile Driver"],"picked":"Gash","floor":8},{"not_picked":["Consume","Streamline"],"picked":"Cold Snap","floor":11},{"not_picked":["Turbo","Ball Lightning"],"picked":"Fission","floor":12},{"not_picked":["Sweeping Beam","Coolheaded","Fusion"],"picked":"SKIP","floor":13}],"player_experience":300963,"relics_obtained":[{"floor":6,"key":"Bottled Flame"},{"floor":8,"key":"Bottled Lightning"},{"floor":9,"key":"Mummified Hand"}],"event_choices":[{"damage_healed":0,"gold_gain":0,"player_choice":"Take Damage","damage_taken":18,"relics_obtained":["Golden Idol"],"max_hp_gain":0,"max_hp_loss":0,"event_name":"Golden Idol","floor":4,"gold_loss":0},{"damage_healed":0,"gold_gain":0,"player_choice":"Donut","damage_taken":0,"max_hp_gain":5,"max_hp_loss":0,"event_name":"Big Fish","floor":5,"gold_loss":0},{"cards_removed":["Strike_B"],"damage_healed":0,"gold_gain":0,"player_choice":"Purged","damage_taken":0,"max_hp_gain":0,"max_hp_loss":0,"event_name":"Purifier","floor":10,"gold_loss":0}],"is_beta":false,"boss_relics":[],"items_purged_floors":[],"is_endless":false,"potions_floor_spawned":[2,8,12,13],"killed_by":"Slime Boss","ascension_level":11}