{"gold_per_floor":[112,123,138,63,74,104,104,116,140,215,232,232,251,251,251,329,329,348,368,120,120,139,139,139,64,144,144,144,144,144,158,158,232,232,243,243,257,277,296,296,296,307,380,301,321,356,370,60,60,60],"floor_reached":51,"playtime":3729,"items_purged":["Strike_R","Strike_R"],"score":1261,"play_id":"1a123562-a658-4ddb-9e57-71512fd20585","local_time":"20190908212049","is_ascension_mode":true,"campfire_choices":[{"data":"Armaments","floor":7.0,"key":"SMITH"},{"data":"Corruption","floor":12.0,"key":"SMITH"},{"floor":15.0,"key":"REST"},{"data":"Evolve","floor":24.0,"key":"SMITH"},{"data":"Uppercut","floor":27.0,"key":"SMITH"},{"data":"Dark Embrace","floor":32.0,"key":"SMITH"},{"data":"Pommel Strike","floor":41.0,"key":"SMITH"},{"data":"Pommel Strike","floor":49,"key":"SMITH"}],"neow_cost":"PERCENT_DAMAGE","seed_source_timestamp":437388351991588,"circlet_count":0,"master_deck":["AscendersBane","Defend_R","Defend_R","Bash","Feel No Pain","Armaments+1","Evolve+1","Warcry","Corruption+1","Rampage","Pommel Strike+1","Sentinel","Warcry","Dark Embrace+1","Uppercut+1","Reckless Charge+1","Pommel Strike+1","Sword Boomerang","Ghostly","Ghostly","Ghostly","Disarm+1","Exhume","Metallicize","Feel No Pain","Ghostly","Inflame","Warcry","Sentinel"],"special_seed":0,"relics":["Burning Blood","Bag of Marbles","Blood Vial","Sozu","Happy Flower","Pantograph","Busted Crown","Singing Bowl","Omamori","Dead Branch"],"potions_floor_usage":[],"damage_taken":[{"damage":12.0,"enemies":"Small Slimes","floor":1.0,"turns":7.0},{"damage":6.0,"enemies":"2 Louse","floor":2.0,"turns":4.0},{"damage":18.0,"enemies":"Jaw Worm","floor":3.0,"turns":9.0},{"damage":11.0,"enemies":"Blue Slaver","floor":5.0,"turns":6.0},{"damage":11.0,"enemies":"3 Sentries","floor":6.0,"turns":8.0},{"damage":1.0,"enemies":"3 Louse","floor":8.0,"turns":4.0},{"damage":15.0,"enemies":"Gremlin Gang","floor":11.0,"turns":6.0},{"damage":0.0,"enemies":"Exordium Wildlife","floor":13.0,"turns":4.0},{"damage":26.0,"enemies":"Slime Boss","floor":16.0,"turns":10.0},{"damage":28.0,"enemies":"Shell Parasite","floor":18.0,"turns":7.0},{"damage":2.0,"enemies":"Spheric Guardian","floor":19.0,"turns":4.0},{"damage":7.0,"enemies":"Cultist and Chosen","floor":22.0,"turns":5.0},{"damage":0.0,"enemies":"Snake Plant","floor":31.0,"turns":4.0},{"damage":29.0,"enemies":"Automaton","floor":33.0,"turns":7.0},{"damage":4.0,"enemies":"3 Darklings","floor":35.0,"turns":5.0},{"damage":0.0,"enemies":"3 Shapes","floor":37.0,"turns":4.0},{"damage":0.0,"enemies":"Transient","floor":38.0,"turns":5.0},{"damage":0.0,"enemies":"Sphere and 2 Shapes","floor":39.0,"turns":6.0},{"damage":0.0,"enemies":"Jaw Worm Horde","floor":42.0,"turns":6.0},{"damage":17,"enemies":"4 Shapes","floor":45,"turns":6},{"damage":1,"enemies":"Nemesis","floor":46,"turns":5},{"damage":8,"enemies":"Spire Growth","floor":47,"turns":5},{"damage":6,"enemies":"Awakened One","floor":50,"turns":7}],"seed_played":"460064884934936068","potions_obtained":[{"floor":1.0,"key":"Regen Potion"},{"floor":2.0,"key":"Dexterity Potion"},{"floor":3.0,"key":"EntropicBrew"},{"floor":11.0,"key":"Block Potion"}],"is_trial":false,"path_per_floor":["M","M","M","$","M","E","R","M","T","?","M","R","M","?","R","B",null,"M","M","$","?","M","$","R","?","T","R","?","$","$","M","R","B",null,"M","?","M","M","M","?","R","M","T","$","M","E","M","$","R","B",null],"character_chosen":"IRONCLAD","items_purchased":["Happy Flower","Inflame","Dead Branch"],"campfire_rested":1,"item_purchase_floors":[20,44,48],"current_hp_per_floor":[44,44,32,32,42,37,37,42,42,31,24,24,32,32,54,36,65,45,51,51,51,52,52,52,52,52,52,37,37,37,37,37,14,31,35,35,37,37,37,37,37,37,37,37,26,33,35,35,35,39],"gold":60,"neow_bonus":"TRANSFORM_TWO_CARDS","is_prod":false,"is_daily":false,"chose_seed":false,"campfire_upgraded":7,"win_rate":0,"timestamp":1567945249,"path_taken":["M","M","M","$","M","E","R","M","T","?","M","R","M","?","R","BOSS","M","M","$","?","M","$","R","?","T","R","?","?","$","M","R","BOSS","M","?","M","?","M","?","R","?","T","$","M","E","M","$","R","BOSS"],"build_version":"2019-07-17","purchased_purges":2,"victory":true,"max_hp_per_floor":[75,75,75,75,75,75,75,75,75,75,75,75,75,75,75,75,75,75,75,75,75,75,75,75,75,75,75,37,37,37,37,37,37,37,37,37,37,37,37,37,37,37,37,37,37,37,39,39,39,39],"card_choices":[{"not_picked":["Flame Barrier","Burning Pact"],"picked":"Evolve","floor":1.0},{"not_picked":["Sword Boomerang","Ghostly Armor"],"picked":"Warcry","floor":2.0},{"not_picked":["Twin Strike","Clash"],"picked":"Corruption","floor":3.0},{"not_picked":["Sentinel","Havoc"],"picked":"Rampage","floor":5.0},{"not_picked":["Thunderclap","Clash"],"picked":"Pommel Strike","floor":6.0},{"not_picked":["Rage","Cleave","Dual Wield"],"picked":"SKIP","floor":8.0},{"not_picked":["True Grit","Headbutt"],"picked":"Sentinel","floor":11.0},{"not_picked":["Pommel Strike","Disarm"],"picked":"Warcry","floor":13.0},{"not_picked":["Berserk","Exhume"],"picked":"Dark Embrace","floor":16.0},{"not_picked":["Evolve","True Grit"],"picked":"Uppercut","floor":18.0},{"not_picked":["Inflame","Armaments"],"picked":"Reckless Charge+1","floor":19.0},{"not_picked":["Clash","Body Slam","Infernal Blade"],"picked":"SKIP","floor":22.0},{"not_picked":["Clothesline","Twin Strike"],"picked":"Disarm+1","floor":31.0},{"not_picked":["Double Tap","Feed"],"picked":"Exhume","floor":33.0},{"not_picked":[],"picked":"Metallicize","floor":35.0},{"not_picked":["Headbutt"],"picked":"SKIP","floor":37.0},{"not_picked":["Twin Strike"],"picked":"SKIP","floor":38.0},{"not_picked":[],"picked":"Feel No Pain","floor":39.0},{"not_picked":["Cleave"],"picked":"SKIP","floor":42.0},{"not_picked":[],"picked":"Warcry","floor":45},{"not_picked":[],"picked":"Sentinel","floor":46},{"not_picked":["Anger"],"picked":"Singing Bowl","floor":47}],"player_experience":2031326,"relics_obtained":[{"floor":6.0,"key":"Bag of Marbles"},{"floor":9.0,"key":"Blood Vial"},{"floor":26.0,"key":"Pantograph"},{"floor":43.0,"key":"Singing Bowl"},{"floor":46,"key":"Omamori"}],"event_choices":[{"damage_healed":0.0,"max_hp_gain":0.0,"max_hp_loss":0.0,"gold_gain":75.0,"event_name":"World of Goop","player_choice":"Gather Gold","floor":10.0,"gold_loss":0.0,"damage_taken":11.0},{"damage_healed":0.0,"max_hp_gain":0.0,"max_hp_loss":0.0,"gold_gain":0.0,"event_name":"Liars Game","player_choice":"Ignored","floor":14.0,"gold_loss":0.0,"damage_taken":0.0},{"damage_healed":0.0,"max_hp_gain":0.0,"max_hp_loss":0.0,"gold_gain":0.0,"cards_transformed":["Strike_R","Defend_R"],"event_name":"Drug Dealer","player_choice":"Became Test Subject","floor":21.0,"gold_loss":0.0,"damage_taken":0.0,"cards_obtained":["Pommel Strike","Sword Boomerang"]},{"cards_removed":["Defend_R"],"damage_healed":0.0,"max_hp_gain":0.0,"max_hp_loss":0.0,"gold_gain":0.0,"event_name":"Beggar","player_choice":"Gave Gold","floor":25.0,"gold_loss":75.0,"damage_taken":0.0},{"damage_healed":0.0,"max_hp_gain":0.0,"max_hp_loss":38.0,"gold_gain":0.0,"event_name":"Ghosts","player_choice":"Became a Ghost","floor":28.0,"gold_loss":0.0,"damage_taken":0.0,"cards_obtained":["Ghostly","Ghostly","Ghostly"]},{"damage_healed":0.0,"max_hp_gain":0.0,"max_hp_loss":0.0,"gold_gain":0.0,"event_name":"Lab","player_choice":"Got Potions","floor":36.0,"gold_loss":0.0,"damage_taken":0.0},{"damage_healed":0.0,"max_hp_gain":0.0,"max_hp_loss":0.0,"gold_gain":0.0,"event_name":"Duplicator","player_choice":"Copied","floor":40.0,"gold_loss":0.0,"damage_taken":0.0,"cards_obtained":["Ghostly"]}],"is_beta":false,"boss_relics":[{"not_picked":["Runic Pyramid","Calling Bell"],"picked":"Sozu"},{"not_picked":["Orrery","Philosopher\u0027s Stone"],"picked":"Busted Crown"}],"items_purged_floors":[4,20],"is_endless":false,"potions_floor_spawned":[1,2,3,11,18,22,31,42,45,46,47],"ascension_level":15}