{"gold_per_floor":[113,123,136,151,76,91,91,104,104,134,147,160,260,260,260,260],"floor_reached":16,"playtime":1229,"items_purged":["Strike_G"],"score":108,"play_id":"5fcebde9-e476-452e-99b9-13307b51a53c","local_time":"20190203225105","is_ascension_mode":false,"campfire_choices":[{"data":"Dagger Spray","floor":7,"key":"SMITH"},{"floor":15,"key":"REST"}],"neow_cost":"NONE","seed_source_timestamp":14013116290733,"circlet_count":0,"master_deck":["Defend_G","Defend_G","Defend_G","Defend_G","Defend_G","Strike_G","Strike_G","Strike_G","Strike_G","Survivor","Neutralize","Dagger Spray+1","Backflip","Acrobatics","Predator","Caltrops"],"relics":["Ring of the Snake","NeowsBlessing","Sundial"],"potions_floor_usage":[8,12,14],"damage_taken":[{"damage":0,"enemies":"Cultist","floor":1,"turns":1},{"damage":0,"enemies":"2 Louse","floor":2,"turns":1},{"damage":0,"enemies":"Jaw Worm","floor":3,"turns":1},{"damage":1,"enemies":"Exordium Thugs","floor":4,"turns":6},{"damage":13,"enemies":"Large Slime","floor":6,"turns":8},{"damage":0,"enemies":"Exordium Wildlife","floor":8,"turns":3},{"damage":52,"enemies":"Lagavulin","floor":10,"turns":10},{"damage":2,"enemies":"Blue Slaver","floor":11,"turns":5},{"damage":0,"enemies":"Looter","floor":12,"turns":3},{"damage":0,"enemies":"Red Slaver","floor":14,"turns":4},{"damage":36,"enemies":"The Guardian","floor":16,"turns":7}],"seed_played":"-4023859444588462081","potions_obtained":[{"floor":3,"key":"SmokeBomb"},{"floor":6,"key":"Strength Potion"},{"floor":11,"key":"SpeedPotion"}],"is_trial":false,"path_per_floor":["M","M","M","M","$","M","R","M","T","E","M","M","?","M","R","B"],"character_chosen":"THE_SILENT","items_purchased":[],"campfire_rested":1,"item_purchase_floors":[],"current_hp_per_floor":[70,70,70,69,69,56,56,56,56,4,2,2,2,2,23,0],"gold":260,"neow_bonus":"THREE_ENEMY_KILL","is_prod":false,"is_daily":false,"chose_seed":false,"campfire_upgraded":1,"win_rate":0,"timestamp":1549230665,"path_taken":["M","M","M","M","$","M","R","M","T","E","M","?","?","M","R","BOSS"],"build_version":"2019-01-23","purchased_purges":1,"victory":false,"max_hp_per_floor":[70,70,70,70,70,70,70,70,70,70,70,70,70,70,70,70],"card_choices":[{"not_picked":["Sucker Punch","Blade Dance"],"picked":"Dagger Spray","floor":1},{"not_picked":["Deadly Poison","Reflex","Blade Dance"],"picked":"SKIP","floor":2},{"not_picked":["Dagger Spray","Wraith Form v2","Prepared"],"picked":"SKIP","floor":3},{"not_picked":["Bane","Flechettes","Calculated Gamble"],"picked":"SKIP","floor":4},{"not_picked":["Poisoned Stab","Grand Finale"],"picked":"Backflip","floor":6},{"not_picked":["Deadly Poison","Poisoned Stab"],"picked":"Acrobatics","floor":8},{"not_picked":["Dagger Throw","Dagger Spray"],"picked":"Predator","floor":10},{"not_picked":["Expertise","Outmaneuver"],"picked":"Caltrops","floor":11},{"not_picked":["Outmaneuver","Blade Dance","Underhanded Strike"],"picked":"SKIP","floor":12}],"player_experience":717388,"relics_obtained":[{"floor":10,"key":"Sundial"}],"event_choices":[{"damage_healed":0,"gold_gain":100,"player_choice":"Pray","damage_taken":0,"max_hp_gain":0,"max_hp_loss":0,"event_name":"Golden Shrine","floor":13,"gold_loss":0}],"is_beta":false,"boss_relics":[],"items_purged_floors":[5],"is_endless":false,"potions_floor_spawned":[3,6,11,14],"killed_by":"The Guardian","ascension_level":0}