{"path_per_floor":["M","?","M","$","M","R","M","M","T","E","R","M","?","?","R","B",null,"M","?","M","?","M"],"character_chosen":"IRONCLAD","items_purchased":["Flex"],"gold_per_floor":[116,116,141,13,33,33,52,76,76,115,115,133,133,206,206,337,337,351,351,371,371,385,385],"floor_reached":23,"campfire_rested":0,"playtime":1536,"current_hp_per_floor":[80,60,66,66,72,72,67,66,66,59,59,65,65,38,38,21,80,44,44,39,39,23,0],"items_purged":["Defend_R"],"gold":385,"score":222,"play_id":"0e49af06-bdfb-48ab-a814-3c652399bbe1","local_time":"20180408021250","is_prod":false,"is_daily":false,"is_ascension_mode":true,"campfire_upgraded":1,"timestamp":1523146370,"path_taken":["M","?","M","$","M","R","M","M","T","E","R","M","?","?","R","BOSS","M","?","M","?","?","E"],"build_version":"2018-04-05v2","purchased_purges":1,"victory":false,"master_deck":["Strike_R","Strike_R","Strike_R","Strike_R","Strike_R","Defend_R+1","Defend_R","Defend_R+1","Bash","Pommel Strike","Shrug It Off","Flex+1","Double Tap","Normality","Entrench","Demon Form+1","Twin Strike","Purity","Pommel Strike+1"],"max_hp_per_floor":[80,80,80,80,80,80,80,80,80,80,80,80,80,80,80,80,80,80,80,80,80,80,80],"relics":["Burning Blood","NeowsBlessing","Golden Idol","Girya","War Paint","Du-Vu Doll","Dodecahedron","Sozu"],"card_choices":[{"not_picked":["Armaments","Sword Boomerang"],"picked":"Pommel Strike","floor":1},{"not_picked":["Body Slam","Hemokinesis"],"picked":"Shrug It Off","floor":3},{"not_picked":["Thunderclap","Anger"],"picked":"Double Tap","floor":10},{"not_picked":["Anger","Perfected Strike"],"picked":"Entrench","floor":14},{"not_picked":["Brutality","Offering"],"picked":"Demon Form","floor":16},{"not_picked":["True Grit","Rupture"],"picked":"Pommel Strike","floor":22}],"player_experience":337133,"potions_floor_usage":[7,10,16,23],"damage_taken":[{"damage":0,"enemies":"Small Slimes","floor":1,"turns":1},{"damage":0,"enemies":"2 Louse","floor":3,"turns":1},{"damage":0,"enemies":"Cultist","floor":5,"turns":1},{"damage":11,"enemies":"Exordium Thugs","floor":7,"turns":4},{"damage":7,"enemies":"3 Louse","floor":8,"turns":2},{"damage":28,"enemies":"3 Sentries","floor":10,"turns":9},{"damage":0,"enemies":"Large Slime","floor":12,"turns":3},{"damage":33,"enemies":"Lagavulin Event","floor":14,"turns":5},{"damage":23,"enemies":"Hexaghost","floor":16,"turns":9},{"damage":42,"enemies":"Chosen","floor":18,"turns":5},{"damage":11,"enemies":"Spheric Guardian","floor":20,"turns":3},{"damage":22,"enemies":"Snecko","floor":22,"turns":5},{"damage":45,"enemies":"Book of Stabbing","floor":23,"turns":3}],"event_choices":[{"event_name":"Golden Idol","player_choice":"Take Damage","floor":2,"damage_taken":0},{"event_name":"Accursed Blacksmith","player_choice":"Rummage","floor":13,"damage_taken":0},{"event_name":"Dead Adventurer","player_choice":"Searched \u00272\u0027 times","floor":14,"damage_taken":0},{"event_name":"Match and Keep!","player_choice":"2 cards matched","floor":19,"damage_taken":0},{"event_name":"Upgrade Shrine","player_choice":"Upgraded","floor":21,"damage_taken":0}],"boss_relics":[{"not_picked":["Philosopher\u0027s Stone","Tiny House"],"picked":"Sozu"}],"potions_floor_spawned":[5,8,14,14,18],"seed_played":"-8910434592508582491","killed_by":"Book of Stabbing","ascension_level":3,"is_trial":false}