{"path_per_floor":["M","$","?","?","?","E","R","T","T","R","M","M","R","E","R","B",null,"M","$","M","M","$","R","M","R","T","?","$","M","R","M","R"],"character_chosen":"IRONCLAD","items_purchased":["Limit Break"],"gold_per_floor":[115,40,5,5,5,31,31,31,31,31,42,62,62,90,90,194,194,208,55,65,81,81,81,91,91,170,85,85,95,95,110,110,110],"floor_reached":33,"campfire_rested":2,"playtime":2284,"current_hp_per_floor":[69,69,80,77,77,56,56,56,56,56,65,80,80,54,54,24,85,84,84,85,34,34,59,64,64,64,64,64,41,41,14,39,0],"items_purged":["Pain"],"gold":110,"score":304,"play_id":"df4588a2-f461-4e9c-b561-6a8115af4197","local_time":"20180517182850","is_prod":false,"is_daily":false,"chose_seed":false,"is_ascension_mode":true,"campfire_upgraded":3,"timestamp":1526574530,"path_taken":["M","$","?","?","?","E","R","?","T","R","M","M","R","E","R","BOSS","M","$","M","M","$","R","M","R","T","?","?","?","R","M","R","BOSS"],"build_version":"2018-05-10","seed_source_timestamp":12295879883718,"purchased_purges":1,"victory":false,"master_deck":["Strike_R","Strike_R","Defend_R","Defend_R","Defend_R","Bash","Shrug It Off","Corruption","Cleave+1","Demon Form+1","Impervious","Pommel Strike","Armaments","Shrug It Off","Heavy Blade","Burning Pact","Limit Break+1","Body Slam+1","Flex"],"max_hp_per_floor":[80,80,80,80,80,80,80,80,80,80,80,80,80,80,80,85,85,85,85,85,85,85,85,85,85,85,85,85,85,85,85,85,85],"relics":["Burning Blood","Peace Pipe","Thread and Needle","Letter Opener","Bird Faced Urn","Magic Flower","Champion Belt","Orrery","Paper Frog","Prayer Wheel"],"card_choices":[{"not_picked":["Clothesline","Evolve"],"picked":"Shrug It Off","floor":6},{"not_picked":["Heavy Blade","Reckless Charge"],"picked":"Corruption","floor":11},{"not_picked":["Armaments","Uppercut"],"picked":"Cleave","floor":12},{"not_picked":["Anger","Iron Wave"],"picked":"Demon Form","floor":14},{"not_picked":["Bludgeon","Dark Embrace"],"picked":"Impervious","floor":16},{"not_picked":["Twin Strike","Dual Wield"],"picked":"Pommel Strike","floor":17},{"not_picked":["Searing Blow","Twin Strike"],"picked":"Armaments","floor":17},{"not_picked":["Clash","Perfected Strike"],"picked":"Shrug It Off","floor":17},{"not_picked":["Cleave","Pommel Strike"],"picked":"Heavy Blade","floor":17},{"not_picked":["Rage","Warcry"],"picked":"Burning Pact","floor":17},{"not_picked":["Spot Weakness","Evolve"],"picked":"Body Slam","floor":21},{"not_picked":["Rage","Juggernaut"],"picked":"Flex","floor":24}],"player_experience":414632,"potions_floor_usage":[12,14,16,18,20,24,31],"damage_taken":[{"damage":17,"enemies":"Jaw Worm","floor":1,"turns":3},{"damage":27,"enemies":"3 Sentries","floor":6,"turns":13},{"damage":0,"enemies":"2 Louse","floor":11,"turns":2},{"damage":5,"enemies":"Small Slimes","floor":12,"turns":4},{"damage":38,"enemies":"Lagavulin","floor":14,"turns":6},{"damage":53,"enemies":"The Guardian","floor":16,"turns":7},{"damage":13,"enemies":"Shell Parasite","floor":18,"turns":4},{"damage":12,"enemies":"2 Thieves","floor":20,"turns":5},{"damage":66,"enemies":"Centurion and Healer","floor":21,"turns":7},{"damage":22,"enemies":"Sentry and Sphere","floor":24,"turns":5},{"damage":35,"enemies":"Snake Plant","floor":29,"turns":4},{"damage":36,"enemies":"Centurion and Healer","floor":31,"turns":4},{"damage":51,"enemies":"Champ","floor":33,"turns":9}],"event_choices":[{"event_name":"The Cleric","player_choice":"Healed","floor":3,"damage_taken":0},{"event_name":"Scrap Ooze","player_choice":"success","floor":4,"damage_taken":3},{"event_name":"Living Wall","player_choice":"Forget","floor":5,"damage_taken":0},{"event_name":"Addict","player_choice":"Obtained Relic","floor":27,"damage_taken":0}],"boss_relics":[{"not_picked":["Eternal Feather","Ectoplasm"],"picked":"Orrery"}],"potions_floor_spawned":[6,11,14,16,18,21,29],"seed_played":"1816535984686429568","killed_by":"Champ","ascension_level":4,"is_trial":false}