{"gold_per_floor":[111,111,131,141,159,159,193,210,210,210,44,44,57,69,69,164,164,176,161,161,175,274,274,4,4,4,22,40,40,140,157,157,157],"floor_reached":33,"playtime":4015,"items_purged":["Regret"],"score":251,"play_id":"7d90cfb0-8bae-45e7-827b-3653c6bc00d0","local_time":"20190202192158","is_ascension_mode":false,"campfire_choices":[{"data":"Footwork","floor":6,"key":"SMITH"},{"floor":12,"key":"REST"},{"floor":15,"key":"REST"},{"floor":23,"key":"REST"},{"floor":29,"key":"REST"},{"data":"A Thousand Cuts","floor":32,"key":"SMITH"}],"neow_cost":"NONE","seed_source_timestamp":8128956383548,"circlet_count":0,"master_deck":["Defend_G","Defend_G","Defend_G","Defend_G","Defend_G","Strike_G","Strike_G","Strike_G","Strike_G","Survivor","Neutralize","Sucker Punch","Sucker Punch","Quick Slash","Footwork+1","Caltrops","Apotheosis","Dodge and Roll","Dash","Leg Sweep","Burst","Writhe","Parasite","Flying Knee","Backflip","Necronomicurse","Backstab","Dagger Spray","Escape Plan+1","Blur","Dodge and Roll+1","A Thousand Cuts+1"],"relics":["Ring of the Snake","Dream Catcher","Bronze Scales","Potion Belt","Calling Bell","Centennial Puzzle","StoneCalendar","Matryoshka","Necronomicon","Snake Skull","Juzu Bracelet","Bottled Tornado","Meat on the Bone","Torii"],"potions_floor_usage":[7,8,27,27,27,30,31,31,31,33,33,33],"damage_taken":[{"damage":0,"enemies":"Jaw Worm","floor":1,"turns":5},{"damage":0,"enemies":"Cultist","floor":3,"turns":4},{"damage":0,"enemies":"2 Louse","floor":4,"turns":2},{"damage":2,"enemies":"2 Fungi Beasts","floor":5,"turns":4},{"damage":40,"enemies":"Lagavulin","floor":7,"turns":12},{"damage":2,"enemies":"Looter","floor":8,"turns":3},{"damage":13,"enemies":"Exordium Wildlife","floor":13,"turns":4},{"damage":4,"enemies":"Red Slaver","floor":14,"turns":5},{"damage":9,"enemies":"The Guardian","floor":16,"turns":13},{"damage":6,"enemies":"Shell Parasite","floor":18,"turns":7},{"damage":10,"enemies":"2 Thieves","floor":19,"turns":5},{"damage":25,"enemies":"Sentry and Sphere","floor":21,"turns":7},{"damage":3,"enemies":"Centurion and Healer","floor":27,"turns":5},{"damage":4,"enemies":"Snecko","floor":28,"turns":7},{"damage":0,"enemies":"Colosseum Slavers","floor":30,"turns":5},{"damage":0,"enemies":"Colosseum Nobs","floor":30,"turns":5},{"damage":0,"enemies":"Sentry and Sphere","floor":31,"turns":7},{"damage":48,"enemies":"Automaton","floor":33,"turns":12}],"seed_played":"4321798057666474511","potions_obtained":[{"floor":4,"key":"Weak Potion"},{"floor":5,"key":"Swift Potion"},{"floor":13,"key":"LiquidBronze"},{"floor":16,"key":"Poison Potion"},{"floor":18,"key":"Poison Potion"},{"floor":21,"key":"Strength Potion"},{"floor":30,"key":"EntropicBrew"},{"floor":31,"key":"SteroidPotion"}],"is_trial":false,"path_per_floor":["M","?","M","M","M","R","E","M","T","?","$","R","M","M","R","B",null,"M","M","?","M","?","R","$","$","T","M","M","R","?","M","R","B"],"character_chosen":"THE_SILENT","items_purchased":["Apotheosis","Snake Skull","Dagger Spray"],"campfire_rested":4,"item_purchase_floors":[11,24,24],"current_hp_per_floor":[70,70,70,70,68,68,28,26,26,19,19,40,27,23,44,35,70,64,54,38,13,13,34,34,34,34,31,27,48,48,48,48,0],"gold":157,"neow_bonus":"RANDOM_COMMON_RELIC","is_prod":false,"is_daily":false,"chose_seed":false,"campfire_upgraded":2,"win_rate":0,"timestamp":1549131718,"path_taken":["M","?","M","M","M","R","E","?","T","?","$","R","M","M","R","BOSS","M","M","?","M","?","R","?","$","T","M","M","R","?","M","R","BOSS"],"build_version":"2019-01-23","purchased_purges":1,"victory":false,"max_hp_per_floor":[70,70,70,70,70,70,70,70,70,70,70,70,70,70,70,70,70,70,70,70,70,70,70,70,70,70,70,70,70,70,70,70,70],"card_choices":[{"not_picked":["Underhanded Strike","Slice"],"picked":"Sucker Punch","floor":1},{"not_picked":["Underhanded Strike","Outmaneuver"],"picked":"Sucker Punch","floor":3},{"not_picked":["Distraction","Bouncing Flask"],"picked":"Quick Slash","floor":4},{"not_picked":["Underhanded Strike","Slice"],"picked":"Footwork","floor":5},{"not_picked":["Cloak And Dagger","Venomology"],"picked":"Caltrops","floor":7},{"not_picked":["Blade Dance","Predator","Poisoned Stab"],"picked":"SKIP","floor":8},{"not_picked":["Flying Knee","Eviscerate"],"picked":"Dodge and Roll","floor":13},{"not_picked":["Outmaneuver","PiercingWail"],"picked":"Dash","floor":14},{"not_picked":["Cloak And Dagger","Flying Knee"],"picked":"Leg Sweep","floor":15},{"not_picked":["Glass Knife","Phantasmal Killer"],"picked":"Burst","floor":16},{"not_picked":["Bane+1","Poisoned Stab+1"],"picked":"Flying Knee","floor":18},{"not_picked":["Acrobatics","Poisoned Stab"],"picked":"Backflip","floor":19},{"not_picked":["Prepared+1","Endless Agony"],"picked":"Backstab","floor":21},{"not_picked":["Deadly Poison","Distraction+1"],"picked":"Escape Plan+1","floor":27},{"not_picked":["Poisoned Stab","Crippling Poison+1","Quick Slash"],"picked":"SKIP","floor":28},{"not_picked":["Choke+1","All Out Attack"],"picked":"Blur","floor":29},{"not_picked":["Dash","Poisoned Stab"],"picked":"Dodge and Roll+1","floor":30},{"not_picked":["Underhanded Strike+1","Calculated Gamble"],"picked":"A Thousand Cuts","floor":31}],"player_experience":685063,"relics_obtained":[{"floor":7,"key":"Bronze Scales"},{"floor":17,"key":"Centennial Puzzle"},{"floor":17,"key":"StoneCalendar"},{"floor":17,"key":"Matryoshka"},{"floor":20,"key":"Necronomicon"},{"floor":26,"key":"Juzu Bracelet"},{"floor":26,"key":"Bottled Tornado"},{"floor":30,"key":"Meat on the Bone"},{"floor":30,"key":"Torii"}],"event_choices":[{"cards_removed":["Strike_G"],"damage_healed":0,"gold_gain":0,"player_choice":"Purged","damage_taken":0,"max_hp_gain":0,"max_hp_loss":0,"event_name":"Purifier","floor":2,"gold_loss":0},{"damage_healed":0,"gold_gain":0,"player_choice":"Success","damage_taken":7,"relics_obtained":["Potion Belt"],"max_hp_gain":0,"max_hp_loss":0,"event_name":"Scrap Ooze","floor":10,"gold_loss":0},{"damage_healed":0,"gold_gain":0,"player_choice":"Obtained Book","damage_taken":16,"max_hp_gain":0,"max_hp_loss":0,"event_name":"Cursed Tome","floor":20,"gold_loss":0},{"damage_healed":0,"gold_gain":99,"player_choice":"Stole From Cult","damage_taken":0,"max_hp_gain":0,"max_hp_loss":0,"event_name":"Nest","floor":22,"gold_loss":0},{"damage_healed":0,"gold_gain":0,"player_choice":"Fight","damage_taken":0,"max_hp_gain":0,"max_hp_loss":0,"event_name":"Colosseum","floor":30,"gold_loss":0},{"damage_healed":0,"gold_gain":0,"player_choice":"Fought Nobs","damage_taken":0,"max_hp_gain":0,"max_hp_loss":0,"event_name":"Colosseum","floor":30,"gold_loss":0}],"is_beta":false,"boss_relics":[{"not_picked":["Runic Pyramid","Astrolabe"],"picked":"Calling Bell"}],"items_purged_floors":[24],"is_endless":false,"potions_floor_spawned":[4,5,13,16,18,21,30,31],"killed_by":"Automaton","ascension_level":0}