{"gold_per_floor":[117,42,42,58,70,70,89,89,116,116,135,160,171,201,201,306,306,318,15,15,26,46,46,66,66,66,80,110,110,129,129,129,226,226,246,246,258,270,270,270,283,283,283,309,309,309,409,429,429,429],"floor_reached":50,"playtime":3147,"items_purged":["Strike_R","Strike_R"],"score":498,"play_id":"ce945d7c-2fba-4b59-9f06-7231d1a52875","local_time":"20190823193708","is_ascension_mode":true,"campfire_choices":[{"floor":6,"key":"RECALL"},{"data":"True Grit","floor":8,"key":"SMITH"},{"floor":15,"key":"REST"},{"floor":23,"key":"REST"},{"floor":25,"key":"REST"},{"floor":32,"key":"REST"},{"floor":40,"key":"REST"},{"floor":42,"key":"REST"},{"floor":45,"key":"REST"},{"floor":49,"key":"REST"}],"neow_cost":"NONE","seed_source_timestamp":168097612800,"circlet_count":0,"master_deck":["Strike_R","Strike_R","Strike_R","Defend_R+1","Defend_R+1","Defend_R","Bash","True Grit+1","Infernal Blade","Entrench","Pommel Strike","Pummel","Corruption","Twin Strike","Dual Wield","Demon Form","Pommel Strike","Pummel","Perfected Strike","Corruption","Dual Wield+1","Pummel+1","Clothesline","Entrench","Exhume","Burning Pact","Metallicize","Warcry+1","PanicButton","Uppercut+1","Madness","Madness","Warcry","Iron Wave+1"],"relics":["Burning Blood","Happy Flower","Bag of Preparation","Self Forming Clay","War Paint","Fusion Hammer","Brimstone","Dodecahedron","Gremlin Horn","Sozu","Juzu Bracelet","Strawberry","Nunchaku"],"potions_floor_usage":[7,14,14,16,50,50],"damage_taken":[{"damage":1,"enemies":"Small Slimes","floor":1,"turns":4},{"damage":6,"enemies":"Jaw Worm","floor":4,"turns":6},{"damage":1,"enemies":"Cultist","floor":5,"turns":3},{"damage":6,"enemies":"Large Slime","floor":7,"turns":6},{"damage":10,"enemies":"Exordium Wildlife","floor":11,"turns":5},{"damage":32,"enemies":"Gremlin Nob","floor":12,"turns":4},{"damage":0,"enemies":"3 Louse","floor":13,"turns":3},{"damage":8,"enemies":"Lagavulin","floor":14,"turns":5},{"damage":40,"enemies":"Slime Boss","floor":16,"turns":9},{"damage":13,"enemies":"3 Byrds","floor":18,"turns":5},{"damage":20,"enemies":"Spheric Guardian","floor":21,"turns":4},{"damage":2,"enemies":"Shelled Parasite and Fungi","floor":22,"turns":2},{"damage":0,"enemies":"Centurion and Healer","floor":24,"turns":3},{"damage":4,"enemies":"Sentry and Sphere","floor":27,"turns":3},{"damage":24,"enemies":"Slavers","floor":28,"turns":4},{"damage":12,"enemies":"Chosen and Byrds","floor":30,"turns":3},{"damage":36,"enemies":"Collector","floor":33,"turns":5},{"damage":12,"enemies":"3 Shapes","floor":35,"turns":3},{"damage":9,"enemies":"3 Darklings","floor":37,"turns":3},{"damage":24,"enemies":"Sphere and 2 Shapes","floor":38,"turns":4},{"damage":27,"enemies":"Jaw Worm Horde","floor":41,"turns":3},{"damage":21,"enemies":"Mind Bloom Boss Battle","floor":47,"turns":4},{"damage":41,"enemies":"Writhing Mass","floor":48,"turns":5},{"damage":79,"enemies":"Time Eater","floor":50,"turns":5}],"seed_played":"8839873663001842868","potions_obtained":[{"floor":4,"key":"Weak Potion"},{"floor":5,"key":"Fire Potion"},{"floor":13,"key":"Fire Potion"},{"floor":14,"key":"EssenceOfSteel"},{"floor":18,"key":"PowerPotion"},{"floor":21,"key":"Energy Potion"},{"floor":30,"key":"LiquidBronze"}],"is_trial":false,"path_per_floor":["M","$","?","M","M","R","M","R","T","?","M","E","M","E","R","B",null,"M","$","?","M","M","R","M","R","T","M","E","?","M","?","R","B",null,"M","?","M","M","?","R","M","R","T","T","R","?","?","M","R","B"],"character_chosen":"IRONCLAD","items_purchased":["Brimstone"],"campfire_rested":8,"item_purchase_floors":[19],"current_hp_per_floor":[80,80,68,68,73,73,73,73,73,73,69,43,49,47,71,37,80,73,73,58,44,48,73,79,85,85,85,67,67,61,61,85,55,85,79,79,76,58,58,83,62,85,85,92,92,80,65,30,57,0],"gold":429,"neow_bonus":"RANDOM_COMMON_RELIC","is_prod":false,"is_daily":false,"chose_seed":false,"campfire_upgraded":1,"win_rate":0,"timestamp":1566607028,"path_taken":["M","$","?","M","M","R","M","R","T","?","?","E","M","E","R","BOSS","M","$","?","M","M","R","M","R","T","M","E","?","M","?","R","BOSS","M","?","M","M","?","R","M","R","T","?","R","?","?","M","R","BOSS"],"build_version":"2019-07-17","purchased_purges":2,"victory":false,"max_hp_per_floor":[80,80,80,80,80,80,80,80,80,80,80,80,80,80,80,80,80,80,80,85,85,85,85,85,85,85,85,85,85,85,85,85,85,85,85,85,85,85,85,85,85,85,85,92,92,92,92,92,92,92],"card_choices":[{"not_picked":["Headbutt","Searing Blow"],"picked":"True Grit","floor":1},{"not_picked":["True Grit","Flex"],"picked":"Infernal Blade","floor":4},{"not_picked":["Iron Wave","Twin Strike"],"picked":"Entrench","floor":5},{"not_picked":["Thunderclap","Metallicize"],"picked":"Pommel Strike","floor":7},{"not_picked":["Sever Soul","Perfected Strike"],"picked":"Pummel","floor":11},{"not_picked":["Reaper","Warcry"],"picked":"Corruption","floor":12},{"not_picked":["Headbutt","Thunderclap"],"picked":"Twin Strike","floor":13},{"not_picked":["Intimidate","Twin Strike"],"picked":"Dual Wield","floor":14},{"not_picked":["Immolate","Double Tap"],"picked":"Demon Form","floor":16},{"not_picked":["True Grit","Sword Boomerang"],"picked":"Pommel Strike","floor":18},{"not_picked":["Power Through","Reckless Charge"],"picked":"Pummel","floor":21},{"not_picked":["Thunderclap","Headbutt"],"picked":"Perfected Strike","floor":22},{"not_picked":["Pommel Strike","Body Slam"],"picked":"Corruption","floor":24},{"not_picked":["Flex","True Grit"],"picked":"Dual Wield+1","floor":27},{"not_picked":["Feel No Pain","True Grit"],"picked":"Pummel+1","floor":28},{"not_picked":["Warcry","Searing Blow"],"picked":"Clothesline","floor":30},{"not_picked":["Double Tap","Feed"],"picked":"Exhume","floor":33},{"not_picked":["Second Wind+1","Thunderclap+1"],"picked":"Burning Pact","floor":35},{"not_picked":["Body Slam","Evolve"],"picked":"Metallicize","floor":37},{"not_picked":["Heavy Blade","Rampage+1"],"picked":"Warcry+1","floor":38},{"not_picked":["Deep Breath","Forethought"],"picked":"PanicButton","floor":39},{"not_picked":["Iron Wave","Cleave"],"picked":"Uppercut+1","floor":41},{"not_picked":["Body Slam","Flex+1"],"picked":"Warcry","floor":47},{"not_picked":["Twin Strike","Sword Boomerang+1"],"picked":"Iron Wave+1","floor":48}],"player_experience":197449,"relics_obtained":[{"floor":12,"key":"Self Forming Clay"},{"floor":14,"key":"War Paint"},{"floor":26,"key":"Dodecahedron"},{"floor":28,"key":"Gremlin Horn"},{"floor":43,"key":"Juzu Bracelet"},{"floor":44,"key":"Strawberry"},{"floor":47,"key":"Nunchaku"}],"event_choices":[{"damage_healed":0,"gold_gain":0,"player_choice":"Success","damage_taken":12,"relics_obtained":["Bag of Preparation"],"max_hp_gain":0,"max_hp_loss":0,"event_name":"Scrap Ooze","floor":3,"gold_loss":0},{"cards_removed":["Defend_R"],"damage_healed":0,"gold_gain":0,"player_choice":"Offered Basic","damage_taken":0,"max_hp_gain":0,"max_hp_loss":0,"event_name":"Bonfire Elementals","floor":10,"gold_loss":0},{"damage_healed":0,"gold_gain":0,"player_choice":"Shed Blood","damage_taken":20,"max_hp_gain":5,"max_hp_loss":0,"event_name":"Forgotten Altar","floor":20,"gold_loss":0},{"damage_healed":0,"gold_gain":0,"player_choice":"Ignored","damage_taken":0,"max_hp_gain":0,"max_hp_loss":0,"event_name":"Vampires","floor":29,"gold_loss":0},{"damage_healed":0,"gold_gain":0,"player_choice":"Read","damage_taken":0,"max_hp_gain":0,"max_hp_loss":0,"event_name":"The Library","floor":31,"gold_loss":0,"cards_obtained":["Entrench"]},{"damage_healed":0,"gold_gain":0,"player_choice":"Ignored","damage_taken":0,"max_hp_gain":0,"max_hp_loss":0,"event_name":"Tomb of Lord Red Mask","floor":36,"gold_loss":0},{"damage_healed":0,"gold_gain":0,"player_choice":"Memory 1","damage_taken":0,"max_hp_gain":0,"max_hp_loss":0,"event_name":"SensoryStone","floor":39,"gold_loss":0},{"damage_healed":0,"gold_gain":0,"player_choice":"Embrace Madness","damage_taken":12,"max_hp_gain":0,"max_hp_loss":0,"event_name":"Winding Halls","floor":46,"gold_loss":0,"cards_obtained":["Madness","Madness"]},{"damage_healed":0,"gold_gain":0,"player_choice":"Fight","damage_taken":0,"max_hp_gain":0,"max_hp_loss":0,"event_name":"MindBloom","floor":47,"gold_loss":0}],"is_beta":false,"boss_relics":[{"not_picked":["Empty Cage","Philosopher\u0027s Stone"],"picked":"Fusion Hammer"},{"not_picked":["Calling Bell","Pandora\u0027s Box"],"picked":"Sozu"}],"items_purged_floors":[2,19],"is_endless":false,"potions_floor_spawned":[4,5,13,14,18,21,30,33,37,48],"killed_by":"Time Eater","ascension_level":1}