{"path_per_floor":["M","M","M","M","$","M","M","E","T","$","E","R","M","E","R","B",null,"M","M","M","?","$","E","$","M","T"],"character_chosen":"THE_SILENT","items_purchased":["Noxious Fumes","Dagger Spray","Dodge and Roll","Backflip","Infinite Blades","Dream Catcher","Bane"],"gold_per_floor":[112,126,138,152,3,14,33,66,115,15,50,50,66,94,94,196,196,216,229,243,243,17,52,3,13,65],"floor_reached":27,"campfire_rested":1,"playtime":2971,"current_hp_per_floor":[66,65,65,65,65,61,61,53,60,60,52,74,74,63,63,52,74,65,49,31,31,31,8,8,14,14],"items_purged":["Parasite"],"gold":65,"score":282,"play_id":"39ad785f-4052-4fab-90f6-463d12578ad1","is_prod":false,"is_daily":false,"is_ascension_mode":false,"campfire_upgraded":1,"path_taken":["M","M","M","M","$","M","M","E","T","$","E","R","M","E","R","BOSS","M","M","M","?","$","E","$","M","T","?"],"build_version":"2018-02-12-PROD1","purchased_purges":1,"victory":false,"master_deck":["Defend_G+1","Defend_G+1","Defend_G+1","Defend_G+1","Defend_G+1","Strike_G+1","Strike_G+1","Strike_G+1","Strike_G+1","Strike_G+1","Survivor","Neutralize","Flying Knee","Dagger Spray","Expertise","Dagger Throw","Noxious Fumes","Dagger Spray+1","Dodge and Roll","PiercingWail","Acrobatics","Catalyst","Backflip","Backstab+1","Dagger Spray+1","Dagger Throw+1","Unload+1","Backflip","Slice+1","Prepared","Infinite Blades","Dash+1","Bane+1","Storm of Steel","Pain"],"max_hp_per_floor":[70,70,70,70,70,70,70,70,77,74,74,74,74,74,74,74,74,74,74,74,74,74,74,74,74,74],"relics":["Cursed Key","Molten Egg 2","Strawberry","Pen Nib","Ancient Tea Set","Lizard Tail","Dream Catcher","Peace Pipe","Vajra"],"card_choices":[{"not_picked":["Quick Slash","Escape Plan"],"picked":"Flying Knee"},{"not_picked":["PiercingWail","Caltrops"],"picked":"Dagger Spray"},{"not_picked":["Dash","Catalyst"],"picked":"Expertise"},{"not_picked":["Calculated Gamble","Cloak And Dagger"],"picked":"Dagger Throw"},{"not_picked":["Malaise","Poisoned Stab"],"picked":"PiercingWail"},{"not_picked":["Slice","Deflect"],"picked":"Acrobatics"},{"not_picked":["Leg Sweep","Deadly Poison"],"picked":"Catalyst"},{"not_picked":["Bouncing Flask","Bullet Time"],"picked":"Backstab"},{"not_picked":["Masterful Stab","Bane"],"picked":"Dagger Spray"},{"not_picked":["Terror","Backflip"],"picked":"Dagger Throw"},{"not_picked":["Die Die Die","Wraith Form"],"picked":"Unload"},{"not_picked":["Underhanded Strike","Deflect"],"picked":"Backflip"},{"not_picked":["Deadly Poison","PiercingWail"],"picked":"Slice"},{"not_picked":["Sucker Punch","Flechettes"],"picked":"Prepared"},{"not_picked":["Quick Slash","Flechettes"],"picked":"Dash"},{"not_picked":["Eviscerate","Outmaneuver"],"picked":"Storm of Steel"}],"player_experience":63119,"potions_floor_usage":[8,16,16,16,20,23,27],"damage_taken":[{"damage":4,"enemies":"Blue Slaver","floor":1,"turns":5},{"damage":1,"enemies":"Jaw Worm","floor":2,"turns":3},{"damage":0,"enemies":"Small Slimes","floor":3,"turns":3},{"damage":0,"enemies":"Red Slaver","floor":4,"turns":4},{"damage":4,"enemies":"Exordium Wildlife","floor":6,"turns":2},{"damage":0,"enemies":"Lots of Slimes","floor":7,"turns":1},{"damage":8,"enemies":"Lagavulin","floor":8,"turns":6},{"damage":8,"enemies":"Gremlin Nob","floor":11,"turns":4},{"damage":0,"enemies":"Large Slime","floor":13,"turns":5},{"damage":11,"enemies":"3 Sentries","floor":14,"turns":3},{"damage":26,"enemies":"The Guardian","floor":16,"turns":10},{"damage":9,"enemies":"2 Thieves","floor":18,"turns":3},{"damage":16,"enemies":"Shell Parasite","floor":19,"turns":5},{"damage":18,"enemies":"Centurion and Healer","floor":20,"turns":5},{"damage":23,"enemies":"Slavers","floor":23,"turns":5},{"damage":44,"enemies":"Cultist and Chosen","floor":25,"turns":7},{"damage":15,"enemies":"Snake Plant","floor":27,"turns":3}],"event_choices":[{"event_name":"Back to Basics","player_choice":"Simplicity","floor":21,"damage_taken":0}],"boss_relics":[{"not_picked":["Philosopher\u0027s Stone","The Specimen"],"picked":"Lizard Tail"}],"potions_floor_spawned":[2,3,11,14,16,18,25],"seed_played":"-9010483621824487998","killed_by":"Snake Plant","ascension_level":0,"is_trial":false}