{"gold_per_floor":[119,129,146,146,146,146,71,71,71,85,99,156,168,68,68,165,165,178,28,43,62,76,76,76,76,76,94,110,129,140,150,150,150],"floor_reached":33,"playtime":2119,"items_purged":["Strike_B","Strike_B","Defend_B"],"score":245,"play_id":"8376feaf-42e7-4a90-9129-992b6a1c2b22","local_time":"20180831125731","is_ascension_mode":false,"campfire_choices":[{"data":"Static Discharge","floor":6.0,"key":"SMITH"},{"data":"Zap","floor":15.0,"key":"SMITH"},{"floor":23.0,"key":"REST"},{"data":"Tempest","floor":25.0,"key":"SMITH"},{"data":"Dualcast","floor":32,"key":"SMITH"}],"neow_cost":"NONE","seed_source_timestamp":0,"circlet_count":0,"master_deck":["Strike_B","Strike_B","Defend_B","Defend_B","Zap+1","Dualcast+1","Static Discharge+1","Gash+1","Streamline+1","Gash+1","Meteor Strike+1","Gash+1","Tempest+1","Seek","Writhe","Chaos+1"],"special_seed":0,"relics":["Cracked Core","NeowsBlessing","Centennial Puzzle","Molten Egg 2","Gremlin Horn","Meat on the Bone","Philosopher\u0027s Stone","Dodecahedron","Calipers"],"potions_floor_usage":[27,28,31,33,33],"damage_taken":[{"damage":0.0,"enemies":"Cultist","floor":1.0,"turns":1.0},{"damage":0.0,"enemies":"Jaw Worm","floor":2.0,"turns":1.0},{"damage":0.0,"enemies":"2 Louse","floor":3.0,"turns":1.0},{"damage":9.0,"enemies":"Blue Slaver","floor":10.0,"turns":2.0},{"damage":0.0,"enemies":"Large Slime","floor":11.0,"turns":5.0},{"damage":26.0,"enemies":"3 Sentries","floor":12.0,"turns":5.0},{"damage":1.0,"enemies":"2 Fungi Beasts","floor":13.0,"turns":2.0},{"damage":18.0,"enemies":"Hexaghost","floor":16.0,"turns":6.0},{"damage":22.0,"enemies":"2 Thieves","floor":18.0,"turns":3.0},{"damage":5.0,"enemies":"Chosen","floor":20.0,"turns":3.0},{"damage":12.0,"enemies":"Snecko","floor":21.0,"turns":3.0},{"damage":27.0,"enemies":"Snake Plant","floor":22.0,"turns":2.0},{"damage":11,"enemies":"3 Cultists","floor":27,"turns":3},{"damage":12,"enemies":"Snecko","floor":28,"turns":3},{"damage":7,"enemies":"Sentry and Sphere","floor":29,"turns":3},{"damage":9,"enemies":"Cultist and Chosen","floor":30,"turns":3},{"damage":12,"enemies":"Snake Plant","floor":31,"turns":3},{"damage":44,"enemies":"Champ","floor":33,"turns":6}],"seed_played":"9088410985886823775","potions_obtained":[{"floor":10.0,"key":"SmokeBomb"},{"floor":12.0,"key":"SteroidPotion"},{"floor":12.0,"key":"GamblersBrew"},{"floor":13.0,"key":"Fire Potion"},{"floor":16.0,"key":"SpeedPotion"},{"floor":22.0,"key":"Swift Potion"},{"floor":28,"key":"Block Potion"},{"floor":29,"key":"GamblersBrew"},{"floor":30,"key":"Fire Potion"},{"floor":31,"key":"Dexterity Potion"}],"is_trial":false,"path_per_floor":["M","M","M","T","T","R","$","?","T","M","M","?","M","$","R","B",null,"M","$","M","M","M","R","?","R","T","M","M","M","M","M","R"],"character_chosen":"DEFECT","items_purchased":["Gash+1"],"campfire_rested":1,"item_purchase_floors":[19],"current_hp_per_floor":[75,75,75,75,75,75,75,75,75,66,66,40,39,39,39,33,75,53,53,48,48,33,55,55,55,55,44,44,49,40,40,40,0],"gold":150,"neow_bonus":"THREE_ENEMY_KILL","is_prod":false,"is_daily":false,"chose_seed":false,"campfire_upgraded":4,"win_rate":0,"timestamp":1535713051,"path_taken":["M","M","M","?","?","R","$","?","T","M","M","?","M","$","R","BOSS","M","$","M","M","?","R","?","R","T","M","M","M","M","M","R","BOSS"],"build_version":"2018-08-30","purchased_purges":3,"victory":false,"max_hp_per_floor":[75,75,75,75,75,75,75,75,75,75,75,75,75,75,75,75,75,75,75,75,75,75,75,75,75,75,75,75,75,75,75,75,75],"card_choices":[{"not_picked":["Gash","Cold Snap","Rebound"],"picked":"SKIP","floor":1.0},{"not_picked":["Hello World","Sweeping Beam"],"picked":"Static Discharge","floor":2.0},{"not_picked":["Turbo","Leap","Cold Snap"],"picked":"SKIP","floor":3.0},{"not_picked":["Cold Snap+1","Multi-Cast","Go for the Eyes+1"],"picked":"SKIP","floor":10.0},{"not_picked":["Steam","Doom and Gloom+1"],"picked":"Gash+1","floor":11.0},{"not_picked":["Defragment","Glacier"],"picked":"Streamline+1","floor":12.0},{"not_picked":["Aggregate","Barrage+1"],"picked":"Gash+1","floor":13.0},{"not_picked":["All For One+1","Amplify"],"picked":"Meteor Strike+1","floor":16.0},{"not_picked":["Cold Snap+1","Coolheaded+1","Aggregate"],"picked":"SKIP","floor":18.0},{"not_picked":["Streamline+1","Ball Lightning+1","Rebound+1"],"picked":"SKIP","floor":20.0},{"not_picked":["Go for the Eyes+1","Conserve Battery+1"],"picked":"Tempest","floor":21.0},{"not_picked":["Redo","Auto Shields+1"],"picked":"Seek","floor":22.0},{"not_picked":["Redo","Leap","Stack"],"picked":"SKIP","floor":27},{"not_picked":["Blizzard+1","Undo","Sweeping Beam+1"],"picked":"SKIP","floor":28},{"not_picked":["Melter+1","Redo"],"picked":"Chaos+1","floor":29},{"not_picked":["Hologram+1","Compile Driver+1","Fusion"],"picked":"SKIP","floor":30},{"not_picked":["Streamline+1","Glacier","Compile Driver+1"],"picked":"SKIP","floor":31}],"player_experience":535767,"relics_obtained":[{"floor":4.0,"key":"Centennial Puzzle"},{"floor":5.0,"key":"Molten Egg 2"},{"floor":9.0,"key":"Gremlin Horn"},{"floor":12.0,"key":"Meat on the Bone"},{"floor":26,"key":"Calipers"}],"event_choices":[{"event_name":"Living Wall","player_choice":"Forget","floor":8.0,"damage_taken":0.0},{"event_name":"Dead Adventurer","player_choice":"Searched \u00272\u0027 times","floor":12.0,"damage_taken":0.0},{"event_name":"The Mausoleum","player_choice":"Yes","floor":24.0,"damage_taken":0.0}],"is_beta":false,"boss_relics":[{"not_picked":["Cursed Key","Black Star"],"picked":"Philosopher\u0027s Stone"}],"items_purged_floors":[7,14,19],"is_endless":false,"potions_floor_spawned":[10,12,12,13,16,22,28,29,30,31],"killed_by":"Champ","ascension_level":0}