{"path_per_floor":["M","M","M","M","$","M","M","M","T","R","?","R","M","M","R","B",null,"M","M","?","?","T","M","R","M","T","$","R","M","$","?","R"],"character_chosen":"IRONCLAD","items_purchased":["Whetstone","Bag of Marbles"],"gold_per_floor":[363,377,387,400,176,186,201,217,217,217,217,217,230,244,244,348,348,364,380,305,305,305,319,319,332,332,86,86,97,97,97,97,97],"floor_reached":33,"campfire_rested":2,"playtime":1848,"current_hp_per_floor":[33,38,41,37,37,27,20,18,18,42,26,50,49,55,55,44,80,76,62,62,62,62,46,46,40,40,40,40,46,46,46,46,0],"items_purged":["Defend_R","Decay"],"gold":97,"score":243,"play_id":"a5a2a200-5c1b-4780-9f57-a07b62281210","local_time":"20180329184424","is_prod":false,"is_daily":false,"is_ascension_mode":false,"campfire_upgraded":4,"timestamp":1522341864,"path_taken":["M","M","M","M","$","M","M","M","T","R","?","R","M","M","R","BOSS","M","M","?","?","?","M","R","M","T","$","R","M","$","?","R","BOSS"],"build_version":"2018-03-22v2","purchased_purges":2,"victory":false,"master_deck":["Strike_R","Strike_R","Strike_R+1","Strike_R","Defend_R+1","Defend_R","Defend_R+1","Bash+1","Flex+1","Whirlwind+1","Thunderclap+1","Flex+1","Thunderclap"],"max_hp_per_floor":[80,80,80,80,80,80,80,80,80,80,80,80,80,80,80,80,80,80,80,80,80,80,80,80,80,80,80,80,80,80,80,80,80],"relics":["Burning Blood","Whetstone","Du-Vu Doll","Cursed Key","Bird Faced Urn","Sundial","Bag of Marbles"],"card_choices":[{"not_picked":["Dropkick","Sword Boomerang"],"picked":"Flex","floor":1},{"not_picked":["Uppercut","Intimidate"],"picked":"Whirlwind","floor":3},{"not_picked":["Disarm","Havoc"],"picked":"Thunderclap","floor":4},{"not_picked":["Sword Boomerang","Iron Wave"],"picked":"Flex","floor":8},{"not_picked":["Heavy Blade","Evolve"],"picked":"Thunderclap","floor":23}],"player_experience":209970,"potions_floor_usage":[14,16,19,23,25,33],"damage_taken":[{"damage":13,"enemies":"2 Louse","floor":1,"turns":3},{"damage":1,"enemies":"Cultist","floor":2,"turns":4},{"damage":3,"enemies":"Jaw Worm","floor":3,"turns":4},{"damage":10,"enemies":"Looter","floor":4,"turns":3},{"damage":16,"enemies":"Blue Slaver","floor":6,"turns":5},{"damage":13,"enemies":"3 Louse","floor":7,"turns":3},{"damage":8,"enemies":"Large Slime","floor":8,"turns":4},{"damage":7,"enemies":"Blue Slaver","floor":13,"turns":3},{"damage":0,"enemies":"2 Fungi Beasts","floor":14,"turns":1},{"damage":17,"enemies":"Slime Boss","floor":16,"turns":6},{"damage":10,"enemies":"3 Byrds","floor":18,"turns":3},{"damage":20,"enemies":"2 Thieves","floor":19,"turns":2},{"damage":22,"enemies":"Snake Plant","floor":23,"turns":3},{"damage":12,"enemies":"Centurion and Healer","floor":25,"turns":3},{"damage":0,"enemies":"Cultist and Chosen","floor":29,"turns":2},{"damage":93,"enemies":"Automaton","floor":33,"turns":6}],"event_choices":[{"event_name":"Shining Light","player_choice":"Entered Light","floor":11,"damage_taken":0},{"event_name":"Beggar","player_choice":"Gave Gold","floor":20,"damage_taken":0},{"event_name":"Vampires","player_choice":"Ignored","floor":21,"damage_taken":0},{"event_name":"Back to Basics","player_choice":"Elegance","floor":31,"damage_taken":0}],"boss_relics":[{"not_picked":["Orrery","White Beast Statue"],"picked":"Cursed Key"}],"potions_floor_spawned":[1,8,14,16,19,23,25,29],"seed_played":"7397968972856708404","killed_by":"Automaton","ascension_level":0,"is_trial":false}