{"path_per_floor":["M","M","?","?","M","R","M","?","T","M","M","E","R","M","R","B",null,"M","$","?","?","M","R","?","?","T","M","M","R","E","M","R"],"character_chosen":"IRONCLAD","items_purchased":["Inflame","Matryoshka","Girya"],"gold_per_floor":[118,130,130,80,97,97,117,117,197,215,235,568,568,583,583,685,685,595,22,22,22,33,33,33,33,58,69,87,87,122,134,134,134],"floor_reached":33,"campfire_rested":1,"playtime":2644,"current_hp_per_floor":[82,84,84,84,68,68,61,61,61,53,51,24,51,57,57,29,90,55,55,55,55,44,44,44,44,44,54,60,60,44,30,30,0],"items_purged":[],"gold":134,"score":292,"play_id":"f4398b25-dd8c-4a5f-a3ee-06a82093eb43","local_time":"20180404001307","is_prod":false,"is_daily":false,"is_ascension_mode":false,"campfire_upgraded":3,"timestamp":1522793587,"path_taken":["M","?","?","?","?","R","M","?","T","?","?","E","R","M","R","BOSS","M","$","?","?","M","R","?","?","T","M","M","R","E","M","R","BOSS"],"build_version":"2018-03-29v2","purchased_purges":0,"victory":false,"master_deck":["Strike_R","Strike_R","Strike_R","Defend_R","Defend_R","Defend_R","Bash+1","Entrench+1","Juggernaut","Flame Barrier","Limit Break+1","Heavy Blade+1","Inflame","Flame Barrier+1","Shrug It Off+1"],"max_hp_per_floor":[82,84,84,84,84,84,86,86,86,88,88,90,90,90,90,90,90,90,90,90,90,90,90,90,90,90,92,94,94,96,96,96,96],"relics":["Burning Blood","Singing Bowl","Meat on the Bone","Old Coin","Velvet Choker","Matryoshka","Girya","Dream Catcher","Bag of Preparation","Omamori"],"card_choices":[{"not_picked":["Havoc","Disarm"],"picked":"Entrench","floor":5},{"not_picked":["Clothesline","True Grit"],"picked":"Juggernaut","floor":11},{"not_picked":["True Grit","Shockwave"],"picked":"Flame Barrier","floor":14},{"not_picked":["Berserk","Bludgeon"],"picked":"Limit Break","floor":16},{"not_picked":["Armaments","Thunderclap"],"picked":"Heavy Blade","floor":18},{"not_picked":["Seeing Red","Anger"],"picked":"Flame Barrier","floor":22},{"not_picked":["Whirlwind","Iron Wave"],"picked":"Shrug It Off","floor":31}],"player_experience":279782,"potions_floor_usage":[10,12,12,12,16,30,33],"damage_taken":[{"damage":6,"enemies":"Cultist","floor":1,"turns":3},{"damage":5,"enemies":"2 Louse","floor":2,"turns":2},{"damage":22,"enemies":"Jaw Worm","floor":5,"turns":4},{"damage":15,"enemies":"Looter","floor":7,"turns":3},{"damage":16,"enemies":"Exordium Thugs","floor":10,"turns":4},{"damage":20,"enemies":"2 Fungi Beasts","floor":11,"turns":4},{"damage":62,"enemies":"Lagavulin","floor":12,"turns":10},{"damage":12,"enemies":"Looter","floor":14,"turns":4},{"damage":46,"enemies":"The Guardian","floor":16,"turns":15},{"damage":41,"enemies":"2 Thieves","floor":18,"turns":5},{"damage":29,"enemies":"3 Byrds","floor":22,"turns":5},{"damage":10,"enemies":"Snake Plant","floor":27,"turns":4},{"damage":2,"enemies":"3 Cultists","floor":28,"turns":5},{"damage":36,"enemies":"Gremlin Leader","floor":30,"turns":6},{"damage":32,"enemies":"Centurion and Healer","floor":31,"turns":6},{"damage":32,"enemies":"Collector","floor":33,"turns":6}],"event_choices":[{"event_name":"The Lab","player_choice":"Got Potions","floor":3,"damage_taken":0},{"event_name":"The Cleric","player_choice":"Card Removal","floor":4,"damage_taken":0},{"event_name":"Bonfire Elementals","player_choice":"BASIC","floor":8,"damage_taken":0},{"event_name":"Purifier","player_choice":"One Purge","floor":20,"damage_taken":0},{"event_name":"Addict","player_choice":"Ignored","floor":21,"damage_taken":0},{"event_name":"Match and Keep!","player_choice":"0 cards matched","floor":24,"damage_taken":0},{"event_name":"Beggar","player_choice":"Ignored","floor":25,"damage_taken":0}],"boss_relics":[{"not_picked":["Orrery","Astrolabe"],"picked":"Velvet Choker"}],"potions_floor_spawned":[2,5,11,12,28,31],"seed_played":"-5377317501620652411","killed_by":"Collector","ascension_level":0,"is_trial":false}