{"gold_per_floor":[113,113,113,131,145,172,188,188,235,235,249,29,46,57,57,161,161,179,179,10,26,38,38,65,65,88,99,9,29,29],"floor_reached":30,"playtime":2244,"items_purged":["Defend_B","Writhe"],"score":254,"play_id":"dcb873a5-2b18-4e7c-b3f5-8aa0190868ac","local_time":"20180902143704","is_ascension_mode":false,"campfire_choices":[{"data":"1","floor":8,"key":"LIFT"},{"data":"2","floor":10,"key":"LIFT"},{"data":"3","floor":15,"key":"LIFT"},{"data":"Tempest","floor":23,"key":"SMITH"},{"data":"Zap","floor":25,"key":"SMITH"}],"neow_cost":"TEN_PERCENT_HP_LOSS","seed_source_timestamp":5382154318737,"circlet_count":0,"master_deck":["Strike_B","Strike_B+1","Strike_B","Defend_B","Defend_B","Defend_B","Zap+1","Dualcast","Go for the Eyes","Streamline","Beam Cell","Echo Form","Skim","FTL","Tempest+1","Seek","Barrage","Gash"],"relics":["Cracked Core","Girya","FaceOfCleric","Meat on the Bone","Potion Belt","Happy Flower","Inserter","Regal Pillow","Omamori","Dream Catcher"],"potions_floor_usage":[5,7,22,24,24,30],"damage_taken":[{"damage":10,"enemies":"Small Slimes","floor":1,"turns":2},{"damage":2,"enemies":"Cultist","floor":4,"turns":4},{"damage":6,"enemies":"Jaw Worm","floor":5,"turns":3},{"damage":34,"enemies":"Gremlin Nob","floor":6,"turns":4},{"damage":10,"enemies":"Exordium Thugs","floor":7,"turns":2},{"damage":0,"enemies":"Exordium Wildlife","floor":11,"turns":2},{"damage":0,"enemies":"2 Fungi Beasts","floor":13,"turns":2},{"damage":4,"enemies":"Red Slaver","floor":14,"turns":2},{"damage":16,"enemies":"Slime Boss","floor":16,"turns":7},{"damage":1,"enemies":"Chosen","floor":18,"turns":4},{"damage":5,"enemies":"Spheric Guardian","floor":21,"turns":3},{"damage":24,"enemies":"Snake Plant","floor":22,"turns":4},{"damage":15,"enemies":"Gremlin Leader","floor":24,"turns":6},{"damage":9,"enemies":"Snecko","floor":27,"turns":4},{"damage":50,"enemies":"Shelled Parasite and Fungi","floor":29,"turns":5},{"damage":24,"enemies":"Centurion and Healer","floor":30,"turns":2}],"seed_played":"6310013109748398329","potions_obtained":[{"floor":4,"key":"Regen Potion"},{"floor":6,"key":"Explosive Potion"},{"floor":11,"key":"Block Potion"},{"floor":18,"key":"FocusPotion"},{"floor":22,"key":"Weak Potion"},{"floor":29,"key":"SteroidPotion"}],"is_trial":false,"path_per_floor":["M","?","?","M","M","E","M","R","T","R","M","$","M","M","R","B",null,"M","?","$","M","M","R","E","R","T","M","?","M"],"character_chosen":"DEFECT","items_purchased":["Happy Flower","FTL"],"campfire_rested":0,"item_purchase_floors":[12,20],"current_hp_per_floor":[58,58,58,57,61,28,31,31,31,31,44,44,45,42,42,39,76,76,76,76,72,49,49,47,47,47,51,51,14,0],"gold":29,"neow_bonus":"ONE_RARE_RELIC","is_prod":false,"is_daily":false,"chose_seed":false,"campfire_upgraded":2,"win_rate":0,"timestamp":1535891824,"path_taken":["M","?","?","?","M","E","M","R","T","R","M","$","M","M","R","BOSS","M","?","$","M","?","R","E","R","T","M","?","M","M"],"build_version":"2018-08-30","purchased_purges":2,"victory":false,"max_hp_per_floor":[68,68,68,69,70,71,72,72,72,72,73,73,74,75,75,76,76,77,77,77,78,79,79,80,80,80,81,81,82,82],"card_choices":[{"not_picked":["Cold Snap","Leap"],"picked":"Go for the Eyes","floor":1},{"not_picked":["Leap","Stack"],"picked":"Streamline","floor":4},{"not_picked":["Go for the Eyes","Compile Driver"],"picked":"Beam Cell","floor":5},{"not_picked":["Static Discharge","Stack","Streamline"],"picked":"SKIP","floor":6},{"not_picked":["Hologram","Go for the Eyes","Fusion"],"picked":"SKIP","floor":7},{"not_picked":["Stack","Loop","Go for the Eyes"],"picked":"SKIP","floor":11},{"not_picked":["Coolheaded","Beam Cell","Steam"],"picked":"SKIP","floor":13},{"not_picked":["Conserve Battery","Redo","Hologram"],"picked":"SKIP","floor":14},{"not_picked":["Amplify","Biased Cognition"],"picked":"Echo Form","floor":16},{"not_picked":["Leap","Go for the Eyes"],"picked":"Skim","floor":18},{"not_picked":["Recycle","Cold Snap"],"picked":"Tempest","floor":21},{"not_picked":["Turbo+1","Hologram"],"picked":"Seek","floor":22},{"not_picked":["Leap+1","Chaos"],"picked":"Barrage","floor":24},{"not_picked":["Defragment","Barrage"],"picked":"Gash","floor":27},{"not_picked":["Doom and Gloom","Steam","Go for the Eyes"],"picked":"SKIP","floor":29}],"player_experience":549449,"relics_obtained":[{"floor":6,"key":"Meat on the Bone"},{"floor":9,"key":"Potion Belt"},{"floor":24,"key":"Omamori"},{"floor":26,"key":"Dream Catcher"}],"event_choices":[{"event_name":"Match and Keep!","player_choice":"0 cards matched","floor":2,"damage_taken":0},{"event_name":"FaceTrader","player_choice":"Trade","floor":3,"damage_taken":0},{"event_name":"The Mausoleum","player_choice":"Yes","floor":19,"damage_taken":0},{"event_name":"Designer","player_choice":"Full Service","floor":28,"damage_taken":0}],"is_beta":false,"boss_relics":[{"not_picked":["White Beast Statue","FrozenCore"],"picked":"Inserter"}],"items_purged_floors":[12,20],"is_endless":false,"potions_floor_spawned":[4,6,11,18,22,29],"killed_by":"Centurion and Healer","ascension_level":0}