{"path_per_floor":["M","$","M","M","?","E","M","E","T","R","M","M","M","M","R","B",null,"M","$","M","?","M"],"character_chosen":"THE_SILENT","items_purchased":["Noxious Fumes","Poisoned Stab","Purity","Flechettes","Caltrops"],"gold_per_floor":[116,2,20,40,40,68,86,111,111,111,124,142,152,164,164,263,263,280,37,47,47,57],"floor_reached":23,"campfire_rested":2,"playtime":2200,"current_hp_per_floor":[66,66,66,66,66,46,46,37,37,58,49,46,36,30,51,24,70,60,60,52,39,11],"items_purged":[],"gold":57,"score":207,"play_id":"00857c76-47ba-4a63-a60f-6b3ecceddfc3","is_prod":false,"is_daily":false,"is_ascension_mode":false,"campfire_upgraded":0,"path_taken":["M","$","?","M","?","E","?","E","T","R","M","M","?","M","R","BOSS","M","$","M","?","M","M"],"build_version":"2018-02-08-PROD1","purchased_purges":0,"victory":false,"master_deck":["Defend_G","Defend_G","Defend_G","Defend_G","Defend_G","Strike_G","Strike_G","Strike_G","Strike_G","Strike_G","Survivor","Neutralize","Backflip","Noxious Fumes","Poisoned Stab","Dodge and Roll","Flying Knee","Deep Breath","Bane","Dash","Riddle With Holes","Dagger Spray","Riddle With Holes","Predator","Deflect","Tactician","Tools of the Trade","Outmaneuver","Purity","Flechettes","Caltrops","Flying Knee","Slice+1"],"max_hp_per_floor":[70,70,70,70,70,70,70,70,70,70,70,70,70,70,70,70,70,70,70,70,75,75],"relics":["Velvet Choker","Dodecahedron","Bottled Flame","Pen Nib","Eternal Feather"],"card_choices":[{"not_picked":["Expertise","Cloak And Dagger"],"picked":"Backflip"},{"not_picked":["Distraction","Deadly Poison"],"picked":"Dodge and Roll"},{"not_picked":["Sucker Punch","Unload"],"picked":"Flying Knee"},{"not_picked":["Reflex","Envenom"],"picked":"Dash"},{"not_picked":["Caltrops","Prepared"],"picked":"Riddle With Holes"},{"not_picked":["Well Laid Plans","Blur"],"picked":"Dagger Spray"},{"not_picked":["Bouncing Flask","Footwork"],"picked":"Riddle With Holes"},{"not_picked":["Deadly Poison","Cloak And Dagger"],"picked":"Predator"},{"not_picked":["Footwork","Eviscerate"],"picked":"Deflect"},{"not_picked":["Dodge and Roll","Deadly Poison"],"picked":"Tactician"},{"not_picked":["Tactician","Phantasmal Killer"],"picked":"Tools of the Trade"},{"not_picked":["Terror","Backflip"],"picked":"Outmaneuver"},{"not_picked":["Deadly Poison","Dagger Spray"],"picked":"Flying Knee"},{"not_picked":["Deflect","Poisoned Stab"],"picked":"Slice"}],"player_experience":53672,"potions_floor_usage":[8,13,16,16,22,23],"damage_taken":[{"damage":4,"enemies":"Blue Slaver","floor":1,"turns":5},{"damage":0,"enemies":"Jaw Worm","floor":3,"turns":4},{"damage":0,"enemies":"Cultist","floor":4,"turns":4},{"damage":20,"enemies":"Gremlin Nob","floor":6,"turns":4},{"damage":0,"enemies":"Looter","floor":7,"turns":3},{"damage":9,"enemies":"Lagavulin","floor":8,"turns":4},{"damage":9,"enemies":"Red Slaver","floor":11,"turns":4},{"damage":3,"enemies":"Lots of Slimes","floor":12,"turns":2},{"damage":10,"enemies":"Looter","floor":13,"turns":2},{"damage":6,"enemies":"3 Louse","floor":14,"turns":2},{"damage":27,"enemies":"Slime Boss","floor":16,"turns":9},{"damage":10,"enemies":"Spheric Guardian","floor":18,"turns":3},{"damage":8,"enemies":"Chosen","floor":20,"turns":5},{"damage":28,"enemies":"Slaver and Parasite","floor":22,"turns":8},{"damage":23,"enemies":"Snecko","floor":23,"turns":3}],"event_choices":[{"event_name":"Match and Keep!","player_choice":"2 cards matched","floor":5,"damage_taken":0},{"event_name":"Forgotten Altar","player_choice":"Shed Blood","floor":21,"damage_taken":0}],"boss_relics":[{"not_picked":["Sozu","Runic Pyramid"],"picked":"Eternal Feather"}],"potions_floor_spawned":[1,6,11,12,13,18,20],"seed_played":"-1579310180968155996","killed_by":"Snecko","ascension_level":0,"is_trial":false}