{"gold_per_floor":[118,118,43,61,81,81,116,116,116,127,145,145,178,198,198,198],"floor_reached":16,"playtime":1422,"items_purged":["Strike_R"],"score":112,"play_id":"ca65a2cb-5bc0-4b81-a66c-7072181f89a5","local_time":"20190209011042","is_ascension_mode":false,"campfire_choices":[{"data":"Body Slam","floor":6,"key":"SMITH"},{"data":"Feed","floor":8,"key":"SMITH"},{"floor":15,"key":"REST"}],"neow_cost":"NONE","seed_source_timestamp":20973790891076,"circlet_count":0,"master_deck":["Strike_R","Strike_R","Strike_R","Strike_R","Defend_R","Defend_R","Defend_R","Defend_R","Bash+1","Twin Strike","Body Slam+1","Cleave","Feed+1","True Grit","Flex","Battle Trance","Flame Barrier"],"relics":["Burning Blood","Art of War","Golden Idol","Darkstone Periapt"],"potions_floor_usage":[10,11,14],"damage_taken":[{"damage":1,"enemies":"Jaw Worm","floor":1,"turns":3},{"damage":1,"enemies":"Cultist","floor":4,"turns":3},{"damage":7,"enemies":"2 Louse","floor":5,"turns":3},{"damage":28,"enemies":"Gremlin Nob","floor":7,"turns":4},{"damage":12,"enemies":"Exordium Wildlife","floor":10,"turns":3},{"damage":0,"enemies":"2 Fungi Beasts","floor":11,"turns":2},{"damage":63,"enemies":"3 Sentries","floor":13,"turns":15},{"damage":0,"enemies":"Blue Slaver","floor":14,"turns":5},{"damage":56,"enemies":"The Guardian","floor":16,"turns":12}],"seed_played":"-7735840399251087869","potions_obtained":[{"floor":5,"key":"BloodPotion"},{"floor":7,"key":"EssenceOfSteel"},{"floor":10,"key":"Fire Potion"},{"floor":11,"key":"Ancient Potion"}],"is_trial":false,"path_per_floor":["M","?","$","M","M","R","E","R","T","M","M","?","E","M","R","B"],"character_chosen":"IRONCLAD","items_purchased":[],"campfire_rested":1,"item_purchase_floors":[],"current_hp_per_floor":[80,80,80,80,79,79,57,57,57,63,73,73,20,30,56,0],"gold":198,"neow_bonus":"UPGRADE_CARD","is_prod":false,"is_daily":false,"chose_seed":false,"campfire_upgraded":2,"win_rate":0,"timestamp":1549671042,"path_taken":["M","?","$","M","?","R","E","R","T","M","M","?","E","M","R","BOSS"],"build_version":"2019-01-23","purchased_purges":1,"victory":false,"max_hp_per_floor":[80,80,80,80,80,80,80,80,80,84,88,81,85,89,89,89],"card_choices":[{"not_picked":["Headbutt","Anger"],"picked":"Twin Strike","floor":1},{"not_picked":["Pommel Strike","Flex"],"picked":"Body Slam","floor":4},{"not_picked":["Flex","Sword Boomerang"],"picked":"Cleave","floor":5},{"not_picked":["True Grit","Wild Strike"],"picked":"Feed","floor":7},{"not_picked":["Metallicize","Flex"],"picked":"True Grit","floor":10},{"not_picked":["Anger","Body Slam"],"picked":"Flex","floor":11},{"not_picked":["Combust","Feel No Pain"],"picked":"Battle Trance","floor":13},{"not_picked":["Perfected Strike","Anger"],"picked":"Flame Barrier","floor":14}],"player_experience":797854,"relics_obtained":[{"floor":7,"key":"Art of War"},{"floor":13,"key":"Darkstone Periapt"}],"event_choices":[{"damage_healed":0,"gold_gain":0,"player_choice":"Ignored","damage_taken":0,"max_hp_gain":0,"max_hp_loss":0,"event_name":"NoteForYourself","floor":2,"gold_loss":0},{"damage_healed":0,"gold_gain":0,"player_choice":"Lose Max HP","damage_taken":0,"relics_obtained":["Golden Idol"],"max_hp_gain":0,"max_hp_loss":7,"event_name":"Golden Idol","floor":12,"gold_loss":0}],"is_beta":false,"boss_relics":[],"items_purged_floors":[3],"is_endless":false,"potions_floor_spawned":[5,7,10,11],"killed_by":"The Guardian","ascension_level":0}