{"gold_per_floor":[111,130,146,163,88,88,119,133,133,133,153,153,170,170,170,265,265,285,560,571,589,607,607,360,360,360,235,334,249,249,249,249,249],"floor_reached":33,"playtime":2734,"items_purged":["Strike_R","Regret","Defend_R"],"score":247,"play_id":"f6c38e4a-df0e-4f5a-89de-a21820d22505","local_time":"20190123040307","is_ascension_mode":false,"campfire_choices":[{"data":"Flame Barrier","floor":6,"key":"SMITH"},{"data":"Corruption","floor":10,"key":"SMITH"},{"data":"Bash","floor":12,"key":"SMITH"},{"data":"Shrug It Off","floor":15,"key":"SMITH"},{"data":"Body Slam","floor":23,"key":"SMITH"},{"data":"Rampage","floor":25,"key":"SMITH"},{"data":"True Grit","floor":30,"key":"SMITH"},{"data":"Twin Strike","floor":32,"key":"SMITH"}],"neow_cost":"PERCENT_DAMAGE","seed_source_timestamp":49057856206264,"circlet_count":0,"master_deck":["Strike_R","Strike_R","Strike_R","Defend_R","Bash+1","Twin Strike+1","Combust","Flame Barrier+1","True Grit+1","Corruption+1","Shrug It Off+1","Offering","Rampage+1","Body Slam+1"],"relics":["Black Blood","Red Skull","Blue Candle","Bronze Scales","Bottled Lightning","Mercury Hourglass","Kunai"],"potions_floor_usage":[7,11,33,33],"damage_taken":[{"damage":1,"enemies":"Cultist","floor":1,"turns":3},{"damage":3,"enemies":"Small Slimes","floor":2,"turns":3},{"damage":1,"enemies":"2 Louse","floor":3,"turns":2},{"damage":8,"enemies":"Red Slaver","floor":4,"turns":4},{"damage":30,"enemies":"Lagavulin","floor":7,"turns":9},{"damage":2,"enemies":"3 Louse","floor":8,"turns":3},{"damage":0,"enemies":"Looter","floor":11,"turns":4},{"damage":4,"enemies":"Blue Slaver","floor":13,"turns":4},{"damage":35,"enemies":"Slime Boss","floor":16,"turns":10},{"damage":31,"enemies":"Spheric Guardian","floor":18,"turns":6},{"damage":11,"enemies":"3 Byrds","floor":20,"turns":5},{"damage":28,"enemies":"Snake Plant","floor":21,"turns":3},{"damage":12,"enemies":"Cultist and Chosen","floor":22,"turns":6},{"damage":44,"enemies":"Champ","floor":33,"turns":6}],"seed_played":"-5857128248325200921","potions_obtained":[{"floor":4,"key":"SkillPotion"},{"floor":8,"key":"Fire Potion"},{"floor":16,"key":"SpeedPotion"},{"floor":18,"key":"FearPotion"}],"is_trial":false,"path_per_floor":["M","M","M","M","$","R","E","M","T","R","M","R","M","?","R","B",null,"M","?","M","M","M","R","$","R","T","$","?","?","R","T","R","B"],"character_chosen":"IRONCLAD","items_purchased":["Bronze Scales"],"campfire_rested":0,"item_purchase_floors":[24],"current_hp_per_floor":[61,64,69,67,67,67,43,47,47,47,53,53,55,55,55,26,80,59,59,58,40,38,38,38,38,38,38,38,38,38,38,38,0],"gold":249,"neow_bonus":"TRANSFORM_TWO_CARDS","is_prod":false,"is_daily":false,"chose_seed":false,"campfire_upgraded":8,"win_rate":0,"timestamp":1548212587,"path_taken":["M","?","M","M","$","R","E","M","T","R","M","R","M","?","R","BOSS","M","?","M","?","M","R","$","R","T","$","?","?","R","?","R","BOSS"],"build_version":"2019-01-17v2","purchased_purges":3,"victory":false,"max_hp_per_floor":[80,80,80,80,80,80,80,80,80,80,80,80,80,80,80,80,80,80,80,80,80,80,80,80,80,80,80,80,80,80,80,80,80],"card_choices":[{"not_picked":["Clothesline","Clash","Shrug It Off"],"picked":"SKIP","floor":1},{"not_picked":["Heavy Blade","Rage"],"picked":"Flame Barrier","floor":2},{"not_picked":["Twin Strike","Sword Boomerang"],"picked":"True Grit","floor":3},{"not_picked":["Searing Blow","Shockwave","Burning Pact"],"picked":"SKIP","floor":4},{"not_picked":["Clothesline","Double Tap"],"picked":"Corruption","floor":7},{"not_picked":["Wild Strike","Cleave"],"picked":"Shrug It Off","floor":8},{"not_picked":["Anger","Perfected Strike","Rage"],"picked":"SKIP","floor":11},{"not_picked":["True Grit","Flex","Second Wind"],"picked":"SKIP","floor":13},{"not_picked":["Juggernaut","Impervious"],"picked":"Offering","floor":16},{"not_picked":["Perfected Strike","Power Through","Uppercut"],"picked":"SKIP","floor":18},{"not_picked":["Flex+1","Carnage+1"],"picked":"Rampage","floor":20},{"not_picked":["Fire Breathing","Warcry","Iron Wave"],"picked":"SKIP","floor":21},{"not_picked":["Clash","Clothesline"],"picked":"Body Slam","floor":22}],"player_experience":589095,"relics_obtained":[{"floor":7,"key":"Red Skull"},{"floor":9,"key":"Blue Candle"},{"floor":26,"key":"Bottled Lightning"},{"floor":31,"key":"Kunai"}],"event_choices":[{"cards_removed":["Defend_R"],"damage_healed":0,"gold_gain":0,"player_choice":"Forget","damage_taken":0,"max_hp_gain":0,"max_hp_loss":0,"event_name":"Living Wall","floor":14,"gold_loss":0},{"damage_healed":0,"gold_gain":275,"player_choice":"Desecrate","damage_taken":0,"max_hp_gain":0,"max_hp_loss":0,"event_name":"Golden Shrine","floor":19,"gold_loss":0,"cards_obtained":["Regret"]},{"damage_healed":0,"gold_gain":99,"player_choice":"Stole From Cult","damage_taken":0,"max_hp_gain":0,"max_hp_loss":0,"event_name":"Nest","floor":28,"gold_loss":0},{"damage_healed":0,"gold_gain":0,"player_choice":"Obtained Relic","damage_taken":0,"relics_obtained":["Mercury Hourglass"],"max_hp_gain":0,"max_hp_loss":0,"event_name":"Addict","floor":29,"gold_loss":85}],"is_beta":false,"boss_relics":[{"not_picked":["Runic Dome","Ectoplasm"],"picked":"Black Blood"}],"items_purged_floors":[5,24,27],"is_endless":false,"potions_floor_spawned":[4,8,16,18],"killed_by":"Champ","ascension_level":0}