{"gold_per_floor":[110,35,49,69,69,94,104,104,104,117,117,117,140,140,140,268,268,268,268,268,101,101,101,101,101,101,101,25,25,25,25,25,25],"floor_reached":33,"playtime":2164,"items_purged":["Doubt","Strike_B"],"score":267,"play_id":"9e5ad3cf-b89e-4807-a8e0-eade99891041","local_time":"20180831140256","is_ascension_mode":false,"campfire_choices":[{"data":"Lockon","floor":8,"key":"SMITH"},{"data":"Machine Learning","floor":12,"key":"SMITH"},{"data":"Streamline","floor":15,"key":"SMITH"},{"floor":24,"key":"REST"},{"floor":32,"key":"REST"}],"neow_cost":"CURSE","seed_source_timestamp":7437243601695,"circlet_count":0,"master_deck":["Strike_B","Strike_B","Defend_B","Defend_B","Defend_B","Defend_B","Zap","Dualcast","Electrodynamics","BootSequence","Streamline+1","Lockon+1","Machine Learning+1","Creative AI","Self Repair","Skim","Steam Power+1","Electrodynamics","Double Energy","Heatsinks"],"relics":["Cracked Core","Strawberry","Du-Vu Doll","Letter Opener","Bloody Idol","Ectoplasm","Unceasing Top","Dodecahedron","MutagenicStrength"],"potions_floor_usage":[6,16,16,33,33],"damage_taken":[{"damage":1,"enemies":"Jaw Worm","floor":1,"turns":3},{"damage":6,"enemies":"Cultist","floor":3,"turns":3},{"damage":0,"enemies":"2 Louse","floor":4,"turns":2},{"damage":17,"enemies":"3 Sentries","floor":6,"turns":5},{"damage":0,"enemies":"Looter","floor":7,"turns":2},{"damage":9,"enemies":"Blue Slaver","floor":10,"turns":3},{"damage":2,"enemies":"Large Slime","floor":13,"turns":3},{"damage":45,"enemies":"Hexaghost","floor":16,"turns":8},{"damage":10,"enemies":"Chosen","floor":18,"turns":4},{"damage":17,"enemies":"Spheric Guardian","floor":19,"turns":4},{"damage":27,"enemies":"Snake Plant","floor":22,"turns":5},{"damage":34,"enemies":"Slavers","floor":23,"turns":4},{"damage":2,"enemies":"3 Cultists","floor":25,"turns":4},{"damage":13,"enemies":"Centurion and Healer","floor":30,"turns":4},{"damage":77,"enemies":"Collector","floor":33,"turns":6}],"seed_played":"3069919874139077482","potions_obtained":[{"floor":1,"key":"Strength Potion"},{"floor":10,"key":"Dexterity Potion"},{"floor":13,"key":"SteroidPotion"},{"floor":23,"key":"Strength Potion"},{"floor":30,"key":"FearPotion"}],"is_trial":false,"path_per_floor":["M","$","M","M","?","E","M","R","T","M","?","R","M","?","R","B",null,"M","M","?","$","M","E","R","M","T","?","$","?","M","$","R"],"character_chosen":"DEFECT","items_purchased":["Self Repair","Double Energy"],"campfire_rested":2,"item_purchase_floors":[21,28],"current_hp_per_floor":[74,74,68,68,75,58,58,58,58,49,49,49,47,47,47,2,82,72,55,55,55,35,1,25,30,30,30,30,30,24,24,48,0],"gold":25,"neow_bonus":"THREE_RARE_CARDS","is_prod":false,"is_daily":false,"chose_seed":false,"campfire_upgraded":3,"win_rate":0,"timestamp":1535716976,"path_taken":["M","$","M","M","?","E","M","R","T","M","?","R","M","?","R","BOSS","M","?","?","?","M","E","R","?","T","?","?","?","?","$","R","BOSS"],"build_version":"2018-08-30","purchased_purges":2,"victory":false,"max_hp_per_floor":[75,75,75,75,82,82,82,82,82,82,82,82,82,82,82,82,82,82,82,82,82,82,82,82,82,82,82,82,82,82,82,82,82],"card_choices":[{"not_picked":["Amplify","Reboot"],"picked":"Electrodynamics","floor":0},{"not_picked":["Leap","Streamline"],"picked":"BootSequence","floor":1},{"not_picked":["Turbo","Sweeping Beam"],"picked":"Streamline","floor":3},{"not_picked":["Aggregate","Turbo"],"picked":"Lockon","floor":4},{"not_picked":["Steam","Go for the Eyes"],"picked":"Machine Learning","floor":6},{"not_picked":["Go for the Eyes","Gash","Barrage"],"picked":"SKIP","floor":7},{"not_picked":["Ball Lightning","Auto Shields","Compile Driver"],"picked":"SKIP","floor":10},{"not_picked":["Steam","Go for the Eyes","Cold Snap"],"picked":"SKIP","floor":13},{"not_picked":["Buffer","Amplify"],"picked":"Creative AI","floor":16},{"not_picked":["Steam+1","Compile Driver+1","Stack"],"picked":"SKIP","floor":18},{"not_picked":["BootSequence","Sweeping Beam","Go for the Eyes+1"],"picked":"SKIP","floor":19},{"not_picked":["Genetic Algorithm","Compile Driver"],"picked":"Skim","floor":22},{"not_picked":["Gash","Melter+1"],"picked":"Steam Power+1","floor":23},{"not_picked":["Skim","Go for the Eyes"],"picked":"Electrodynamics","floor":25},{"not_picked":["Stack","FTL"],"picked":"Heatsinks","floor":30}],"player_experience":537886,"relics_obtained":[{"floor":6,"key":"Du-Vu Doll"},{"floor":9,"key":"Letter Opener"},{"floor":23,"key":"Unceasing Top"},{"floor":26,"key":"Dodecahedron"}],"event_choices":[{"event_name":"Accursed Blacksmith","player_choice":"Rummage","floor":5,"damage_taken":0},{"event_name":"Golden Idol","player_choice":"Take Wound","floor":11,"damage_taken":0},{"event_name":"Fountain of Cleansing","player_choice":"Removed Curse","floor":14,"damage_taken":0},{"event_name":"Forgotten Altar","player_choice":"Gave Idol","floor":20,"damage_taken":0},{"event_name":"Back to Basics","player_choice":"Elegance","floor":27,"damage_taken":0},{"event_name":"Drug Dealer","player_choice":"Inject Mutagens","floor":29,"damage_taken":0}],"is_beta":false,"boss_relics":[{"not_picked":["Tiny House","Coffee Dripper"],"picked":"Ectoplasm"}],"items_purged_floors":[2,21],"is_endless":false,"potions_floor_spawned":[1,10,13,23,30],"killed_by":"Collector","ascension_level":0}