{"gold_per_floor":[116,291,291,304,72,72,84,100,124,136,165,177,37,55,55,159,159,170,170,19,39,57,57,57,71,98,116,134,148,5,23,23,23],"floor_reached":33,"playtime":2432,"items_purged":["Doubt"],"score":243,"play_id":"3394e9de-d460-40fd-aeba-cd729a6c45e2","local_time":"20190812112436","is_ascension_mode":false,"campfire_choices":[{"data":"Deadly Poison","floor":6,"key":"SMITH"},{"data":"Backflip","floor":10,"key":"SMITH"},{"floor":15,"key":"REST"},{"data":"Backflip","floor":23,"key":"SMITH"},{"floor":32,"key":"REST"}],"neow_cost":"NONE","seed_source_timestamp":1096815862867878,"circlet_count":0,"master_deck":["Strike_G","Strike_G+1","Strike_G","Strike_G","Strike_G","Defend_G","Defend_G","Defend_G","Defend_G+1","Defend_G","Survivor+1","Neutralize","Deadly Poison+1","Crippling Poison","Backflip+1","Backflip+1","Poisoned Stab","Bullet Time","Night Terror","Dash","Well Laid Plans","Crippling Poison","Deadly Poison","Night Terror","Dodge and Roll","Caltrops+1","Endless Agony+1"],"relics":["Ring of the Snake","Oddly Smooth Stone","MawBank","Centennial Puzzle","Sozu","Art of War","Regal Pillow","Potion Belt"],"potions_floor_usage":[33,33,33],"damage_taken":[{"damage":4,"enemies":"Cultist","floor":1,"turns":5},{"damage":2,"enemies":"Jaw Worm","floor":4,"turns":5},{"damage":0,"enemies":"2 Louse","floor":7,"turns":3},{"damage":1,"enemies":"2 Fungi Beasts","floor":8,"turns":4},{"damage":0,"enemies":"Exordium Thugs","floor":11,"turns":6},{"damage":1,"enemies":"Exordium Wildlife","floor":14,"turns":6},{"damage":14,"enemies":"The Guardian","floor":16,"turns":11},{"damage":1,"enemies":"2 Thieves","floor":18,"turns":4},{"damage":0,"enemies":"Shell Parasite","floor":21,"turns":5},{"damage":7,"enemies":"Snake Plant","floor":22,"turns":5},{"damage":0,"enemies":"Snecko","floor":25,"turns":5},{"damage":14,"enemies":"Centurion and Healer","floor":27,"turns":7},{"damage":16,"enemies":"Cultist and Chosen","floor":28,"turns":9},{"damage":6,"enemies":"Snake Plant","floor":29,"turns":4},{"damage":11,"enemies":"Snecko","floor":31,"turns":4},{"damage":52,"enemies":"Collector","floor":33,"turns":9}],"seed_played":"-4577365522487680871","potions_obtained":[{"floor":1,"key":"Strength Potion"},{"floor":4,"key":"Fire Potion"},{"floor":16,"key":"PowerPotion"}],"is_trial":false,"path_per_floor":["M","?","?","M","$","R","M","M","T","R","M","?","$","M","R","B",null,"M","?","$","M","M","R","$","M","T","M","M","M","$","M","R","B"],"character_chosen":"THE_SILENT","items_purchased":["Oddly Smooth Stone","Centennial Puzzle","Art of War","Potion Belt"],"campfire_rested":2,"item_purchase_floors":[5,13,20,30],"current_hp_per_floor":[66,66,59,57,57,57,57,56,56,56,56,42,42,41,62,48,70,69,69,69,69,62,62,62,62,62,48,32,26,26,15,51,0],"gold":23,"neow_bonus":"UPGRADE_CARD","is_prod":false,"is_daily":false,"chose_seed":false,"campfire_upgraded":3,"win_rate":0.0,"timestamp":1565627076,"path_taken":["M","?","?","M","$","R","M","?","T","R","?","?","$","M","R","BOSS","M","?","$","M","M","R","?","M","T","M","M","M","?","M","R","BOSS"],"build_version":"2019-07-17","purchased_purges":1,"victory":false,"max_hp_per_floor":[70,70,70,70,70,70,70,70,70,70,70,70,70,70,70,70,70,70,70,70,70,70,70,70,70,70,70,70,70,70,70,70,70],"card_choices":[{"not_picked":["Riddle With Holes","Terror"],"picked":"Deadly Poison","floor":1},{"not_picked":["Bane","Flying Knee"],"picked":"Crippling Poison","floor":4},{"not_picked":["Riddle With Holes","Dagger Throw"],"picked":"Backflip","floor":7},{"not_picked":["Dagger Throw","Leg Sweep"],"picked":"Backflip","floor":8},{"not_picked":["Blade Dance","Quick Slash"],"picked":"Poisoned Stab","floor":11},{"not_picked":["Eviscerate","Deflect"],"picked":"Bullet Time","floor":14},{"not_picked":["Adrenaline","Burst"],"picked":"Night Terror","floor":16},{"not_picked":["Acrobatics","Quick Slash"],"picked":"Dash","floor":18},{"not_picked":["Prepared","Predator"],"picked":"Well Laid Plans","floor":21},{"not_picked":["Terror","Acrobatics"],"picked":"Crippling Poison","floor":22},{"not_picked":["Bane","Blade Dance"],"picked":"Deadly Poison","floor":25},{"not_picked":["Slice","Footwork"],"picked":"Night Terror","floor":27},{"not_picked":["Tactician","Blade Dance+1"],"picked":"Dodge and Roll","floor":28},{"not_picked":["Slice","Bane"],"picked":"Caltrops+1","floor":29},{"not_picked":["Slice","Reflex"],"picked":"Endless Agony+1","floor":31}],"player_experience":151316,"relics_obtained":[{"floor":9,"key":"MawBank"},{"floor":26,"key":"Regal Pillow"}],"event_choices":[{"damage_healed":0,"gold_gain":175,"player_choice":"AGREE","damage_taken":0,"max_hp_gain":0,"max_hp_loss":0,"event_name":"Liars Game","floor":2,"gold_loss":0,"cards_obtained":["Doubt"]},{"damage_healed":0,"gold_gain":0,"player_choice":"Damaged","damage_taken":7,"max_hp_gain":0,"max_hp_loss":0,"event_name":"Wheel of Change","floor":3,"gold_loss":0},{"damage_healed":0,"gold_gain":0,"player_choice":"Entered Light","damage_taken":14,"max_hp_gain":0,"max_hp_loss":0,"event_name":"Shining Light","floor":12,"gold_loss":0,"cards_upgraded":["Strike_G","Defend_G"]},{"damage_healed":0,"gold_gain":0,"player_choice":"Ignored","damage_taken":0,"max_hp_gain":0,"max_hp_loss":0,"event_name":"Beggar","floor":19,"gold_loss":0}],"is_beta":false,"boss_relics":[{"not_picked":["HoveringKite","Snecko Eye"],"picked":"Sozu"}],"items_purged_floors":[5],"is_endless":false,"potions_floor_spawned":[1,4,16,18,22,25,29,31],"killed_by":"Collector","ascension_level":0}