{"path_per_floor":["M","$","?","M","?","E","R","E","T","M","M","R","?","M","R","B",null,"M","?","$","M","?","R","M","?","T","?","M","$","M","M","R","B",null,"M"],"character_chosen":"THE_SILENT","items_purchased":["Infinite Blades","Poisoned Stab","Predator","Flechettes","Footwork","Masterful Stab"],"gold_per_floor":[110,12,12,26,26,52,52,83,109,121,135,135,135,149,149,249,249,269,269,73,88,3,3,13,13,40,40,58,21,32,43,43,140,140,153],"floor_reached":36,"campfire_rested":5,"playtime":4621,"current_hp_per_floor":[70,70,70,62,62,45,66,33,33,18,15,51,26,13,49,52,70,63,63,63,44,58,84,30,30,30,30,29,29,4,42,82,25,94,35],"items_purged":[],"gold":153,"score":374,"play_id":"511952ad-20a9-405d-9e3a-ff843b7cd2bc","is_prod":false,"is_daily":false,"is_ascension_mode":false,"campfire_upgraded":0,"path_taken":["M","$","?","?","?","E","R","E","T","M","M","R","?","M","R","BOSS","M","?","$","M","?","R","M","?","T","?","M","$","M","?","R","BOSS","M","?"],"build_version":"2018-02-08-PROD1","purchased_purges":0,"victory":false,"master_deck":["Defend_G+1","Defend_G+1","Defend_G+1","Defend_G+1","Defend_G+1","Strike_G+1","Strike_G+1","Strike_G+1","Strike_G+1","Strike_G+1","Survivor","Neutralize","Backflip","Infinite Blades+1","Poisoned Stab","Expertise","Flechettes","Noxious Fumes","Blur","Flying Knee","Glass Knife","Unload","Infinite Blades+1","Writhe","Predator","Flechettes","Footwork","Slice","Predator","Noxious Fumes","Masterful Stab","Outmaneuver","Deflect","Envenom","Clumsy","Writhe","Decay","Backflip"],"max_hp_per_floor":[70,70,70,70,70,70,70,70,70,70,70,70,70,70,70,70,70,70,70,70,70,84,84,84,84,84,84,84,84,84,84,84,84,94,94],"relics":["Lizard Tail","Pantograph","Calipers","Regal Pillow","Whetstone","Unceasing Top","White Beast Statue","Gremlin Horn","Mango","Blood Vial","Calling Bell","Pen Nib","Pear","Shuriken"],"card_choices":[{"not_picked":["Quick Slash","PiercingWail"],"picked":"Backflip"},{"not_picked":["Deadly Poison","Catalyst"],"picked":"Expertise"},{"not_picked":["Leg Sweep","Calculated Gamble"],"picked":"Flechettes"},{"not_picked":["Calculated Gamble","Outmaneuver"],"picked":"Noxious Fumes"},{"not_picked":["Predator","Bouncing Flask"],"picked":"Blur"},{"not_picked":["Calculated Gamble","Deflect"],"picked":"Flying Knee"},{"not_picked":["Poisoned Stab","Terror"],"picked":"Glass Knife"},{"not_picked":["Venomology","Doppelganger"],"picked":"Unload"},{"not_picked":["Sucker Punch","Dagger Throw"],"picked":"Infinite Blades"},{"not_picked":["Heel Hook","Terror"],"picked":"Slice"},{"not_picked":["Deadly Poison","Sucker Punch"],"picked":"Predator"},{"not_picked":["Dagger Spray","Slice"],"picked":"Noxious Fumes"},{"not_picked":["Prepared","Well Laid Plans"],"picked":"Outmaneuver"},{"not_picked":["Bullet Time","Heel Hook"],"picked":"Deflect"},{"not_picked":["Doppelganger","Glass Knife"],"picked":"Envenom"},{"not_picked":["Outmaneuver","PiercingWail"],"picked":"Backflip"}],"player_experience":26029,"potions_floor_usage":[16,18,28,28,28,30,31,33,35],"damage_taken":[{"damage":0,"enemies":"Jaw Worm","floor":1,"turns":6},{"damage":8,"enemies":"Blue Slaver","floor":4,"turns":5},{"damage":17,"enemies":"3 Sentries","floor":6,"turns":10},{"damage":33,"enemies":"Lagavulin","floor":8,"turns":9},{"damage":15,"enemies":"Small Slimes","floor":10,"turns":4},{"damage":3,"enemies":"Exordium Wildlife","floor":11,"turns":4},{"damage":13,"enemies":"Large Slime","floor":14,"turns":6},{"damage":18,"enemies":"Slime Boss","floor":16,"turns":9},{"damage":7,"enemies":"Chosen","floor":18,"turns":6},{"damage":19,"enemies":"3 Byrds","floor":21,"turns":5},{"damage":54,"enemies":"Sentry and Sphere","floor":24,"turns":8},{"damage":18,"enemies":"Centurion and Healer","floor":28,"turns":6},{"damage":27,"enemies":"Cultist and Chosen","floor":30,"turns":8},{"damage":17,"enemies":"Snecko","floor":31,"turns":6},{"damage":59,"enemies":"Collector","floor":33,"turns":11},{"damage":68,"enemies":"3 Shapes","floor":35,"turns":5},{"damage":42,"enemies":"Mysterious Sphere","floor":36,"turns":4}],"event_choices":[{"event_name":"Accursed Blacksmith","player_choice":"Rummage","floor":3,"damage_taken":0},{"event_name":"Living Wall","player_choice":"Grow","floor":5,"damage_taken":0},{"event_name":"Scrap Ooze","player_choice":"success","floor":13,"damage_taken":25},{"event_name":"The Mausoleum","player_choice":"Yes","floor":19,"damage_taken":0},{"event_name":"Addict","player_choice":"Obtained Relic","floor":22,"damage_taken":0},{"event_name":"Back to Basics","player_choice":"Simplicity","floor":25,"damage_taken":0},{"event_name":"Beggar","player_choice":"Ignored","floor":27,"damage_taken":0},{"event_name":"Mysterious Sphere","player_choice":"Fight","floor":36,"damage_taken":0}],"boss_relics":[{"not_picked":["Snecko Eye","Runic Pyramid"],"picked":"White Beast Statue"},{"not_picked":["Question Card","Velvet Choker"],"picked":"Calling Bell"}],"potions_floor_spawned":[10,16,18,21,24,28,30,31,33,35],"seed_played":"7793695278096844905","killed_by":"Mysterious Sphere","ascension_level":0,"is_trial":false}