{"path_per_floor":["M","M","$","?","M","E","R","$","T","$","M","R","E","M","R","B",null,"M","M"],"character_chosen":"THE_SILENT","items_purchased":["Caltrops","Expertise","Acrobatics","Cloak And Dagger"],"gold_per_floor":[110,127,21,86,96,123,123,29,29,29,17,17,48,58,58,156,156,141,161],"floor_reached":20,"campfire_rested":2,"playtime":2320,"current_hp_per_floor":[70,70,70,70,70,51,70,70,70,70,56,56,34,30,54,24,80,61,47],"items_purged":[],"gold":161,"score":184,"play_id":"f5e1683e-90a0-43ad-908e-6adcaf53bda1","is_prod":false,"is_daily":false,"is_ascension_mode":false,"campfire_upgraded":0,"path_taken":["M","M","$","?","M","E","R","$","T","?","M","R","E","?","R","BOSS","M","M","M"],"build_version":"2018-02-12-PROD1","purchased_purges":0,"victory":false,"master_deck":["Defend_G","Defend_G","Defend_G","Defend_G","Defend_G","Strike_G","Strike_G","Strike_G","Strike_G","Strike_G","Survivor","Neutralize","Predator","Prepared","Caltrops","Expertise","Endless Agony","Noxious Fumes","Acrobatics","Cloak And Dagger","Deflect","Infinite Blades","Dagger Throw","Adrenaline","Finisher","Prepared+1"],"max_hp_per_floor":[70,70,70,70,70,70,70,70,70,70,70,70,80,80,80,80,80,80,80],"relics":["Lizard Tail","Art of War","Girya","Pear","Black Star"],"card_choices":[{"not_picked":["Underhanded Strike","Dodge and Roll"],"picked":"Predator"},{"not_picked":["Terror","Underhanded Strike"],"picked":"Prepared"},{"not_picked":["Acrobatics","Bouncing Flask"],"picked":"Endless Agony"},{"not_picked":["Caltrops","Slice"],"picked":"Noxious Fumes"},{"not_picked":["Acrobatics","Distraction"],"picked":"Deflect"},{"not_picked":["Acrobatics","Prepared"],"picked":"Infinite Blades"},{"not_picked":["Terror","Envenom"],"picked":"Dagger Throw"},{"not_picked":["Venomology","Phantasmal Killer"],"picked":"Adrenaline"},{"not_picked":["Poisoned Stab","Masterful Stab"],"picked":"Finisher"},{"not_picked":["Sucker Punch","Leg Sweep"],"picked":"Prepared"}],"player_experience":71849,"potions_floor_usage":[6,11,16],"damage_taken":[{"damage":0,"enemies":"Blue Slaver","floor":1,"turns":6},{"damage":0,"enemies":"2 Louse","floor":2,"turns":3},{"damage":0,"enemies":"Jaw Worm","floor":5,"turns":4},{"damage":19,"enemies":"3 Sentries","floor":6,"turns":9},{"damage":14,"enemies":"Exordium Thugs","floor":11,"turns":4},{"damage":32,"enemies":"Gremlin Nob","floor":13,"turns":5},{"damage":4,"enemies":"Lots of Slimes","floor":14,"turns":4},{"damage":71,"enemies":"The Guardian","floor":16,"turns":9},{"damage":19,"enemies":"2 Thieves","floor":18,"turns":5},{"damage":14,"enemies":"Shell Parasite","floor":19,"turns":5},{"damage":57,"enemies":"3 Cultists","floor":20,"turns":5}],"event_choices":[{"event_name":"Golden Wing","player_choice":"Gained Gold","floor":4,"damage_taken":0}],"boss_relics":[{"not_picked":["Runic Dome","Cursed Key"],"picked":"Black Star"}],"potions_floor_spawned":[1,6,14],"seed_played":"-2073666888058974750","killed_by":"3 Cultists","ascension_level":0,"is_trial":false}