{"gold_per_floor":[118,128,128,145,162,196,86,98,98,126,136,136,152,152,152,247,247,257,80,80,99,99,99,61,61,141,141,152,162,162,182,182,182],"floor_reached":33,"playtime":2094,"items_purged":["Strike_B","Defend_B"],"score":259,"play_id":"85ec0618-a3e9-4b38-bcda-e6f4bb7f37f3","local_time":"20180822225057","is_ascension_mode":false,"campfire_choices":[{"data":"Zap","floor":12,"key":"SMITH"},{"floor":15,"key":"REST"},{"floor":23,"key":"REST"},{"data":"Dualcast","floor":25,"key":"SMITH"},{"floor":30,"key":"REST"},{"data":"Chaos","floor":32,"key":"SMITH"}],"neow_cost":"NONE","seed_source_timestamp":13859992854867,"circlet_count":0,"master_deck":["Strike_B","Strike_B","Defend_B","Defend_B","Zap+1","Dualcast+1","Melter","Consume","Heatsinks","Reinforced Body","Heatsinks","Electrodynamics","Gash+1","Static Discharge","Chaos+1","Redo+1","Self Repair","Skim","Storm","Gash"],"relics":["Cracked Core","NeowsBlessing","Gambling Chip","Cables","Ornamental Fan","Symbiotic Virus","Empty Cage","Blue Candle"],"potions_floor_usage":[5,6,6,8,10,10,28,29,33],"damage_taken":[{"damage":0,"enemies":"Cultist","floor":1,"turns":1},{"damage":0,"enemies":"Jaw Worm","floor":2,"turns":1},{"damage":0,"enemies":"Small Slimes","floor":4,"turns":1},{"damage":0,"enemies":"Looter","floor":5,"turns":2},{"damage":4,"enemies":"3 Sentries","floor":6,"turns":3},{"damage":5,"enemies":"Large Slime","floor":8,"turns":6},{"damage":10,"enemies":"Gremlin Nob","floor":10,"turns":3},{"damage":0,"enemies":"Red Slaver","floor":11,"turns":3},{"damage":7,"enemies":"Blue Slaver","floor":13,"turns":3},{"damage":14,"enemies":"Slime Boss","floor":16,"turns":8},{"damage":15,"enemies":"3 Byrds","floor":18,"turns":3},{"damage":28,"enemies":"Shell Parasite","floor":21,"turns":4},{"damage":37,"enemies":"Snake Plant","floor":28,"turns":3},{"damage":0,"enemies":"3 Cultists","floor":29,"turns":3},{"damage":0,"enemies":"Snecko","floor":31,"turns":3},{"damage":50,"enemies":"Champ","floor":33,"turns":8}],"seed_played":"-7776268679664840681","potions_obtained":[{"floor":3,"key":"AttackPotion"},{"floor":3,"key":"Swift Potion"},{"floor":3,"key":"FocusPotion"},{"floor":5,"key":"PowerPotion"},{"floor":6,"key":"EssenceOfSteel"},{"floor":8,"key":"Weak Potion"},{"floor":16,"key":"GamblersBrew"},{"floor":18,"key":"Fire Potion"},{"floor":28,"key":"FocusPotion"}],"is_trial":false,"path_per_floor":["M","M","?","M","M","E","$","M","T","E","M","R","M","?","R","B",null,"M","$","?","M","?","R","$","R","T","?","M","M","R","M","R"],"character_chosen":"DEFECT","items_purchased":["Heatsinks","Static Discharge","Self Repair"],"campfire_rested":3,"item_purchase_floors":[7,19,24],"current_hp_per_floor":[75,75,75,75,75,71,71,66,66,56,56,56,49,16,38,24,75,60,60,60,32,18,42,42,42,42,42,12,19,43,50,50,0],"gold":182,"neow_bonus":"THREE_ENEMY_KILL","is_prod":false,"is_daily":false,"chose_seed":false,"campfire_upgraded":3,"win_rate":0,"timestamp":1534971057,"path_taken":["M","M","?","M","?","E","?","M","T","E","M","R","M","?","R","BOSS","M","$","?","M","?","R","?","R","T","?","?","M","R","M","R","BOSS"],"build_version":"2018-08-16","purchased_purges":2,"victory":false,"max_hp_per_floor":[75,75,75,75,75,75,75,75,75,75,75,75,75,75,75,75,75,75,75,75,75,80,80,80,80,80,80,80,80,80,80,80,80],"card_choices":[{"not_picked":["Barrage","Stack","Force Field"],"picked":"SKIP","floor":1},{"not_picked":["Coolheaded","Cold Snap","Go for the Eyes"],"picked":"SKIP","floor":2},{"not_picked":["Cold Snap","Gash"],"picked":"Melter","floor":4},{"not_picked":["Sweeping Beam","Hologram"],"picked":"Consume","floor":5},{"not_picked":["Core Surge","Compile Driver","Blizzard"],"picked":"SKIP","floor":6},{"not_picked":["Go for the Eyes","Ball Lightning","Melter"],"picked":"SKIP","floor":8},{"not_picked":["Hologram","Lockon"],"picked":"Reinforced Body","floor":10},{"not_picked":["Rebound","Compile Driver"],"picked":"Heatsinks","floor":11},{"not_picked":["Cold Snap","Stack","Turbo"],"picked":"SKIP","floor":13},{"not_picked":["Multi-Cast","Hyperbeam"],"picked":"Electrodynamics","floor":16},{"not_picked":["White Noise","Redo"],"picked":"Gash+1","floor":18},{"not_picked":["Coolheaded","Static Discharge"],"picked":"Redo+1","floor":21},{"not_picked":["Steam+1","Leap"],"picked":"Skim","floor":28},{"not_picked":["Sweeping Beam+1","Hello World+1"],"picked":"Storm","floor":29},{"not_picked":["Skim","Conserve Battery"],"picked":"Gash","floor":31}],"player_experience":512549,"relics_obtained":[{"floor":6,"key":"Gambling Chip"},{"floor":9,"key":"Cables"},{"floor":10,"key":"Ornamental Fan"},{"floor":26,"key":"Blue Candle"}],"event_choices":[{"event_name":"The Lab","player_choice":"Got Potions","floor":3,"damage_taken":0},{"event_name":"Scrap Ooze","player_choice":"success","floor":14,"damage_taken":33},{"event_name":"The Library","player_choice":"Read","floor":20,"damage_taken":0},{"event_name":"Forgotten Altar","player_choice":"Shed Blood","floor":22,"damage_taken":0},{"event_name":"Vampires","player_choice":"Ignored","floor":27,"damage_taken":0}],"is_beta":false,"boss_relics":[{"not_picked":["Eternal Feather","FrozenCore"],"picked":"Empty Cage"}],"items_purged_floors":[7,19],"is_endless":false,"potions_floor_spawned":[5,6,8,16,18,28],"killed_by":"Champ","ascension_level":0}