{"path_per_floor":["M","M","$","M","M","E","M","E","T","?","$","E","?","M","R","B",null,"M","$","M","?","M","R","E","M","T","?","T","R","$","M","R","B",null,"M","$","M","?","M","R","?","E","T","?","M","R","M","M","R"],"character_chosen":"IRONCLAD","items_purchased":["Flash of Steel","Shrug It Off","Blood Vial","Whirlwind","Flex","Omamori","Inflame","Mummified Hand","Rupture","Lantern","Shrug It Off"],"gold_per_floor":[117,131,17,28,43,72,91,123,148,323,5,32,97,116,116,211,211,224,45,60,60,79,79,108,125,195,195,267,267,15,33,33,135,135,145,11,25,25,38,38,38,70,124,124,137,137,152,169,169],"floor_reached":50,"campfire_rested":7,"playtime":5908,"current_hp_per_floor":[80,80,80,80,75,66,65,61,61,61,61,29,33,41,65,39,80,71,71,69,69,68,80,23,31,31,38,38,65,65,73,90,32,90,70,70,69,69,54,81,81,30,30,30,39,66,54,45,72],"items_purged":["Doubt"],"gold":169,"score":514,"play_id":"de114cb9-afbe-47b0-b674-b1f19fd554b2","is_prod":false,"is_daily":false,"is_ascension_mode":false,"campfire_upgraded":0,"path_taken":["M","M","$","M","M","E","M","E","T","?","$","E","?","M","R","BOSS","M","$","M","?","M","R","E","M","T","?","?","R","$","M","R","BOSS","M","$","M","?","M","R","?","E","T","?","M","R","?","M","R","BOSS"],"build_version":"2018-02-15-PROD1","purchased_purges":1,"victory":false,"master_deck":["Strike_R","Strike_R","Strike_R","Strike_R","Strike_R","Defend_R","Defend_R","Defend_R","Bash","Twin Strike","Wild Strike","Flash of Steel","Shrug It Off","Pommel Strike","Metallicize","Dark Embrace","Burning Pact","Pummel","Whirlwind+1","Flex","Headbutt","Evolve","Inflame","Feed","Perfected Strike","Inflame","Anger+1","Anger+1","Whirlwind","Pommel Strike","Shockwave+1","Rupture","Perfected Strike+1","Searing Blow+1","Immolate","Iron Wave+1","Shrug It Off+1","Bloodletting+1","Headbutt+1","Combust","Warcry+1","Dropkick","Twin Strike+1","Whirlwind+1","Rupture+1","Rupture+1","Pommel Strike+1","Iron Wave+1"],"max_hp_per_floor":[80,80,80,80,80,80,80,80,80,80,80,80,80,80,80,80,80,80,80,80,80,80,80,80,83,83,90,90,90,90,90,90,90,90,90,90,90,90,90,90,90,90,90,90,90,90,93,93,93],"relics":["Black Blood","Ancient Tea Set","Orichalcum","Smiling Mask","Oddly Smooth Stone","Blood Vial","Vajra","Shuriken","Lizard Tail","Omamori","Dream Catcher","Toxic Egg 2","Strawberry","The Courier","Mummified Hand","Lantern","Art of War","Anchor"],"card_choices":[{"not_picked":["Reckless Charge","Shrug It Off"],"picked":"Twin Strike"},{"not_picked":["Body Slam","Sword Boomerang"],"picked":"Wild Strike"},{"not_picked":["Hemokinesis","Immolate"],"picked":"Pommel Strike"},{"not_picked":["Infernal Blade","Sword Boomerang"],"picked":"Metallicize"},{"not_picked":["Body Slam","Thunderclap"],"picked":"Dark Embrace"},{"not_picked":["Corruption","Combust"],"picked":"Burning Pact"},{"not_picked":["Warcry","True Grit"],"picked":"Pummel"},{"not_picked":["Uppercut","Double Tap"],"picked":"Headbutt"},{"not_picked":["Clothesline","Warcry"],"picked":"Evolve"},{"not_picked":["Wild Strike","Headbutt"],"picked":"Inflame"},{"not_picked":["Brutality","Offering"],"picked":"Feed"},{"not_picked":["Battle Trance","Sword Boomerang"],"picked":"Perfected Strike"},{"not_picked":["Body Slam","Blood for Blood"],"picked":"Anger"},{"not_picked":["Warcry","Bludgeon"],"picked":"Anger"},{"not_picked":["Heavy Blade","Reckless Charge"],"picked":"Whirlwind"},{"not_picked":["Flex","Flame Barrier"],"picked":"Pommel Strike"},{"not_picked":["True Grit","Body Slam"],"picked":"Shockwave"},{"not_picked":["Warcry","Headbutt"],"picked":"Perfected Strike"},{"not_picked":["Cleave","Rage"],"picked":"Searing Blow"},{"not_picked":["Barricade","Feed"],"picked":"Immolate"},{"not_picked":["Armaments","Shockwave"],"picked":"Iron Wave"},{"not_picked":["Sever Soul","Clash"],"picked":"Bloodletting"},{"not_picked":["Whirlwind","Reckless Charge"],"picked":"Headbutt"},{"not_picked":["Perfected Strike","Disarm"],"picked":"Combust"},{"not_picked":["Clothesline","Sword Boomerang"],"picked":"Twin Strike"},{"not_picked":["Infernal Blade","True Grit"],"picked":"Whirlwind"},{"not_picked":["Pommel Strike","Burning Pact"],"picked":"Rupture"},{"not_picked":["Feed","Thunderclap"],"picked":"Rupture"},{"not_picked":["Rupture","Intimidate"],"picked":"Pommel Strike"},{"not_picked":["Evolve","Body Slam"],"picked":"Iron Wave"}],"player_experience":139146,"potions_floor_usage":[2,6,7,14,31,33,35,39,39,45,48],"damage_taken":[{"damage":5,"enemies":"2 Louse","floor":1,"turns":3},{"damage":3,"enemies":"Small Slimes","floor":2,"turns":2},{"damage":2,"enemies":"Jaw Worm","floor":4,"turns":3},{"damage":11,"enemies":"Blue Slaver","floor":5,"turns":3},{"damage":15,"enemies":"Gremlin Nob","floor":6,"turns":4},{"damage":7,"enemies":"Lots of Slimes","floor":7,"turns":5},{"damage":10,"enemies":"3 Sentries","floor":8,"turns":8},{"damage":40,"enemies":"Lagavulin","floor":12,"turns":7},{"damage":4,"enemies":"3 Sentries","floor":13,"turns":4},{"damage":0,"enemies":"Large Slime","floor":14,"turns":4},{"damage":34,"enemies":"The Guardian","floor":16,"turns":10},{"damage":15,"enemies":"Spheric Guardian","floor":18,"turns":4},{"damage":10,"enemies":"Chosen","floor":20,"turns":6},{"damage":9,"enemies":"Snecko","floor":22,"turns":3},{"damage":63,"enemies":"Gremlin Leader","floor":24,"turns":5},{"damage":46,"enemies":"Slaver and Parasite","floor":25,"turns":5},{"damage":0,"enemies":"3 Cultists","floor":31,"turns":2},{"damage":64,"enemies":"Champ","floor":33,"turns":10},{"damage":30,"enemies":"3 Darklings","floor":35,"turns":4},{"damage":13,"enemies":"Orb Walker","floor":37,"turns":3},{"damage":27,"enemies":"Maw","floor":39,"turns":7},{"damage":63,"enemies":"Nemesis","floor":42,"turns":5},{"damage":3,"enemies":"3 Darklings","floor":45,"turns":2},{"damage":27,"enemies":"Sphere and 2 Shapes","floor":47,"turns":4},{"damage":36,"enemies":"Maw","floor":48,"turns":7},{"damage":82,"enemies":"Donu and Deca","floor":50,"turns":4}],"event_choices":[{"event_name":"Liars Game","player_choice":"agreed","floor":10,"damage_taken":0},{"event_name":"Dead Adventurer","player_choice":"Searched \u00272\u0027 times","floor":13,"damage_taken":0},{"event_name":"Drug Dealer","player_choice":"Ignored","floor":21,"damage_taken":0},{"event_name":"The Mausoleum","player_choice":"Yes","floor":27,"damage_taken":0},{"event_name":"Match and Keep!","player_choice":"2 cards matched","floor":41,"damage_taken":0},{"event_name":"Upgrade Shrine","player_choice":"Upgraded","floor":44,"damage_taken":0}],"boss_relics":[{"not_picked":["White Beast Statue","Sozu"],"picked":"Lizard Tail"},{"not_picked":["Eternal Feather","Runic Dome"],"picked":"Black Blood"}],"potions_floor_spawned":[1,5,6,12,24,25,31,35,37,42,47],"seed_played":"4167214891698532374","killed_by":"Donu and Deca","ascension_level":0,"is_trial":false}