{"gold_per_floor":[110,128,108,51,126,155,305,305,305,322,350,350,367,393,393,469,469,434,484,133,147,162,162],"floor_reached":23,"playtime":1311,"items_purged":["Parasite"],"score":376,"play_id":"89c167cc-a467-482d-b839-eff6ea4435df","local_time":"20190830235215","is_ascension_mode":true,"campfire_choices":[{"data":"Perfected Strike","floor":8,"key":"SMITH"},{"data":"Demon Form","floor":15,"key":"SMITH"}],"neow_cost":"NONE","seed_source_timestamp":141416264888900,"circlet_count":0,"master_deck":["AscendersBane","Strike_R","Strike_R","Strike_R","Strike_R","Strike_R","Defend_R+1","Defend_R+1","Bash","Perfected Strike+1","Metallicize","Pommel Strike","Shrug It Off","Armaments+1","Pommel Strike","Perfected Strike","Demon Form+1","Impervious","Bloodletting+1","Ghostly Armor+1","Pommel Strike","True Grit","Flame Barrier"],"relics":["Burning Blood","War Paint","Calipers","Prayer Wheel","Regal Pillow","Astrolabe","Pantograph"],"potions_floor_usage":[6,11,16,16,16],"damage_taken":[{"damage":0,"enemies":"Cultist","floor":1,"turns":4},{"damage":0,"enemies":"Small Slimes","floor":2,"turns":3},{"damage":15,"enemies":"Gremlin Nob","floor":6,"turns":5},{"damage":0,"enemies":"2 Louse","floor":10,"turns":3},{"damage":6,"enemies":"3 Sentries","floor":11,"turns":11},{"damage":5,"enemies":"Blue Slaver","floor":13,"turns":5},{"damage":34,"enemies":"Lagavulin","floor":14,"turns":6},{"damage":21,"enemies":"Hexaghost","floor":16,"turns":10},{"damage":36,"enemies":"2 Thieves","floor":18,"turns":5},{"damage":11,"enemies":"Spheric Guardian","floor":21,"turns":5},{"damage":21,"enemies":"Centurion and Healer","floor":22,"turns":4},{"damage":16,"enemies":"Slavers","floor":23,"turns":1}],"seed_played":"264774558584897361","potions_obtained":[{"floor":1,"key":"Block Potion"},{"floor":3,"key":"EntropicBrew"},{"floor":10,"key":"Regen Potion"}],"is_trial":false,"path_per_floor":["M","M","?","$","?","E","?","R","T","M","E","?","M","E","R","B",null,"M","?","$","M","M","E"],"character_chosen":"IRONCLAD","items_purchased":["Shrug It Off","Pantograph"],"campfire_rested":0,"item_purchase_floors":[4,20],"current_hp_per_floor":[74,75,75,75,64,55,55,55,55,61,75,75,75,47,47,32,64,34,34,34,29,14,0],"gold":162,"neow_bonus":"THREE_CARDS","is_prod":false,"is_daily":false,"chose_seed":false,"campfire_upgraded":2,"win_rate":0,"timestamp":1567234335,"path_taken":["M","M","?","?","?","E","?","R","T","?","E","?","M","E","R","BOSS","M","?","$","M","M","E"],"build_version":"2019-07-17","purchased_purges":1,"victory":false,"max_hp_per_floor":[75,75,75,75,75,75,75,75,75,75,75,75,75,75,75,75,75,75,75,72,72,72,72],"card_choices":[{"not_picked":["Clash","Iron Wave"],"picked":"Perfected Strike","floor":0},{"not_picked":["Perfected Strike","Headbutt"],"picked":"Metallicize","floor":1},{"not_picked":["Inflame","Cleave"],"picked":"Pommel Strike","floor":2},{"not_picked":["Clothesline","Bludgeon"],"picked":"Armaments","floor":6},{"not_picked":["Sword Boomerang","Heavy Blade","Clothesline"],"picked":"SKIP","floor":10},{"not_picked":["Armaments","Whirlwind","Thunderclap"],"picked":"SKIP","floor":11},{"not_picked":["Inflame","Blood for Blood"],"picked":"Pommel Strike","floor":13},{"not_picked":["Flex","Headbutt"],"picked":"Perfected Strike","floor":13},{"not_picked":["Rampage","True Grit"],"picked":"Demon Form","floor":14},{"not_picked":["Exhume","Fiend Fire"],"picked":"Impervious","floor":16},{"not_picked":["Armaments","Perfected Strike"],"picked":"Pommel Strike","floor":18},{"not_picked":["Anger","Warcry"],"picked":"True Grit","floor":18},{"not_picked":["Cleave","Iron Wave","Sever Soul"],"picked":"SKIP","floor":21},{"not_picked":["Clothesline","Perfected Strike","Havoc"],"picked":"SKIP","floor":21},{"not_picked":["Iron Wave","Clash"],"picked":"Flame Barrier","floor":22},{"not_picked":["Sword Boomerang","Fiend Fire","Flex"],"picked":"SKIP","floor":22}],"player_experience":1398456,"relics_obtained":[{"floor":6,"key":"War Paint"},{"floor":9,"key":"Calipers"},{"floor":11,"key":"Prayer Wheel"},{"floor":14,"key":"Regal Pillow"}],"event_choices":[{"damage_healed":0,"gold_gain":0,"player_choice":"Bought 1 Potion","damage_taken":0,"max_hp_gain":0,"max_hp_loss":0,"event_name":"The Woman in Blue","floor":3,"gold_loss":0},{"damage_healed":0,"gold_gain":75,"player_choice":"Gather Gold","damage_taken":11,"max_hp_gain":0,"max_hp_loss":0,"event_name":"World of Goop","floor":5,"gold_loss":0},{"damage_healed":0,"gold_gain":150,"player_choice":"AGREE","damage_taken":0,"max_hp_gain":0,"max_hp_loss":0,"event_name":"Liars Game","floor":7,"gold_loss":0,"cards_obtained":["Doubt"]},{"damage_healed":0,"gold_gain":0,"player_choice":"Upgraded","damage_taken":0,"max_hp_gain":0,"max_hp_loss":0,"event_name":"Upgrade Shrine","floor":12,"gold_loss":0,"cards_upgraded":["Armaments"]},{"damage_healed":0,"gold_gain":50,"player_choice":"Stole From Cult","damage_taken":0,"max_hp_gain":0,"max_hp_loss":0,"event_name":"Nest","floor":19,"gold_loss":0}],"is_beta":false,"boss_relics":[{"not_picked":["Fusion Hammer","Velvet Choker"],"picked":"Astrolabe"}],"items_purged_floors":[20],"is_endless":false,"potions_floor_spawned":[1,10],"killed_by":"Slavers","ascension_level":16}