{"gold_per_floor":[113,188,188,202,222,249,249,275,301,301,320,320,320,28,28,131,131,142,242,252,19,32,32,67,67,143,171,171,189,216,232,232,327,377,392,392,392,412,42,42,70,83,83,83,183,211,238,270,270,270],"floor_reached":50,"playtime":2862,"items_purged":["Strike_B","Defend_B"],"score":1041,"play_id":"b31ed7dd-6151-41ec-814a-d577796bd91b","local_time":"20190907095537","is_ascension_mode":true,"campfire_choices":[{"floor":7.0,"key":"REST"},{"floor":10.0,"key":"REST"},{"floor":13.0,"key":"REST"},{"data":"Redo","floor":15.0,"key":"SMITH"},{"floor":23.0,"key":"REST"},{"data":"Dualcast","floor":28.0,"key":"SMITH"},{"floor":32.0,"key":"REST"},{"data":"Apotheosis","floor":40.0,"key":"SMITH"},{"floor":44.0,"key":"RECALL"},{"floor":49,"key":"REST"}],"neow_cost":"NONE","seed_source_timestamp":1823432350014300,"circlet_count":0,"master_deck":["AscendersBane","Strike_B","Strike_B","Defend_B","Defend_B","Defend_B","Zap+1","Dualcast+1","Steam","Redo+1","FTL","Rainbow","Gash","All For One","Finesse","All For One","Beam Cell","Gash","Steam","Conserve Battery","Ball Lightning","Gash+1","Gash","Violence+1","FTL","Seek","Scrape+1","Streamline","Chill+1","Beam Cell","Seek","Gash","Madness","Madness","Apotheosis+1","Go for the Eyes","Gash+1","Gash+1"],"special_seed":0,"relics":["Cracked Core","Pen Nib","Centennial Puzzle","Smiling Mask","Orrery","Blue Candle","Frozen Egg 2","Meat on the Bone","Bag of Preparation","Symbiotic Virus","Tiny House","Bronze Scales","Juzu Bracelet","Question Card","Peace Pipe","Boot","DataDisk","Ice Cream"],"potions_floor_usage":[48],"damage_taken":[{"damage":4.0,"enemies":"Jaw Worm","floor":1.0,"turns":4.0},{"damage":0.0,"enemies":"Small Slimes","floor":4.0,"turns":2.0},{"damage":0.0,"enemies":"Cultist","floor":5.0,"turns":3.0},{"damage":32.0,"enemies":"Gremlin Nob","floor":6.0,"turns":4.0},{"damage":33.0,"enemies":"3 Sentries","floor":8.0,"turns":8.0},{"damage":10.0,"enemies":"3 Louse","floor":11.0,"turns":3.0},{"damage":15.0,"enemies":"The Guardian","floor":16.0,"turns":9.0},{"damage":12.0,"enemies":"3 Byrds","floor":18.0,"turns":4.0},{"damage":11.0,"enemies":"2 Thieves","floor":20.0,"turns":2.0},{"damage":9.0,"enemies":"Snecko","floor":22.0,"turns":4.0},{"damage":8.0,"enemies":"Book of Stabbing","floor":24.0,"turns":3.0},{"damage":29.0,"enemies":"Slavers","floor":27.0,"turns":3.0},{"damage":0.0,"enemies":"3 Cultists","floor":29.0,"turns":3.0},{"damage":0.0,"enemies":"Book of Stabbing","floor":30.0,"turns":2.0},{"damage":15.0,"enemies":"Shelled Parasite and Fungi","floor":31.0,"turns":3.0},{"damage":12.0,"enemies":"Collector","floor":33.0,"turns":4.0},{"damage":0.0,"enemies":"3 Shapes","floor":35.0,"turns":2.0},{"damage":8.0,"enemies":"3 Darklings","floor":38.0,"turns":4.0},{"damage":2.0,"enemies":"Giant Head","floor":41.0,"turns":5.0},{"damage":0.0,"enemies":"Sphere and 2 Shapes","floor":42.0,"turns":3.0},{"damage":12.0,"enemies":"Mind Bloom Boss Battle","floor":45.0,"turns":4.0},{"damage":19.0,"enemies":"Nemesis","floor":46.0,"turns":3.0},{"damage":1,"enemies":"Reptomancer","floor":48,"turns":2},{"damage":83,"enemies":"Time Eater","floor":50,"turns":5}],"seed_played":"318365207672134737","potions_obtained":[{"floor":1.0,"key":"SteroidPotion"},{"floor":6.0,"key":"Energy Potion"},{"floor":20.0,"key":"Dexterity Potion"},{"floor":22.0,"key":"SkillPotion"},{"floor":31.0,"key":"Swift Potion"},{"floor":33.0,"key":"SpeedPotion"},{"floor":34.0,"key":"Swift Potion"},{"floor":42.0,"key":"Strength Potion"},{"floor":45.0,"key":"Poison Potion"}],"is_trial":false,"path_per_floor":["M","?","?","M","M","E","R","E","T","R","M","?","R","$","R","B",null,"M","?","M","$","M","R","E","?","T","E","R","M","E","M","R","B",null,"M","?","?","M","$","R","E","M","T","R","?","E","T","E","R","B"],"character_chosen":"DEFECT","items_purchased":["All For One","Finesse","Violence","FTL","Go for the Eyes","Bronze Scales","Juzu Bracelet"],"campfire_rested":6,"item_purchase_floors":[14,14,21,21,39,39,39],"current_hp_per_floor":[71,60,60,60,60,28,52,19,19,43,33,33,57,57,57,42,72,60,60,49,49,40,64,56,56,56,39,39,51,51,48,72,60,82,82,71,71,63,63,63,61,61,61,61,49,42,42,53,79,0],"gold":270,"neow_bonus":"TEN_PERCENT_HP_BONUS","is_prod":false,"is_daily":false,"chose_seed":false,"campfire_upgraded":3,"win_rate":0,"timestamp":1567875337,"path_taken":["M","?","?","?","M","E","R","E","T","R","M","?","R","$","R","BOSS","M","?","M","$","?","R","E","?","T","E","R","M","E","M","R","BOSS","M","?","?","M","$","R","E","M","T","R","?","E","?","E","R","BOSS"],"build_version":"2019-07-17","purchased_purges":2,"victory":false,"max_hp_per_floor":[82,82,82,82,82,82,82,82,82,82,82,82,82,82,82,82,82,82,82,82,82,82,82,82,82,82,82,82,82,82,82,82,82,87,87,87,87,87,87,87,87,87,87,87,87,87,87,87,87,87],"card_choices":[{"not_picked":["Skim","Compile Driver"],"picked":"Steam","floor":1.0},{"not_picked":["Gash","Coolheaded"],"picked":"Redo","floor":4.0},{"not_picked":["Turbo","Sweeping Beam"],"picked":"FTL","floor":5.0},{"not_picked":["Ball Lightning","Compile Driver"],"picked":"Rainbow","floor":6.0},{"not_picked":["Thunder Strike","Sunder","Turbo"],"picked":"SKIP","floor":8.0},{"not_picked":["Steam","Hologram"],"picked":"Gash","floor":11.0},{"not_picked":["Creative AI","Thunder Strike"],"picked":"All For One","floor":16.0},{"not_picked":["Reprogram","Stack"],"picked":"Beam Cell","floor":17.0},{"not_picked":["Redo","Cold Snap"],"picked":"Gash","floor":17.0},{"not_picked":["Self Repair","Meteor Strike"],"picked":"Steam","floor":17.0},{"not_picked":["Heatsinks","Glacier"],"picked":"Conserve Battery","floor":17.0},{"not_picked":["Heatsinks","Aggregate"],"picked":"Ball Lightning","floor":17.0},{"not_picked":["Stack","Cold Snap+1"],"picked":"Gash+1","floor":18.0},{"not_picked":["Turbo","Compile Driver"],"picked":"Gash","floor":20.0},{"not_picked":["Cold Snap","Redo","Barrage"],"picked":"SKIP","floor":22.0},{"not_picked":["Glacier","Compile Driver"],"picked":"Seek","floor":24.0},{"not_picked":["Genetic Algorithm","Electrodynamics+1"],"picked":"Scrape+1","floor":27.0},{"not_picked":["Cold Snap","Stack"],"picked":"Streamline","floor":29.0},{"not_picked":["Glacier","Rebound"],"picked":"Chill+1","floor":30.0},{"not_picked":["Stack","Chaos+1"],"picked":"Beam Cell","floor":31.0},{"not_picked":["Hyperbeam","Core Surge"],"picked":"Seek","floor":33.0},{"not_picked":["Hello World+1","Undo+1"],"picked":"Gash","floor":35.0},{"not_picked":["Discovery","Forethought"],"picked":"Apotheosis","floor":37.0},{"not_picked":["Beam Cell","Cold Snap","Double Energy+1"],"picked":"SKIP","floor":38.0},{"not_picked":["Genetic Algorithm+1","Cold Snap+1"],"picked":"Gash+1","floor":41.0},{"not_picked":["Turbo","Self Repair+1","Hello World+1"],"picked":"Gash+1","floor":42.0},{"not_picked":["Turbo","Stack+1","Go for the Eyes","Leap+1"],"picked":"SKIP","floor":46.0},{"not_picked":["Thunder Strike","Self Repair+1","Force Field+1","Rebound"],"picked":"SKIP","floor":48}],"player_experience":281208,"relics_obtained":[{"floor":6.0,"key":"Pen Nib"},{"floor":8.0,"key":"Centennial Puzzle"},{"floor":9.0,"key":"Smiling Mask"},{"floor":24.0,"key":"Blue Candle"},{"floor":26.0,"key":"Meat on the Bone"},{"floor":27.0,"key":"Bag of Preparation"},{"floor":30.0,"key":"Symbiotic Virus"},{"floor":41.0,"key":"Question Card"},{"floor":45.0,"key":"Peace Pipe"},{"floor":46.0,"key":"Boot"},{"floor":47.0,"key":"DataDisk"},{"floor":48,"key":"Ice Cream"}],"event_choices":[{"damage_healed":0.0,"max_hp_gain":0.0,"max_hp_loss":0.0,"gold_gain":75.0,"event_name":"World of Goop","player_choice":"Gather Gold","floor":2.0,"gold_loss":0.0,"damage_taken":11.0},{"damage_healed":0.0,"max_hp_gain":0.0,"max_hp_loss":0.0,"gold_gain":0.0,"event_name":"Upgrade Shrine","player_choice":"Upgraded","floor":3.0,"gold_loss":0.0,"damage_taken":0.0,"cards_upgraded":["Zap"]},{"cards_removed":["Strike_B"],"damage_healed":0.0,"max_hp_gain":0.0,"max_hp_loss":0.0,"gold_gain":0.0,"event_name":"Bonfire Elementals","player_choice":"Offered Basic","floor":12.0,"gold_loss":0.0,"damage_taken":0.0},{"damage_healed":0.0,"max_hp_gain":0.0,"max_hp_loss":0.0,"gold_gain":100.0,"event_name":"Golden Shrine","player_choice":"Pray","floor":19.0,"gold_loss":0.0,"damage_taken":0.0},{"damage_healed":0.0,"max_hp_gain":0.0,"max_hp_loss":0.0,"gold_gain":0.0,"event_name":"The Mausoleum","player_choice":"Opened","floor":25.0,"gold_loss":0.0,"damage_taken":0.0,"relics_obtained":["Frozen Egg 2"]},{"damage_healed":0.0,"max_hp_gain":0.0,"max_hp_loss":0.0,"gold_gain":0.0,"event_name":"Winding Halls","player_choice":"Embrace Madness","floor":36.0,"gold_loss":0.0,"damage_taken":11.0,"cards_obtained":["Madness","Madness"]},{"damage_healed":0.0,"max_hp_gain":0.0,"max_hp_loss":0.0,"gold_gain":0.0,"event_name":"SensoryStone","player_choice":"Memory 1","floor":37.0,"gold_loss":0.0,"damage_taken":0.0},{"damage_healed":0.0,"max_hp_gain":0.0,"max_hp_loss":0.0,"gold_gain":0.0,"event_name":"MindBloom","player_choice":"Fight","floor":45.0,"gold_loss":0.0,"damage_taken":0.0}],"is_beta":false,"boss_relics":[{"not_picked":["White Beast Statue","FrozenCore"],"picked":"Orrery"},{"not_picked":["Pandora\u0027s Box","Runic Dome"],"picked":"Tiny House"}],"items_purged_floors":[14,39],"is_endless":false,"potions_floor_spawned":[1,6,20,22,31,33,42,45],"killed_by":"Time Eater","ascension_level":10}