{"gold_per_floor":[115,115,115,40,56,81,0,0,74,74,86,116,129,229,229,229],"floor_reached":16,"playtime":1095,"items_purged":["Strike_R"],"score":110,"play_id":"4ed83fb8-ca84-4807-aca3-80ae9cca909b","local_time":"20190122205845","is_ascension_mode":false,"campfire_choices":[{"data":"Whirlwind","floor":10,"key":"SMITH"},{"floor":15,"key":"REST"}],"neow_cost":"NONE","seed_source_timestamp":25231655443122,"circlet_count":0,"master_deck":["Strike_R","Strike_R","Strike_R+1","Strike_R","Defend_R","Defend_R","Defend_R","Bash+1","Whirlwind+1","Limit Break"],"relics":["Burning Blood","Art of War","Sundial","Dodecahedron"],"potions_floor_usage":[5,8,13],"damage_taken":[{"damage":1,"enemies":"Jaw Worm","floor":1,"turns":6},{"damage":0,"enemies":"2 Louse","floor":5,"turns":4},{"damage":38,"enemies":"3 Sentries","floor":6,"turns":10},{"damage":0,"enemies":"Cultist","floor":8,"turns":2},{"damage":0,"enemies":"Large Slime","floor":11,"turns":3},{"damage":36,"enemies":"Lagavulin","floor":12,"turns":5},{"damage":8,"enemies":"Exordium Thugs","floor":13,"turns":5},{"damage":43,"enemies":"Hexaghost","floor":16,"turns":9}],"seed_played":"-2180643857965844361","potions_obtained":[{"floor":1,"key":"Weak Potion"},{"floor":6,"key":"AttackPotion"},{"floor":12,"key":"PowerPotion"},{"floor":13,"key":"Dexterity Potion"}],"is_trial":false,"path_per_floor":["M","?","?","$","M","E","$","M","T","R","M","E","M","?","R","B"],"character_chosen":"IRONCLAD","items_purchased":["Whirlwind"],"campfire_rested":1,"item_purchase_floors":[7],"current_hp_per_floor":[88,81,63,63,69,37,37,43,43,43,49,19,17,17,43,0],"gold":229,"neow_bonus":"TEN_PERCENT_HP_BONUS","is_prod":false,"is_daily":false,"chose_seed":false,"campfire_upgraded":1,"win_rate":0,"timestamp":1548187125,"path_taken":["M","?","?","$","M","E","$","M","T","R","M","E","M","?","R","BOSS"],"build_version":"2019-01-17v2","purchased_purges":1,"victory":false,"max_hp_per_floor":[88,88,88,88,88,88,88,88,88,88,88,88,88,88,88,88],"card_choices":[{"not_picked":["Heavy Blade","Disarm","Anger"],"picked":"SKIP","floor":1},{"not_picked":["Warcry","Iron Wave","Flex"],"picked":"SKIP","floor":5},{"not_picked":["Heavy Blade","Feel No Pain","Shrug It Off"],"picked":"SKIP","floor":6},{"not_picked":["Dropkick","Warcry"],"picked":"Limit Break","floor":8},{"not_picked":["Clothesline","Anger","Rupture"],"picked":"SKIP","floor":11},{"not_picked":["Twin Strike","Heavy Blade","Wild Strike"],"picked":"SKIP","floor":12},{"not_picked":["Headbutt","Rupture","Intimidate"],"picked":"SKIP","floor":13}],"player_experience":575025,"relics_obtained":[{"floor":6,"key":"Art of War"},{"floor":9,"key":"Sundial"},{"floor":12,"key":"Dodecahedron"}],"event_choices":[{"cards_removed":["Defend_R"],"damage_healed":0,"gold_gain":0,"player_choice":"Card Removal","damage_taken":7,"max_hp_gain":0,"max_hp_loss":0,"event_name":"Golden Wing","floor":2,"gold_loss":0},{"damage_healed":0,"gold_gain":0,"player_choice":"Entered Light","damage_taken":18,"max_hp_gain":0,"max_hp_loss":0,"event_name":"Shining Light","floor":3,"gold_loss":0,"cards_upgraded":["Strike_R","Bash"]},{"damage_healed":0,"gold_gain":100,"player_choice":"Pray","damage_taken":0,"max_hp_gain":0,"max_hp_loss":0,"event_name":"Golden Shrine","floor":14,"gold_loss":0}],"is_beta":false,"boss_relics":[],"items_purged_floors":[4],"is_endless":false,"potions_floor_spawned":[1,6,12,13],"killed_by":"Hexaghost","ascension_level":0}