{"gold_per_floor":[114,132,182,182,196,221,221,236,259,276,276,276,297,8,8,8],"floor_reached":16,"playtime":1441,"items_purged":["Defend_R"],"score":107,"play_id":"23c1f742-2298-461d-8ebe-5d2424e07403","local_time":"20190812102546","is_ascension_mode":true,"campfire_choices":[{"floor":7,"key":"REST"},{"floor":15,"key":"REST"}],"neow_cost":"NONE","seed_source_timestamp":1094286308808727,"circlet_count":0,"master_deck":["Strike_R","Strike_R","Strike_R","Defend_R","Defend_R","Defend_R","Bash","Burning Pact","Armaments","True Grit","Havoc","Intimidate","Exhume","Entrench"],"relics":["Runic Dome","Anchor","Smiling Mask","Art of War","Golden Idol","Pantograph"],"potions_floor_usage":[],"damage_taken":[{"damage":0,"enemies":"Cultist","floor":1,"turns":3},{"damage":0,"enemies":"2 Louse","floor":2,"turns":3},{"damage":0,"enemies":"Small Slimes","floor":5,"turns":3},{"damage":29,"enemies":"3 Sentries","floor":6,"turns":11},{"damage":22,"enemies":"Exordium Thugs","floor":8,"turns":10},{"damage":0,"enemies":"3 Louse","floor":10,"turns":6},{"damage":1,"enemies":"Large Slime","floor":13,"turns":12},{"damage":76,"enemies":"Slime Boss","floor":16,"turns":17}],"seed_played":"-1467320484067119823","potions_obtained":[{"floor":1,"key":"Dexterity Potion"},{"floor":2,"key":"Dexterity Potion"},{"floor":8,"key":"SteroidPotion"}],"is_trial":false,"path_per_floor":["M","M","T","?","M","E","R","M","T","M","?","?","M","$","R","B"],"character_chosen":"IRONCLAD","items_purchased":["Pantograph"],"campfire_rested":2,"item_purchase_floors":[14],"current_hp_per_floor":[80,80,80,80,80,51,75,53,53,53,46,26,25,25,49,0],"gold":8,"neow_bonus":"BOSS_RELIC","is_prod":false,"is_daily":false,"chose_seed":false,"campfire_upgraded":0,"win_rate":0,"timestamp":1565623546,"path_taken":["M","M","?","?","?","E","R","M","T","M","?","?","M","$","R","BOSS"],"build_version":"2019-07-17","purchased_purges":1,"victory":false,"max_hp_per_floor":[80,80,80,80,80,80,80,80,80,80,80,80,80,80,80,80],"card_choices":[{"not_picked":["Twin Strike","Seeing Red"],"picked":"Burning Pact","floor":1},{"not_picked":["Power Through","Carnage"],"picked":"Armaments","floor":2},{"not_picked":["Flex","Cleave"],"picked":"True Grit","floor":5},{"not_picked":["Headbutt","True Grit"],"picked":"Havoc","floor":6},{"not_picked":["Sword Boomerang","Anger"],"picked":"Intimidate","floor":8},{"not_picked":["Heavy Blade","Flex"],"picked":"Exhume","floor":10},{"not_picked":["Headbutt","Inflame"],"picked":"Entrench","floor":13}],"player_experience":148848,"relics_obtained":[{"floor":3,"key":"Anchor"},{"floor":6,"key":"Smiling Mask"},{"floor":9,"key":"Art of War"}],"event_choices":[{"cards_removed":["Strike_R"],"damage_healed":0,"gold_gain":0,"player_choice":"Purged","damage_taken":0,"max_hp_gain":0,"max_hp_loss":0,"event_name":"Purifier","floor":4,"gold_loss":0},{"cards_removed":["Strike_R"],"damage_healed":0,"gold_gain":0,"player_choice":"Card Removal","damage_taken":7,"max_hp_gain":0,"max_hp_loss":0,"event_name":"Golden Wing","floor":11,"gold_loss":0},{"damage_healed":0,"gold_gain":0,"player_choice":"Take Damage","damage_taken":20,"relics_obtained":["Golden Idol"],"max_hp_gain":0,"max_hp_loss":0,"event_name":"Golden Idol","floor":12,"gold_loss":0}],"is_beta":false,"boss_relics":[],"items_purged_floors":[14],"is_endless":false,"potions_floor_spawned":[1,2,8],"killed_by":"Slime Boss","ascension_level":1}