{"path_per_floor":["M","M","M","M","M","R","?","M","T","?","M","R","E","M","R","B",null,"M","M","$","M","M","R"],"character_chosen":"THE_SILENT","items_purchased":["Tough Bandages","Bronze Scales","Die Die Die","Blade Dance"],"gold_per_floor":[111,131,148,159,173,173,173,186,260,260,276,276,307,324,324,423,723,734,752,90,100,113,113],"floor_reached":24,"campfire_rested":4,"playtime":2699,"current_hp_per_floor":[63,56,51,51,31,52,38,33,33,33,27,48,28,28,49,26,70,62,43,43,25,10,31],"items_purged":["Decay"],"gold":113,"score":204,"play_id":"806553d8-8a83-4887-baa9-03a0b2255e0b","is_prod":false,"is_daily":false,"is_ascension_mode":false,"campfire_upgraded":0,"path_taken":["M","M","M","M","M","R","?","M","T","?","M","R","E","?","R","BOSS","M","M","$","M","M","R","E"],"build_version":"2018-02-12-PROD1","purchased_purges":1,"victory":false,"master_deck":["Defend_G","Defend_G","Defend_G","Defend_G","Defend_G+1","Strike_G","Strike_G","Strike_G","Strike_G","Strike_G","Survivor","Neutralize","Tools of the Trade","Backflip","Predator+1","Underhanded Strike","Expertise","Finisher","Tactician","Choke","Deflect","Slice","Adrenaline","Writhe","Clumsy","Terror","Finisher+1","Die Die Die","Blade Dance","Cloak And Dagger","Quick Slash"],"max_hp_per_floor":[70,70,70,70,70,70,70,70,70,70,70,70,70,70,70,70,70,70,70,70,70,70,70],"relics":["Question Card","Gremlin Horn","Letter Opener","Calling Bell","Old Coin","Happy Flower","Thread and Needle","Tough Bandages","Bronze Scales"],"card_choices":[{"not_picked":["Deflect","Slice","Outmaneuver"],"picked":"Tools of the Trade"},{"not_picked":["Poisoned Stab","Prepared","Deadly Poison"],"picked":"Backflip"},{"not_picked":["Acrobatics","PiercingWail","A Thousand Cuts"],"picked":"Predator"},{"not_picked":["Sucker Punch","Leg Sweep","Deadly Poison"],"picked":"Underhanded Strike"},{"not_picked":["Deadly Poison","Well Laid Plans","Footwork"],"picked":"Expertise"},{"not_picked":["Quick Slash","Distraction","Dagger Spray"],"picked":"Finisher"},{"not_picked":["Bane","Caltrops","Blade Dance"],"picked":"Choke"},{"not_picked":["Underhanded Strike","PiercingWail","Poisoned Stab"],"picked":"Deflect"},{"not_picked":["Poisoned Stab","Corpse Explosion","Caltrops"],"picked":"Slice"},{"not_picked":["Unload","Die Die Die","Night Terror"],"picked":"Adrenaline"},{"not_picked":["Well Laid Plans","Leg Sweep","Dodge and Roll"],"picked":"Terror"},{"not_picked":["Bane","Bouncing Flask","Dagger Spray"],"picked":"Finisher"},{"not_picked":["Endless Agony","Underhanded Strike","Eviscerate"],"picked":"Cloak And Dagger"},{"not_picked":["Accuracy","Expertise","Deflect"],"picked":"Quick Slash"}],"player_experience":82717,"potions_floor_usage":[4,5,13,16,22,24],"damage_taken":[{"damage":7,"enemies":"2 Louse","floor":1,"turns":3},{"damage":7,"enemies":"Small Slimes","floor":2,"turns":4},{"damage":5,"enemies":"Blue Slaver","floor":3,"turns":6},{"damage":0,"enemies":"Large Slime","floor":4,"turns":6},{"damage":20,"enemies":"Lots of Slimes","floor":5,"turns":6},{"damage":5,"enemies":"Looter","floor":8,"turns":4},{"damage":6,"enemies":"3 Louse","floor":11,"turns":3},{"damage":20,"enemies":"Gremlin Nob","floor":13,"turns":5},{"damage":0,"enemies":"2 Fungi Beasts","floor":14,"turns":4},{"damage":23,"enemies":"The Guardian","floor":16,"turns":11},{"damage":8,"enemies":"Spheric Guardian","floor":18,"turns":5},{"damage":19,"enemies":"Chosen","floor":19,"turns":6},{"damage":18,"enemies":"Centurion and Healer","floor":21,"turns":5},{"damage":15,"enemies":"Snake Plant","floor":22,"turns":3},{"damage":37,"enemies":"Gremlin Leader","floor":24,"turns":5}],"event_choices":[{"event_name":"Shining Light","player_choice":"Entered Light","floor":7,"damage_taken":0},{"event_name":"Match and Keep!","player_choice":"1 cards matched","floor":10,"damage_taken":0}],"boss_relics":[{"not_picked":["White Beast Statue","Ectoplasm"],"picked":"Calling Bell"}],"potions_floor_spawned":[2,3,5,13,21,22],"seed_played":"7272288220326143371","killed_by":"Gremlin Leader","ascension_level":0,"is_trial":false}