{"gold_per_floor":[14,28,46,46,61,61,86,86,136,136,146,158,178,189,189,294,294,311,236,236,148,248,248,222,222,222,242,121,139,139,151,151,151],"floor_reached":33,"playtime":2117,"items_purged":["Strike_B","Defend_B"],"score":241,"play_id":"2720d87c-351e-4176-8bd8-38bec013cc04","local_time":"20180820215335","is_ascension_mode":false,"campfire_choices":[{"data":"Streamline","floor":6,"key":"SMITH"},{"floor":8,"key":"REST"},{"data":"Zap","floor":10,"key":"SMITH"},{"floor":15,"key":"REST"},{"data":"Genetic Algorithm","floor":23,"key":"SMITH"},{"data":"Fission","floor":25,"key":"SMITH"},{"floor":30,"key":"REST"},{"data":"Storm","floor":32,"key":"SMITH"}],"neow_cost":"NO_GOLD","seed_source_timestamp":14015237229776,"circlet_count":0,"master_deck":["Strike_B","Strike_B","Strike_B","Defend_B","Defend_B","Defend_B","Zap+1","Dualcast","Fission+1","Streamline+1","Genetic Algorithm+1","Glacier","Meteor Strike","Barrage+1","Turbo","Self Repair","Storm+1","Storm+1"],"relics":["Cracked Core","Odd Mushroom","DataDisk","Busted Crown","MawBank","Matryoshka"],"potions_floor_usage":[2,12,14,16,24],"damage_taken":[{"damage":7,"enemies":"Jaw Worm","floor":1,"turns":4},{"damage":7,"enemies":"Small Slimes","floor":2,"turns":3},{"damage":0,"enemies":"Cultist","floor":3,"turns":3},{"damage":19,"enemies":"Lots of Slimes","floor":5,"turns":4},{"damage":16,"floor":7,"turns":4},{"damage":5,"enemies":"Looter","floor":11,"turns":2},{"damage":11,"enemies":"3 Louse","floor":12,"turns":3},{"damage":12,"enemies":"Lots of Slimes","floor":13,"turns":3},{"damage":9,"enemies":"Blue Slaver","floor":14,"turns":2},{"damage":27,"enemies":"The Guardian","floor":16,"turns":12},{"damage":10,"enemies":"Chosen","floor":18,"turns":5},{"damage":9,"enemies":"2 Thieves","floor":24,"turns":5},{"damage":7,"enemies":"Centurion and Healer","floor":27,"turns":6},{"damage":20,"enemies":"Sentry and Sphere","floor":29,"turns":5},{"damage":21,"enemies":"Snake Plant","floor":31,"turns":3},{"damage":50,"enemies":"Collector","floor":33,"turns":5}],"seed_played":"-8232091534347122840","potions_obtained":[{"floor":1,"key":"Weak Potion"},{"floor":5,"key":"Strength Potion"},{"floor":13,"key":"Swift Potion"},{"floor":14,"key":"LiquidBronze"},{"floor":18,"key":"LiquidBronze"}],"is_trial":false,"path_per_floor":["M","M","M","$","M","R","?","R","T","R","M","M","M","M","R","B",null,"M","$","?","$","?","R","M","R","T","M","$","M","R","M","R"],"character_chosen":"DEFECT","items_purchased":["Turbo","Self Repair"],"campfire_rested":3,"item_purchase_floors":[28,28],"current_hp_per_floor":[68,61,61,61,42,42,26,48,48,48,43,32,20,11,33,6,75,65,65,65,65,65,65,56,56,56,49,49,36,58,44,44,0],"gold":151,"neow_bonus":"THREE_RARE_CARDS","is_prod":false,"is_daily":false,"chose_seed":false,"campfire_upgraded":5,"win_rate":0,"timestamp":1534794815,"path_taken":["M","M","M","$","M","R","?","R","T","R","M","?","M","?","R","BOSS","M","$","?","$","?","R","M","R","T","M","$","M","R","M","R","BOSS"],"build_version":"2018-08-16","purchased_purges":2,"victory":false,"max_hp_per_floor":[75,75,75,75,75,75,75,75,75,75,75,75,75,75,75,75,75,75,75,75,75,75,75,75,75,75,75,75,75,75,75,75,75],"card_choices":[{"not_picked":["Buffer","Multi-Cast"],"picked":"Fission","floor":0},{"not_picked":["Static Discharge","Compile Driver"],"picked":"Streamline","floor":1},{"not_picked":["Static Discharge","Gash","Conserve Battery"],"picked":"SKIP","floor":2},{"not_picked":["Go for the Eyes","Coolheaded","Ball Lightning"],"picked":"SKIP","floor":3},{"not_picked":["Loop","Cold Snap","Hologram"],"picked":"SKIP","floor":5},{"not_picked":["Redo","Coolheaded","Hello World"],"picked":"SKIP","floor":11},{"not_picked":["Barrage","Steam"],"picked":"Genetic Algorithm","floor":12},{"not_picked":["Coolheaded","Steam","Lockon"],"picked":"SKIP","floor":13},{"not_picked":["Rebound","Reprogram"],"picked":"Glacier","floor":14},{"not_picked":["Core Surge","Biased Cognition"],"picked":"Meteor Strike","floor":16},{"not_picked":["Conserve Battery+1"],"picked":"SKIP","floor":18},{"not_picked":["Coolheaded"],"picked":"SKIP","floor":24},{"not_picked":["Coolheaded"],"picked":"SKIP","floor":24},{"not_picked":[],"picked":"Barrage+1","floor":27},{"not_picked":[],"picked":"Storm","floor":29},{"not_picked":[],"picked":"Storm+1","floor":31}],"player_experience":507955,"relics_obtained":[{"floor":7,"key":"Odd Mushroom"},{"floor":9,"key":"DataDisk"},{"floor":26,"key":"Matryoshka"}],"event_choices":[{"event_name":"Mushrooms","player_choice":"Fought Mushrooms","floor":7,"damage_taken":0},{"event_name":"The Mausoleum","player_choice":"Yes","floor":20,"damage_taken":0},{"event_name":"Golden Shrine","player_choice":"Pray","floor":22,"damage_taken":0}],"is_beta":false,"boss_relics":[{"not_picked":["Snecko Eye","Fusion Hammer"],"picked":"Busted Crown"}],"items_purged_floors":[19,21],"is_endless":false,"potions_floor_spawned":[1,5,13,14,18],"killed_by":"Collector","ascension_level":0}