{"path_per_floor":["M","?","?","M","M","E","M","M","T","E","M","?","M","E","R","B",null,"M","$","M","?","M"],"character_chosen":"IRONCLAD","items_purchased":["Paper Frog"],"gold_per_floor":[114,114,114,127,139,164,176,189,189,223,234,258,272,301,301,404,404,415,95,115,385,405,405],"floor_reached":23,"campfire_rested":1,"playtime":1658,"current_hp_per_floor":[80,80,80,80,80,64,60,53,53,63,61,57,55,30,57,8,90,87,87,75,43,26,0],"items_purged":["Strike_R"],"gold":405,"score":215,"play_id":"cbfddc59-c539-4a44-b3ae-dccc4cdd3d2b","local_time":"20180430214950","is_prod":false,"is_daily":false,"chose_seed":false,"is_ascension_mode":false,"campfire_upgraded":0,"timestamp":1525117790,"path_taken":["M","?","?","?","M","E","M","M","T","E","M","?","M","E","R","BOSS","M","$","M","?","M","E"],"build_version":"2018-04-28v2","seed_source_timestamp":0,"purchased_purges":1,"victory":false,"master_deck":["Strike_R","Strike_R","Strike_R","Strike_R","Defend_R","Defend_R","Defend_R","Bash","Spot Weakness","Limit Break","Flex","Flex","Thunderclap+1","Fiend Fire+1","Dropkick+1","Twin Strike+1"],"max_hp_per_floor":[80,80,80,80,80,80,80,80,80,90,90,90,90,90,90,90,90,90,90,90,90,90,90],"relics":["Black Blood","NeowsBlessing","Bag of Marbles","Molten Egg 2","Pear","Odd Mushroom","Bottled Flame","Paper Frog"],"card_choices":[{"not_picked":["Intimidate","Warcry"],"picked":"Spot Weakness","floor":5.0},{"not_picked":["Anger","Intimidate"],"picked":"Limit Break","floor":6.0},{"not_picked":["Headbutt","Pommel Strike"],"picked":"Flex","floor":7.0},{"not_picked":["Shockwave","Wild Strike"],"picked":"Flex","floor":10.0},{"not_picked":["Pommel Strike","Pummel"],"picked":"Thunderclap","floor":14.0},{"not_picked":["Double Tap","Dark Embrace"],"picked":"Fiend Fire","floor":16.0},{"not_picked":["Clash","Headbutt"],"picked":"Dropkick","floor":18},{"not_picked":["Body Slam","Blood for Blood"],"picked":"Twin Strike","floor":22}],"player_experience":392232,"potions_floor_usage":[22,23],"damage_taken":[{"damage":0.0,"enemies":"Jaw Worm","floor":1.0,"turns":1.0},{"damage":0.0,"enemies":"2 Louse","floor":4.0,"turns":1.0},{"damage":0.0,"enemies":"Small Slimes","floor":5.0,"turns":1.0},{"damage":22.0,"enemies":"3 Sentries","floor":6.0,"turns":5.0},{"damage":10.0,"enemies":"Looter","floor":7.0,"turns":2.0},{"damage":13.0,"enemies":"Red Slaver","floor":8.0,"turns":2.0},{"damage":6.0,"enemies":"Gremlin Nob","floor":10.0,"turns":3.0},{"damage":8.0,"enemies":"2 Fungi Beasts","floor":11.0,"turns":3.0},{"damage":10.0,"enemies":"The Mushroom Lair","floor":12.0,"turns":3.0},{"damage":8.0,"enemies":"Gremlin Gang","floor":13.0,"turns":3.0},{"damage":31.0,"enemies":"Lagavulin","floor":14.0,"turns":6.0},{"damage":55.0,"enemies":"The Guardian","floor":16.0,"turns":9.0},{"damage":13,"enemies":"Chosen","floor":18,"turns":3},{"damage":22,"enemies":"Shell Parasite","floor":20,"turns":4},{"damage":27,"enemies":"Centurion and Healer","floor":22,"turns":6},{"damage":41,"enemies":"Book of Stabbing","floor":23,"turns":3}],"event_choices":[{"event_name":"Living Wall","player_choice":"Forget","floor":2.0,"damage_taken":0.0},{"event_name":"The Lab","player_choice":"Got Potions","floor":3.0,"damage_taken":0.0},{"event_name":"Mushrooms","player_choice":"Fought Mushrooms","floor":12.0,"damage_taken":0.0},{"event_name":"Knowing Skull","player_choice":"GOLD GOLD GOLD ","floor":21,"damage_taken":0}],"boss_relics":[{"not_picked":["Tiny House","Philosopher\u0027s Stone"],"picked":"Black Blood"}],"potions_floor_spawned":[5,7,8,10,14,18,22],"seed_played":"1338968909785586864","killed_by":"Book of Stabbing","ascension_level":0,"is_trial":false}