{"path_per_floor":["M","$","M","?","$","E","R","E","T","R","M","R","T","T","R","B",null,"M","M","?","?","?","E","R","?","T","R","?","$","M","M","R"],"character_chosen":"IRONCLAD","items_purchased":["Whirlwind"],"gold_per_floor":[110,40,59,59,59,91,91,119,165,165,178,178,204,249,249,348,348,364,379,379,379,379,408,408,408,463,463,463,388,403,413,413,413],"floor_reached":33,"campfire_rested":1,"playtime":1354,"current_hp_per_floor":[80,80,80,80,80,50,50,56,56,56,54,54,54,54,54,12,80,80,71,71,71,71,47,47,32,32,32,32,32,15,9,49,0],"items_purged":["Strike_R"],"gold":413,"score":338,"play_id":"3fa76779-1bd4-440c-bf84-4fa075af3350","local_time":"20180405161709","is_prod":false,"is_daily":false,"is_ascension_mode":true,"campfire_upgraded":6,"timestamp":1522937829,"path_taken":["M","$","M","?","$","E","R","E","T","R","M","R","?","?","R","BOSS","M","M","?","?","?","E","R","?","T","R","?","?","M","M","R","BOSS"],"build_version":"2018-03-29v2","purchased_purges":1,"victory":false,"master_deck":["Strike_R","Strike_R","Strike_R","Defend_R","Defend_R","Defend_R","Bash+1","Heavy Blade+1","Whirlwind+1","Seeing Red+1","Demon Form+1","Berserk+1","Limit Break","Flex+1"],"max_hp_per_floor":[80,80,80,80,80,80,80,80,80,80,80,80,80,80,80,80,80,80,80,80,80,80,80,80,85,85,85,85,85,85,85,85,85],"relics":["Burning Blood","Juzu Bracelet","Molten Egg 2","Vajra","Bag of Marbles","Regal Pillow","Runic Dome","Orichalcum","Dream Catcher"],"card_choices":[{"not_picked":["Body Slam","Sever Soul"],"picked":"Heavy Blade","floor":1},{"not_picked":["Infernal Blade","Metallicize"],"picked":"Seeing Red","floor":6},{"not_picked":["True Grit","Intimidate"],"picked":"Demon Form","floor":8},{"not_picked":["Demon Form","Juggernaut"],"picked":"Berserk","floor":16},{"not_picked":["Havoc","Second Wind"],"picked":"Limit Break","floor":30},{"not_picked":["Shrug It Off","Havoc"],"picked":"Flex","floor":32}],"player_experience":311002,"potions_floor_usage":[8,16,18,23,30,31],"damage_taken":[{"damage":3,"enemies":"Jaw Worm","floor":1,"turns":5},{"damage":6,"enemies":"Cultist","floor":3,"turns":3},{"damage":36,"enemies":"3 Sentries","floor":6,"turns":5},{"damage":0,"enemies":"Gremlin Nob","floor":8,"turns":2},{"damage":8,"enemies":"Small Slimes","floor":11,"turns":4},{"damage":48,"enemies":"The Guardian","floor":16,"turns":8},{"damage":6,"enemies":"2 Thieves","floor":18,"turns":2},{"damage":15,"enemies":"Chosen","floor":19,"turns":4},{"damage":30,"enemies":"Gremlin Leader","floor":23,"turns":4},{"damage":23,"enemies":"Centurion and Healer","floor":30,"turns":4},{"damage":12,"enemies":"Chosen and Byrds","floor":31,"turns":4},{"damage":59,"enemies":"Collector","floor":33,"turns":5}],"event_choices":[{"event_name":"Wheel of Change","player_choice":"Full Heal","floor":4,"damage_taken":0},{"event_name":"Wheel of Change","player_choice":"Curse","floor":20,"damage_taken":0},{"event_name":"Drug Dealer","player_choice":"Ignored","floor":21,"damage_taken":0},{"event_name":"Back to Basics","player_choice":"Elegance","floor":22,"damage_taken":0},{"event_name":"Forgotten Altar","player_choice":"Shed Blood","floor":25,"damage_taken":0},{"event_name":"Bonfire Elementals","player_choice":"BASIC","floor":28,"damage_taken":0}],"boss_relics":[{"not_picked":["Pandora\u0027s Box","Eternal Feather"],"picked":"Runic Dome"}],"potions_floor_spawned":[6,11,16,18,19,23],"seed_played":"2007525481444948429","killed_by":"Collector","ascension_level":3,"is_trial":false}