{"path_per_floor":["M","?","M","$","M","R","M","M","T","?","E","R","?","?","R","B",null,"M","?","M","M","M","R","M","E","T","R"],"character_chosen":"IRONCLAD","items_purchased":["Rampage"],"gold_per_floor":[109,109,126,17,32,32,49,61,61,61,94,94,94,124,124,226,226,245,245,264,282,296,296,312,337,386,386],"floor_reached":28,"campfire_rested":1,"playtime":1724,"current_hp_per_floor":[79,79,80,80,79,79,65,59,59,59,56,56,56,49,49,42,80,78,78,69,69,51,51,39,16,16,40],"items_purged":["Normality"],"gold":386,"score":240,"play_id":"1fd99b9f-bf7b-4067-ae64-88a9028258d7","is_prod":false,"is_daily":false,"is_ascension_mode":false,"campfire_upgraded":1,"path_taken":["M","?","?","$","M","R","M","M","T","?","E","R","?","?","R","BOSS","M","?","M","?","M","R","M","E","T","R","E"],"build_version":"2018-02-15-PROD1","purchased_purges":1,"victory":false,"master_deck":["Strike_R","Strike_R","Strike_R","Strike_R","Strike_R","Defend_R","Defend_R","Bash","Shockwave+1","Cleave","Rampage+1","Thunderclap","Warcry","Spot Weakness","Offering","Offering","Inflame+1","Pommel Strike","Metallicize","Perfected Strike","Armaments+1","Warcry+1"],"max_hp_per_floor":[80,80,80,80,80,80,80,80,80,80,80,80,80,80,80,80,80,80,80,80,80,80,80,80,80,80,80],"relics":["Burning Blood","Champion Belt","Girya","Bag of Preparation","Tiny Chest","Black Star","Art of War","Orichalcum","Juzu Bracelet"],"card_choices":[{"not_picked":["Cleave","Clash"],"picked":"Shockwave"},{"not_picked":["Seeing Red","Intimidate"],"picked":"Cleave"},{"not_picked":["Cleave","Rage"],"picked":"Thunderclap"},{"not_picked":["Reckless Charge","Flex"],"picked":"Warcry"},{"not_picked":["Juggernaut","Inflame"],"picked":"Spot Weakness"},{"not_picked":["Corruption","Flame Barrier"],"picked":"Offering"},{"not_picked":["Immolate","Fiend Fire"],"picked":"Offering"},{"not_picked":["Twin Strike","Headbutt"],"picked":"Inflame"},{"not_picked":["Warcry","Shrug It Off"],"picked":"Pommel Strike"},{"not_picked":["Thunderclap","Reckless Charge"],"picked":"Metallicize"},{"not_picked":["Seeing Red","Evolve"],"picked":"Perfected Strike"},{"not_picked":["Perfected Strike","Metallicize"],"picked":"Armaments"},{"not_picked":["Body Slam","Berserk"],"picked":"Warcry"}],"player_experience":145907,"potions_floor_usage":[8,11,20,21,21],"damage_taken":[{"damage":7,"enemies":"Small Slimes","floor":1,"turns":3},{"damage":4,"enemies":"Cultist","floor":3,"turns":3},{"damage":7,"enemies":"2 Louse","floor":5,"turns":2},{"damage":20,"enemies":"Red Slaver","floor":7,"turns":4},{"damage":12,"enemies":"Looter","floor":8,"turns":3},{"damage":9,"enemies":"3 Sentries","floor":11,"turns":4},{"damage":13,"enemies":"Slime Boss","floor":16,"turns":6},{"damage":8,"enemies":"3 Byrds","floor":18,"turns":2},{"damage":15,"enemies":"Shell Parasite","floor":20,"turns":2},{"damage":12,"enemies":"Centurion and Healer","floor":21,"turns":3},{"damage":24,"enemies":"Snecko","floor":22,"turns":4},{"damage":18,"enemies":"Cultist and Chosen","floor":24,"turns":4},{"damage":29,"enemies":"Book of Stabbing","floor":25,"turns":4},{"damage":45,"enemies":"Slavers","floor":28,"turns":3}],"event_choices":[{"event_name":"Accursed Blacksmith","player_choice":"Rummage","floor":2,"damage_taken":0},{"event_name":"Upgrade Shrine","player_choice":"Upgraded","floor":10,"damage_taken":0},{"event_name":"Purifier","player_choice":"One Purge","floor":13,"damage_taken":0},{"event_name":"Scrap Ooze","player_choice":"success","floor":14,"damage_taken":7},{"event_name":"Purifier","player_choice":"One Purge","floor":19,"damage_taken":0}],"boss_relics":[{"not_picked":["Orrery","Ectoplasm"],"picked":"Black Star"}],"potions_floor_spawned":[7,8,16,18,20,21],"seed_played":"-6325440301270721283","killed_by":"Slavers","ascension_level":0,"is_trial":false}