{"gold_per_floor":[110,127,127,146,164,202,217,241,241,241,241,309,72,86,86,217,217,238,263,137,151,26,26,50,50,129,54,92,117,117,117,117,240,540,563,577,590,164,182,197,197,240,263,263,263,263,338,363,363,363,363,363,65,96,96],"floor_reached":55,"playtime":7467,"items_purged":["Strike_G","Strike_G","Strike_G","Predator","Regret"],"score":771,"play_id":"7965085b-1019-42f6-9245-374ce0024eea","local_time":"20190126221637","is_ascension_mode":false,"campfire_choices":[{"floor":10,"key":"REST"},{"data":"Caltrops","floor":15,"key":"SMITH"},{"data":"Neutralize","floor":23,"key":"SMITH"},{"data":"Malaise","floor":30,"key":"SMITH"},{"floor":32,"key":"REST"},{"floor":44,"key":"RECALL"},{"floor":46,"key":"REST"},{"floor":49,"key":"REST"},{"data":"Burst","floor":52,"key":"SMITH"}],"neow_cost":"NONE","seed_source_timestamp":11100263492947,"circlet_count":0,"master_deck":["Defend_G","Defend_G","Defend_G","Defend_G","Strike_G","Strike_G","Survivor+1","Neutralize+1","Escape Plan","Caltrops+1","Flying Knee+1","Blur","Expertise","Terror","Grand Finale+1","Quick Slash+1","Malaise+1","Backflip","Acrobatics","Footwork+1","Dagger Throw+1","Tools of the Trade","Burst+1","Shame","Doubt","Night Terror+1","Deflect+1","Parasite","Escape Plan","Slice+1","Caltrops+1","Writhe","Setup+1","Dodge and Roll+1","Noxious Fumes+1","Sucker Punch+1"],"relics":["Ring of the Snake","Vajra","Golden Idol","Molten Egg 2","Meat on the Bone","Potion Belt","Runic Pyramid","Darkstone Periapt","Incense Burner","Kunai","Calling Bell","Old Coin","Bag of Preparation","Frozen Egg 2","Snake Skull","Dead Branch","War Paint","Gremlin Horn","Lantern"],"potions_floor_usage":[6,6,18,19,21,37,39,39,40,48,55],"damage_taken":[{"damage":0,"enemies":"2 Louse","floor":1,"turns":3},{"damage":0,"enemies":"Small Slimes","floor":2,"turns":3},{"damage":0,"enemies":"Jaw Worm","floor":4,"turns":5},{"damage":0,"enemies":"Large Slime","floor":5,"turns":5},{"damage":20,"enemies":"3 Sentries","floor":6,"turns":12},{"damage":0,"enemies":"Exordium Thugs","floor":7,"turns":3},{"damage":0,"enemies":"Blue Slaver","floor":8,"turns":3},{"damage":24,"enemies":"Gremlin Nob","floor":12,"turns":5},{"damage":6,"enemies":"Exordium Wildlife","floor":14,"turns":5},{"damage":23,"enemies":"The Guardian","floor":16,"turns":8},{"damage":5,"enemies":"Shell Parasite","floor":18,"turns":2},{"damage":5,"enemies":"Chosen","floor":19,"turns":5},{"damage":9,"enemies":"3 Cultists","floor":21,"turns":4},{"damage":11,"enemies":"Shelled Parasite and Fungi","floor":24,"turns":3},{"damage":23,"enemies":"Gremlin Leader","floor":28,"turns":4},{"damage":4,"enemies":"Snake Plant","floor":29,"turns":4},{"damage":34,"enemies":"Automaton","floor":33,"turns":10},{"damage":49,"enemies":"3 Darklings","floor":35,"turns":4},{"damage":1,"enemies":"Orb Walker","floor":36,"turns":4},{"damage":37,"enemies":"Writhing Mass","floor":37,"turns":5},{"damage":25,"enemies":"3 Darklings","floor":39,"turns":5},{"damage":25,"enemies":"Spire Growth","floor":40,"turns":8},{"damage":21,"enemies":"Nemesis","floor":42,"turns":9},{"damage":7,"enemies":"4 Shapes","floor":48,"turns":6},{"damage":80,"enemies":"Awakened One","floor":50,"turns":18},{"damage":67,"enemies":"Shield and Spear","floor":54,"turns":7},{"damage":66,"enemies":"The Heart","floor":55,"turns":6}],"seed_played":"2773168412767511573","potions_obtained":[{"floor":2,"key":"Explosive Potion"},{"floor":4,"key":"Dexterity Potion"},{"floor":5,"key":"Ancient Potion"},{"floor":7,"key":"GamblersBrew"},{"floor":16,"key":"Explosive Potion"},{"floor":19,"key":"Block Potion"},{"floor":21,"key":"Swift Potion"},{"floor":28,"key":"FairyPotion"},{"floor":36,"key":"Explosive Potion"},{"floor":37,"key":"SpeedPotion"},{"floor":39,"key":"Energy Potion"},{"floor":42,"key":"AttackPotion"}],"is_trial":false,"path_per_floor":["M","M","?","M","M","E","M","M","T","R","?","?","$","M","R","B",null,"M","M","$","M","$","R","M","$","T","?","E","M","R","T","R","B",null,"M","M","M","$","M","M","?","E","T","R","?","R","T","M","R","B",null,"R","$","E","B"],"character_chosen":"THE_SILENT","items_purchased":["Grand Finale+1","Acrobatics","Snake Skull","Slice+1","Caltrops+1","Noxious Fumes+1","Sucker Punch+1"],"campfire_rested":4,"item_purchase_floors":[13,20,38,38,38,53,53],"current_hp_per_floor":[70,70,53,53,53,33,33,33,33,54,47,35,35,41,41,30,70,65,60,60,51,51,51,40,40,40,40,29,37,37,37,58,36,88,51,50,31,31,18,15,45,36,36,36,36,66,66,59,89,21,100,100,100,45,0],"gold":96,"neow_bonus":"RANDOM_COMMON_RELIC","is_prod":false,"is_daily":false,"chose_seed":false,"campfire_upgraded":4,"win_rate":0,"timestamp":1548537397,"path_taken":["M","M","?","M","M","E","M","M","T","R","?","?","$","M","R","BOSS","M","M","$","M","$","R","M","$","T","?","E","M","R","?","R","BOSS","M","M","M","$","M","M","?","E","T","R","?","R","?","M","R","BOSS","R","$","E","BOSS"],"build_version":"2019-01-23","purchased_purges":5,"victory":false,"max_hp_per_floor":[70,70,70,70,70,70,70,70,70,70,70,70,70,70,70,70,70,70,70,70,70,70,70,70,70,70,70,70,70,70,70,70,70,88,88,88,94,94,94,94,100,100,100,100,100,100,100,100,100,100,100,100,100,100,100],"card_choices":[{"not_picked":["Flying Knee","Acrobatics"],"picked":"Escape Plan","floor":1},{"not_picked":["Outmaneuver","PiercingWail","Infinite Blades"],"picked":"SKIP","floor":2},{"not_picked":["Cloak And Dagger","Slice"],"picked":"Predator","floor":4},{"not_picked":["Underhanded Strike","Riddle With Holes"],"picked":"Caltrops","floor":5},{"not_picked":["Caltrops","Heel Hook"],"picked":"Flying Knee","floor":6},{"not_picked":["Backstab+1","Caltrops"],"picked":"Blur","floor":7},{"not_picked":["PiercingWail","Poisoned Stab+1"],"picked":"Expertise","floor":8},{"not_picked":["Tactician","Dodge and Roll"],"picked":"Terror","floor":12},{"not_picked":["Masterful Stab+1","Crippling Poison"],"picked":"Quick Slash+1","floor":14},{"not_picked":["Night Terror","After Image"],"picked":"Malaise","floor":16},{"not_picked":["Reflex","Underhanded Strike+1","Masterful Stab+1"],"picked":"SKIP","floor":18},{"not_picked":["Prepared","Outmaneuver"],"picked":"Backflip","floor":19},{"not_picked":["Acrobatics+1","Bouncing Flask","Underhanded Strike+1"],"picked":"SKIP","floor":21},{"not_picked":["Noxious Fumes","Blade Dance"],"picked":"Footwork+1","floor":24},{"not_picked":["Bane+1","Poisoned Stab+1"],"picked":"Dagger Throw+1","floor":28},{"not_picked":["Poisoned Stab+1","Finisher+1"],"picked":"Tools of the Trade","floor":29},{"not_picked":["Grand Finale+1","Phantasmal Killer"],"picked":"Burst","floor":33},{"not_picked":["Cloak And Dagger+1","Calculated Gamble+1"],"picked":"Night Terror","floor":35},{"not_picked":["Eviscerate+1","Bouncing Flask+1"],"picked":"Deflect+1","floor":36},{"not_picked":["Flying Knee+1","Cloak And Dagger+1"],"picked":"Escape Plan","floor":37},{"not_picked":["Quick Slash+1","Bane+1","Flying Knee+1"],"picked":"SKIP","floor":39},{"not_picked":["Outmaneuver","Deadly Poison+1","Malaise"],"picked":"SKIP","floor":40},{"not_picked":["Deflect","Blur+1"],"picked":"Setup+1","floor":42},{"not_picked":["Underhanded Strike+1","Bane+1"],"picked":"Dodge and Roll+1","floor":48},{"not_picked":["Terror","Outmaneuver","After Image+1"],"picked":"SKIP","floor":54}],"player_experience":657261,"relics_obtained":[{"floor":6,"key":"Molten Egg 2"},{"floor":12,"key":"Potion Belt"},{"floor":26,"key":"Darkstone Periapt"},{"floor":28,"key":"Incense Burner"},{"floor":31,"key":"Kunai"},{"floor":34,"key":"Old Coin"},{"floor":34,"key":"Bag of Preparation"},{"floor":34,"key":"Frozen Egg 2"},{"floor":42,"key":"Dead Branch"},{"floor":43,"key":"War Paint"},{"floor":47,"key":"Gremlin Horn"},{"floor":54,"key":"Lantern"}],"event_choices":[{"damage_healed":0,"gold_gain":0,"player_choice":"Take Damage","damage_taken":17,"relics_obtained":["Golden Idol"],"max_hp_gain":0,"max_hp_loss":0,"event_name":"Golden Idol","floor":3,"gold_loss":0},{"damage_healed":0,"gold_gain":0,"player_choice":"Success","damage_taken":7,"relics_obtained":["Meat on the Bone"],"max_hp_gain":0,"max_hp_loss":0,"event_name":"Scrap Ooze","floor":11,"gold_loss":0},{"damage_healed":0,"gold_gain":30,"player_choice":"Searched \u00272\u0027 times","damage_taken":0,"max_hp_gain":0,"max_hp_loss":0,"event_name":"Dead Adventurer","floor":12,"gold_loss":0},{"cards_removed":["Defend_G"],"damage_healed":0,"gold_gain":0,"player_choice":"Gave Gold","damage_taken":0,"max_hp_gain":0,"max_hp_loss":0,"event_name":"Beggar","floor":27,"gold_loss":75},{"damage_healed":24,"gold_gain":0,"player_choice":"Writhe","damage_taken":0,"max_hp_gain":0,"max_hp_loss":0,"event_name":"Winding Halls","floor":41,"gold_loss":0,"cards_obtained":["Writhe"]},{"damage_healed":0,"gold_gain":0,"player_choice":"Ignored","damage_taken":0,"max_hp_gain":0,"max_hp_loss":0,"event_name":"Mysterious Sphere","floor":45,"gold_loss":0}],"is_beta":false,"boss_relics":[{"not_picked":["Eternal Feather","Runic Dome"],"picked":"Runic Pyramid"},{"not_picked":["Orrery","Snecko Eye"],"picked":"Calling Bell"}],"items_purged_floors":[13,20,22,38,53],"is_endless":false,"potions_floor_spawned":[2,4,5,7,16,19,21,28,36,37,39,42],"killed_by":"The Heart","ascension_level":0}