{"gold_per_floor":[363,67,67,67,32,32,32,49,97,97,97,127,139,174,174,174],"floor_reached":16,"playtime":884,"items_purged":[],"score":101,"play_id":"3c1f1926-cc75-4fb3-9c8d-ddbddd2e2906","local_time":"20190830174342","is_ascension_mode":true,"campfire_choices":[{"floor":6,"key":"RECALL"},{"data":"Pommel Strike","floor":11,"key":"SMITH"},{"floor":15,"key":"REST"}],"neow_cost":"TEN_PERCENT_HP_LOSS","seed_source_timestamp":46505111101900,"circlet_count":0,"master_deck":["Strike_R","Strike_R","Strike_R","Strike_R","Defend_R","Defend_R","Defend_R","Defend_R","Bash","Havoc","Pommel Strike+1","Warcry","Anger","Perfected Strike"],"relics":["Burning Blood","Vajra","Juzu Bracelet","Ginger","Pear","Odd Mushroom","Mummified Hand"],"potions_floor_usage":[16],"damage_taken":[{"damage":0,"enemies":"2 Louse","floor":1,"turns":3},{"damage":2,"enemies":"Small Slimes","floor":8,"turns":4},{"damage":38,"enemies":"The Mushroom Lair","floor":12,"turns":6},{"damage":1,"enemies":"Jaw Worm","floor":13,"turns":3},{"damage":41,"enemies":"Lagavulin","floor":14,"turns":6},{"damage":48,"enemies":"Hexaghost","floor":16,"turns":10}],"seed_played":"-660494528668275775","potions_obtained":[{"floor":1,"key":"Strength Potion"},{"floor":8,"key":"SkillPotion"}],"is_trial":false,"path_per_floor":["M","$","?","?","?","R","$","M","T","?","R","?","M","E","R","B"],"character_chosen":"IRONCLAD","items_purchased":["Vajra","Juzu Bracelet"],"campfire_rested":1,"item_purchase_floors":[2,2],"current_hp_per_floor":[72,72,65,53,71,71,71,72,72,82,82,50,55,20,44,0],"gold":174,"neow_bonus":"TWO_FIFTY_GOLD","is_prod":false,"is_daily":false,"chose_seed":false,"campfire_upgraded":1,"win_rate":0,"timestamp":1567205022,"path_taken":["M","$","?","?","?","R","?","M","T","?","R","?","M","E","R","BOSS"],"build_version":"2019-07-17","purchased_purges":0,"victory":false,"max_hp_per_floor":[72,72,72,72,72,72,72,72,72,82,82,82,82,82,82,82],"card_choices":[{"not_picked":["Rupture","Inflame"],"picked":"Havoc","floor":1},{"not_picked":["Warcry","Flex"],"picked":"Pommel Strike","floor":8},{"not_picked":["Clash","Heavy Blade"],"picked":"Warcry","floor":12},{"not_picked":["Berserk","Clash"],"picked":"Anger","floor":13},{"not_picked":["Iron Wave","Warcry"],"picked":"Perfected Strike","floor":14}],"player_experience":232328,"relics_obtained":[{"floor":12,"key":"Odd Mushroom"},{"floor":14,"key":"Mummified Hand"}],"event_choices":[{"cards_removed":["Strike_R"],"damage_healed":0,"gold_gain":0,"player_choice":"Card Removal","damage_taken":7,"max_hp_gain":0,"max_hp_loss":0,"event_name":"Golden Wing","floor":3,"gold_loss":0},{"damage_healed":0,"gold_gain":0,"player_choice":"Success","damage_taken":12,"relics_obtained":["Ginger"],"max_hp_gain":0,"max_hp_loss":0,"event_name":"Scrap Ooze","floor":4,"gold_loss":0},{"damage_healed":18,"gold_gain":0,"player_choice":"Healed","damage_taken":0,"max_hp_gain":0,"max_hp_loss":0,"event_name":"The Cleric","floor":5,"gold_loss":35},{"damage_healed":0,"gold_gain":0,"player_choice":"Gave Potion","damage_taken":0,"relics_obtained":["Pear"],"max_hp_gain":0,"max_hp_loss":0,"event_name":"WeMeetAgain","floor":10,"gold_loss":0},{"damage_healed":0,"gold_gain":0,"player_choice":"Fought Mushrooms","damage_taken":0,"max_hp_gain":0,"max_hp_loss":0,"event_name":"Mushrooms","floor":12,"gold_loss":0}],"is_beta":false,"boss_relics":[],"items_purged_floors":[],"is_endless":false,"potions_floor_spawned":[1,8],"killed_by":"Hexaghost","ascension_level":1}