{"gold_per_floor":[109,109,181,181,196,223,223,250,250,250,315,315,345,355,355,355],"floor_reached":16,"playtime":1599,"items_purged":[],"score":218,"play_id":"8d208f8e-e841-48fa-960c-333d5b3eee41","local_time":"20190907135149","is_ascension_mode":true,"campfire_choices":[{"floor":7,"key":"REST"},{"floor":10,"key":"REST"},{"data":"Shockwave","floor":12,"key":"SMITH"},{"floor":15,"key":"REST"}],"neow_cost":"NONE","seed_source_timestamp":282219196503000,"circlet_count":0,"master_deck":["AscendersBane","Strike_R","Strike_R","Strike_R","Strike_R","Strike_R","Defend_R","Defend_R","Defend_R","Defend_R","Bash","Carnage","Shrug It Off","Bloodletting","Shockwave+1","Cleave","Anger","Flex"],"relics":["Burning Blood","SsserpentHead","Blue Candle","Unceasing Top","Prayer Wheel","Paper Frog"],"potions_floor_usage":[6,16,16],"damage_taken":[{"damage":19,"enemies":"Cultist","floor":1,"turns":6},{"damage":19,"enemies":"Jaw Worm","floor":5,"turns":4},{"damage":25,"enemies":"Gremlin Nob","floor":6,"turns":4},{"damage":54,"enemies":"3 Sentries","floor":8,"turns":11},{"damage":5,"enemies":"Small Slimes","floor":11,"turns":3},{"damage":30,"enemies":"Lagavulin","floor":13,"turns":5},{"damage":11,"enemies":"Gremlin Gang","floor":14,"turns":3},{"damage":37,"enemies":"Slime Boss","floor":16,"turns":7}],"seed_played":"9122066447180171377","potions_obtained":[{"floor":1,"key":"EssenceOfSteel"},{"floor":13,"key":"FearPotion"},{"floor":14,"key":"Poison Potion"}],"is_trial":false,"path_per_floor":["M","?","?","?","M","E","R","E","T","R","M","R","E","M","R","B"],"character_chosen":"IRONCLAD","items_purchased":[],"campfire_rested":3,"item_purchase_floors":[],"current_hp_per_floor":[62,67,67,67,54,35,61,13,13,39,40,40,16,11,37,0],"gold":355,"neow_bonus":"TEN_PERCENT_HP_BONUS","is_prod":false,"is_daily":false,"chose_seed":false,"campfire_upgraded":1,"win_rate":0,"timestamp":1567889509,"path_taken":["M","?","?","?","M","E","R","E","T","R","?","R","E","M","R","BOSS"],"build_version":"2019-07-17","purchased_purges":0,"victory":false,"max_hp_per_floor":[82,87,87,87,87,87,87,87,87,87,87,87,87,87,87,87],"card_choices":[{"not_picked":["Rage","Headbutt"],"picked":"Carnage","floor":1},{"not_picked":["Wild Strike","Power Through","Perfected Strike"],"picked":"SKIP","floor":5},{"not_picked":["Combust","Sentinel"],"picked":"Shrug It Off","floor":6},{"not_picked":["Headbutt","Clash"],"picked":"Bloodletting","floor":8},{"not_picked":["Battle Trance","Havoc"],"picked":"Shockwave","floor":11},{"not_picked":["Bloodletting","Combust","Second Wind"],"picked":"SKIP","floor":11},{"not_picked":["Corruption","Bloodletting"],"picked":"Cleave","floor":13},{"not_picked":["Searing Blow","Impervious"],"picked":"Anger","floor":14},{"not_picked":["Sentinel","Evolve"],"picked":"Flex","floor":14}],"player_experience":1404017,"relics_obtained":[{"floor":6,"key":"Blue Candle"},{"floor":8,"key":"Unceasing Top"},{"floor":9,"key":"Prayer Wheel"},{"floor":13,"key":"Paper Frog"}],"event_choices":[{"damage_healed":0,"gold_gain":0,"player_choice":"Donut","damage_taken":0,"max_hp_gain":5,"max_hp_loss":0,"event_name":"Big Fish","floor":2,"gold_loss":0},{"damage_healed":0,"gold_gain":72,"player_choice":"Gained Gold","damage_taken":0,"max_hp_gain":0,"max_hp_loss":0,"event_name":"Golden Wing","floor":3,"gold_loss":0},{"damage_healed":0,"gold_gain":0,"player_choice":"Trade","damage_taken":0,"relics_obtained":["SsserpentHead"],"max_hp_gain":0,"max_hp_loss":0,"event_name":"FaceTrader","floor":4,"gold_loss":0}],"is_beta":false,"boss_relics":[],"items_purged_floors":[],"is_endless":false,"potions_floor_spawned":[1,13,14],"killed_by":"Slime Boss","ascension_level":17}