{"gold_per_floor":[110,360,133,145,45,45,56,56,105,123,142,176,176,191,191,289,289,304,321,321,159,159,159,159,159],"floor_reached":25,"playtime":1854,"items_purged":["Regret","Defend_B","Pain"],"score":201,"play_id":"7e4358b5-317a-488a-9543-0a2bd39434d4","local_time":"20180708134840","is_ascension_mode":false,"campfire_choices":[{"data":"Zap","floor":6,"key":"SMITH"},{"floor":13,"key":"REST"},{"data":"Beam Cell","floor":15,"key":"SMITH"},{"floor":23,"key":"REST"}],"neow_cost":"TEN_PERCENT_HP_LOSS","seed_source_timestamp":7340032526186,"circlet_count":0,"master_deck":["Strike_B","Strike_B","Defend_B","Defend_B+1","Zap+1","Dualcast","Steam+1","Tempest","Loop","All For One","Beam Cell+1","Capacitor","Buffer","Pain","Parasite","BootSequence","Conserve Battery+1","RitualDagger","Defragment","Doom and Gloom","Buffer"],"relics":["Cracked Core","War Paint","Bird Faced Urn","Calling Bell","Peace Pipe","Blue Candle","Boot"],"potions_floor_usage":[12,12,14,14,19,25,25],"damage_taken":[{"damage":14,"enemies":"2 Louse","floor":1,"turns":2},{"damage":6,"enemies":"Cultist","floor":4,"turns":3},{"damage":5,"enemies":"Jaw Worm","floor":7,"turns":2},{"damage":0,"enemies":"3 Louse","floor":10,"turns":2},{"damage":8,"enemies":"Blue Slaver","floor":11,"turns":3},{"damage":11,"enemies":"3 Sentries","floor":12,"turns":5},{"damage":0,"enemies":"Exordium Wildlife","floor":14,"turns":1},{"damage":23,"enemies":"Hexaghost","floor":16,"turns":8},{"damage":39,"enemies":"2 Thieves","floor":18,"turns":4},{"damage":31,"enemies":"Shell Parasite","floor":19,"turns":5},{"damage":28,"enemies":"3 Cultists","floor":25,"turns":3}],"seed_played":"331454021078015969","potions_obtained":[{"floor":1,"key":"SteroidPotion"},{"floor":10,"key":"Poison Potion"},{"floor":11,"key":"AttackPotion"},{"floor":12,"key":"AttackPotion"},{"floor":16,"key":"SteroidPotion"},{"floor":18,"key":"FocusPotion"},{"floor":19,"key":"Weak Potion"}],"is_trial":false,"path_per_floor":["M","?","$","M","$","R","M","?","T","M","M","E","R","M","R","B",null,"M","M","?","$","?","R","?"],"character_chosen":"DEFECT","items_purchased":["All For One","Defragment"],"campfire_rested":2,"item_purchase_floors":[3,21],"current_hp_per_floor":[54,54,54,48,48,48,43,43,43,43,35,24,44,44,44,25,68,33,8,2,2,2,22,22,0],"gold":159,"neow_bonus":"TRANSFORM_TWO_CARDS","is_prod":false,"is_daily":false,"chose_seed":false,"campfire_upgraded":2,"win_rate":0.0,"timestamp":1531050520,"path_taken":["M","?","$","M","$","R","M","?","T","?","M","E","R","M","R","BOSS","M","M","?","$","?","R","?","M"],"build_version":"2018-07-05","purchased_purges":3,"victory":false,"max_hp_per_floor":[68,68,68,68,68,68,68,68,68,68,68,68,68,68,68,68,68,68,68,68,68,68,68,68,68],"card_choices":[{"not_picked":["Undo","Tempest"],"picked":"Loop","floor":1},{"not_picked":["Barrage","Rebound","Conserve Battery"],"picked":"SKIP","floor":4},{"not_picked":["Barrage","Go for the Eyes","Blizzard"],"picked":"SKIP","floor":7},{"not_picked":["Chaos","Barrage"],"picked":"Beam Cell","floor":10},{"not_picked":["Stack","Leap","Fusion"],"picked":"SKIP","floor":11},{"not_picked":["Redo","Blizzard","Reinforced Body"],"picked":"SKIP","floor":12},{"not_picked":["Streamline","Sweeping Beam"],"picked":"Capacitor","floor":14},{"not_picked":["Rainbow","Reboot"],"picked":"Buffer","floor":16},{"not_picked":["Double Energy","Reinforced Body+1"],"picked":"BootSequence","floor":18},{"not_picked":["Streamline","Stack"],"picked":"Conserve Battery+1","floor":19}],"player_experience":437914,"relics_obtained":[{"floor":9,"key":"War Paint"},{"floor":12,"key":"Bird Faced Urn"},{"floor":17,"key":"Peace Pipe"},{"floor":17,"key":"Blue Candle"},{"floor":17,"key":"Boot"}],"event_choices":[{"event_name":"Golden Shrine","player_choice":"Desecrate","floor":2,"damage_taken":0},{"event_name":"Living Wall","player_choice":"Forget","floor":8,"damage_taken":0},{"event_name":"Nest","player_choice":"Joined the Cult","floor":20,"damage_taken":0},{"event_name":"The Library","player_choice":"Read","floor":22,"damage_taken":0},{"event_name":"Duplicator","player_choice":"One dupe","floor":24,"damage_taken":0}],"boss_relics":[{"not_picked":["Sozu","Empty Cage"],"picked":"Calling Bell"}],"items_purged_floors":[3,5,21],"is_endless":false,"potions_floor_spawned":[1,10,11,12,16,18,19],"killed_by":"3 Cultists","ascension_level":0}