{"path_per_floor":["M","?","M","M","?","$","E","?","T","M","$","E","M","M","R","B",null,"M","M","?","$","?","R","M","M","T"],"character_chosen":"IRONCLAD","items_purchased":["Happy Flower","Evolve","Flash of Steel","Vajra"],"gold_per_floor":[117,117,135,145,145,0,26,81,126,137,0,33,48,62,62,161,161,180,198,198,45,45,45,55,72,72],"floor_reached":27,"campfire_rested":1,"playtime":2465,"current_hp_per_floor":[80,73,80,80,80,80,80,71,71,80,80,75,72,81,81,52,87,58,37,20,20,20,47,18,13,13],"items_purged":[],"gold":72,"score":225,"play_id":"3a1eb4d9-9ee0-47ce-b56b-d99347c768ed","is_prod":false,"is_daily":false,"is_ascension_mode":false,"campfire_upgraded":1,"path_taken":["BOSS","M","?","M","M","?","$","E","?","T","M","$","E","M","M","R","BOSS","M","M","?","?","?","R","M","M","T","M"],"build_version":"2018-02-15-PROD1","purchased_purges":0,"victory":false,"master_deck":["Strike_R","Strike_R","Strike_R","Strike_R","Strike_R","Defend_R","Defend_R","Defend_R+1","Defend_R","Bash+1","Clumsy","Twin Strike","Thunderclap","Wild Strike","Bloodletting+1","Rupture+1","Burning Pact","Metallicize","Evolve","Flash of Steel","Combust","Thunderclap","Armaments","Pommel Strike","Immolate","Rupture","Sword Boomerang+1","Spot Weakness+1"],"max_hp_per_floor":[80,80,80,80,80,80,80,87,87,87,87,87,87,87,87,87,87,87,87,92,92,92,92,92,92,92],"relics":["Burning Blood","Magic Flower","Toolbox","Happy Flower","Prayer Wheel","Strawberry","War Paint","Juzu Bracelet","Question Card","Vajra","Bottled Flame"],"card_choices":[{"not_picked":["Wild Strike","Flex"],"picked":"Twin Strike"},{"not_picked":["Twin Strike","Havoc"],"picked":"Thunderclap"},{"not_picked":["Searing Blow","Thunderclap"],"picked":"Wild Strike"},{"not_picked":["Reaper","Pommel Strike"],"picked":"Bloodletting"},{"not_picked":["Corruption","Havoc"],"picked":"Rupture"},{"not_picked":["Iron Wave","Sword Boomerang"],"picked":"Burning Pact"},{"not_picked":["Havoc","Thunderclap"],"picked":"Metallicize"},{"not_picked":["Anger","Flex"],"picked":"Combust"},{"not_picked":["True Grit","Feel No Pain"],"picked":"Thunderclap"},{"not_picked":["Infernal Blade","Warcry"],"picked":"Armaments"},{"not_picked":["Flex","Headbutt","Heavy Blade"],"picked":"Pommel Strike"},{"not_picked":["Disarm","Headbutt","Cleave"],"picked":"Immolate"},{"not_picked":["Body Slam","Headbutt","Warcry"],"picked":"Rupture"},{"not_picked":["True Grit","Rampage","Shrug It Off"],"picked":"Sword Boomerang"},{"not_picked":["Feel No Pain","Wild Strike","Shrug It Off"],"picked":"Spot Weakness"}],"player_experience":157629,"potions_floor_usage":[18,25],"damage_taken":[{"damage":0.0,"enemies":"Small Slimes","floor":1.0,"turns":3.0},{"damage":2.0,"enemies":"Jaw Worm","floor":3.0,"turns":2.0},{"damage":4.0,"enemies":"2 Louse","floor":4.0,"turns":2.0},{"damage":6.0,"enemies":"3 Sentries","floor":7.0,"turns":7.0},{"damage":25.0,"enemies":"Lagavulin Event","floor":8.0,"turns":4.0},{"damage":10.0,"enemies":"Looter","floor":10.0,"turns":3.0},{"damage":14.0,"enemies":"Gremlin Nob","floor":12.0,"turns":3.0},{"damage":12.0,"enemies":"Blue Slaver","floor":13.0,"turns":4.0},{"damage":0.0,"enemies":"3 Louse","floor":14.0,"turns":2.0},{"damage":38.0,"enemies":"The Guardian","floor":16.0,"turns":7.0},{"damage":38,"enemies":"Chosen","floor":18,"turns":7},{"damage":30,"enemies":"3 Byrds","floor":19,"turns":4},{"damage":38,"enemies":"Sentry and Sphere","floor":24,"turns":6},{"damage":14,"enemies":"Cultist and Chosen","floor":25,"turns":5},{"damage":16,"enemies":"Snecko","floor":27,"turns":3}],"event_choices":[{"event_name":"Scrap Ooze","player_choice":"success","floor":2.0,"damage_taken":7.0},{"event_name":"Living Wall","player_choice":"Grow","floor":5.0,"damage_taken":0.0},{"event_name":"Dead Adventurer","player_choice":"Searched \u00271\u0027 times","floor":8.0,"damage_taken":0.0},{"event_name":"Forgotten Altar","player_choice":"Shed Blood","floor":20,"damage_taken":0},{"event_name":"Addict","player_choice":"Ignored","floor":22,"damage_taken":0}],"boss_relics":[{"not_picked":["Ectoplasm","Velvet Choker"],"picked":"Question Card"}],"potions_floor_spawned":[3,7,8,12,16,24],"seed_played":"442477973930154173","killed_by":"Snecko","ascension_level":0,"is_trial":false}