{"path_per_floor":["M","?","M","$","?","E","R","M","T","E","?","?","M","E","R","B",null,"M","M","$","?","M","E"],"character_chosen":"THE_SILENT","items_purchased":["Happy Flower","Dagger Throw","Sucker Punch","Mummified Hand","Caltrops"],"gold_per_floor":[366,316,330,83,83,122,122,135,135,175,235,235,248,279,279,408,408,423,436,121,121,145,180],"floor_reached":24,"campfire_rested":2,"playtime":2361,"current_hp_per_floor":[55,55,50,50,50,31,63,63,63,44,44,44,44,30,63,32,63,57,37,37,37,22,4],"items_purged":[],"gold":180,"score":234,"play_id":"ed269718-abfb-4e1c-8a4e-ea5a800363aa","is_prod":false,"is_daily":false,"is_ascension_mode":false,"campfire_upgraded":0,"path_taken":["M","?","M","$","?","E","R","?","T","E","?","?","M","E","R","BOSS","M","M","$","?","M","E","?"],"build_version":"2018-02-12-PROD1","purchased_purges":0,"victory":false,"master_deck":["Defend_G","Defend_G","Strike_G","Strike_G","Strike_G","Strike_G","Strike_G","Survivor","Neutralize","Predator","Escape Plan","Dagger Throw","Sucker Punch","Blade Dance","Infinite Blades+1","Endless Agony","Quick Slash","Backflip","Clumsy","Reflex+1","Setup+1","Blade Dance","Outmaneuver+1","Caltrops","Slice","Slice"],"max_hp_per_floor":[63,63,63,63,63,63,63,63,63,63,63,63,63,63,63,63,63,63,63,63,63,63,63],"relics":["Ring of the Snake","Happy Flower","Golden Idol","Regal Pillow","Du-Vu Doll","Ornamental Fan","Ice Cream","Astrolabe","Mummified Hand","Art of War","Oddly Smooth Stone"],"card_choices":[{"not_picked":["Deadly Poison","PiercingWail"],"picked":"Predator"},{"not_picked":["Underhanded Strike","Bane"],"picked":"Escape Plan"},{"not_picked":["Accuracy","Dagger Throw"],"picked":"Blade Dance"},{"not_picked":["Backstab","Quick Slash"],"picked":"Infinite Blades"},{"not_picked":["Slice","Sucker Punch"],"picked":"Endless Agony"},{"not_picked":["Deadly Poison","Poisoned Stab"],"picked":"Quick Slash"},{"not_picked":["Well Laid Plans","Eviscerate"],"picked":"Backflip"},{"not_picked":["Endless Agony","Terror"],"picked":"Blade Dance"},{"not_picked":["Flechettes","PiercingWail"],"picked":"Outmaneuver"},{"not_picked":["Bouncing Flask","Bane"],"picked":"Slice"},{"not_picked":["Underhanded Strike","Flechettes"],"picked":"Slice"}],"player_experience":113112,"potions_floor_usage":[6,16,23,24],"damage_taken":[{"damage":8,"enemies":"Jaw Worm","floor":1,"turns":9},{"damage":5,"enemies":"Small Slimes","floor":3,"turns":3},{"damage":19,"enemies":"Gremlin Nob","floor":6,"turns":5},{"damage":0,"enemies":"Cultist","floor":8,"turns":3},{"damage":19,"enemies":"3 Sentries","floor":10,"turns":5},{"damage":0,"enemies":"Large Slime","floor":13,"turns":3},{"damage":14,"enemies":"Lagavulin","floor":14,"turns":4},{"damage":31,"enemies":"The Guardian","floor":16,"turns":10},{"damage":6,"enemies":"Spheric Guardian","floor":18,"turns":3},{"damage":20,"enemies":"2 Thieves","floor":19,"turns":4},{"damage":15,"enemies":"Snake Plant","floor":22,"turns":4},{"damage":18,"enemies":"Book of Stabbing","floor":23,"turns":5},{"damage":4,"enemies":"Slaver and Parasite","floor":24,"turns":2}],"event_choices":[{"event_name":"The Cleric","player_choice":"Card Removal","floor":2,"damage_taken":0},{"event_name":"Golden Idol","player_choice":"Take Wound","floor":5,"damage_taken":0},{"event_name":"Golden Wing","player_choice":"Gained Gold","floor":11,"damage_taken":0},{"event_name":"Upgrade Shrine","player_choice":"Upgraded","floor":12,"damage_taken":0},{"event_name":"The Mausoleum","player_choice":"Yes","floor":21,"damage_taken":0}],"boss_relics":[{"not_picked":["Runic Pyramid","Black Star"],"picked":"Astrolabe"}],"potions_floor_spawned":[1,10,14,23],"seed_played":"-7184974450734122975","killed_by":"Slaver and Parasite","ascension_level":0,"is_trial":false}