{"path_per_floor":["M","M","$","?","?","R","M","?","T","M","R","E","R","?","R","B",null,"M","M","$","?","M","E","M","R","T","M","R","M","M","?","R"],"character_chosen":"THE_SILENT","items_purchased":["Accuracy","Happy Flower","Noxious Fumes"],"gold_per_floor":[114,127,53,53,53,53,73,73,73,91,91,119,119,119,119,220,220,238,251,25,25,41,70,82,82,82,101,101,114,134,134,134],"floor_reached":33,"campfire_rested":6,"playtime":2389,"current_hp_per_floor":[67,61,61,61,47,68,66,59,59,54,70,40,61,61,61,49,70,70,69,69,70,64,34,38,59,59,39,60,39,39,26,48],"items_purged":[],"gold":134,"score":267,"play_id":"c7532f0f-0249-4667-b0cc-f69a890c061a","is_prod":false,"is_daily":false,"is_ascension_mode":false,"campfire_upgraded":1,"path_taken":["M","M","$","?","?","R","?","?","T","?","R","E","R","?","R","BOSS","M","M","$","?","M","E","M","R","T","M","R","M","?","?","R","BOSS"],"build_version":"2018-02-12-PROD1","purchased_purges":0,"victory":false,"master_deck":["Defend_G+1","Defend_G","Defend_G","Defend_G","Strike_G","Strike_G","Strike_G","Strike_G","Survivor","Neutralize","Slice+1","Dagger Spray+1","Choke","Flying Knee","Quick Slash","Flying Knee","Unload","Die Die Die+1","Outmaneuver+1","Reflex+1","Dagger Throw","Noxious Fumes","Prepared+1","Calculated Gamble","Backstab+1","Slice+1","Finisher","Riddle With Holes","Quick Slash","Catalyst+1","Noxious Fumes"],"max_hp_per_floor":[70,70,70,70,70,70,70,70,70,70,70,70,70,70,70,70,70,70,70,70,70,70,70,70,70,70,70,70,70,70,75,75],"relics":["Velvet Choker","Ornamental Fan","Bronze Scales","Oddly Smooth Stone","Dream Catcher","Astrolabe","Happy Flower","Meat on the Bone","Snake Skull"],"card_choices":[{"not_picked":["Masterful Stab","Storm of Steel"],"picked":"Slice"},{"not_picked":["Expertise","Dodge and Roll"],"picked":"Dagger Spray"},{"not_picked":["Dodge and Roll","Well Laid Plans"],"picked":"Choke"},{"not_picked":["Deflect","Outmaneuver"],"picked":"Flying Knee"},{"not_picked":["Masterful Stab","Calculated Gamble"],"picked":"Quick Slash"},{"not_picked":["Doppelganger","Deflect"],"picked":"Flying Knee"},{"not_picked":["Doppelganger","After Image"],"picked":"Unload"},{"not_picked":["Masterful Stab","Bouncing Flask"],"picked":"Reflex"},{"not_picked":["Outmaneuver","Crippling Poison"],"picked":"Dagger Throw"},{"not_picked":["Backflip","Deadly Poison"],"picked":"Prepared"},{"not_picked":["Leg Sweep","Doppelganger"],"picked":"Calculated Gamble"},{"not_picked":["Crippling Poison","Dagger Spray"],"picked":"Backstab"},{"not_picked":["Backflip","PiercingWail"],"picked":"Slice"},{"not_picked":["Malaise","Poisoned Stab"],"picked":"Finisher"},{"not_picked":["Calculated Gamble","Dodge and Roll"],"picked":"Riddle With Holes"},{"not_picked":["Deflect","PiercingWail"],"picked":"Quick Slash"},{"not_picked":["Dodge and Roll","Outmaneuver"],"picked":"Catalyst"},{"not_picked":["Terror","Heel Hook"],"picked":"Noxious Fumes"}],"player_experience":58032,"potions_floor_usage":[16,22,22,24,24,33,33],"damage_taken":[{"damage":3,"enemies":"Jaw Worm","floor":1,"turns":3},{"damage":6,"enemies":"Cultist","floor":2,"turns":4},{"damage":2,"enemies":"Small Slimes","floor":7,"turns":3},{"damage":5,"enemies":"2 Fungi Beasts","floor":10,"turns":3},{"damage":30,"enemies":"Gremlin Nob","floor":12,"turns":4},{"damage":12,"enemies":"Slime Boss","floor":16,"turns":9},{"damage":0,"enemies":"Chosen","floor":18,"turns":5},{"damage":1,"enemies":"3 Byrds","floor":19,"turns":3},{"damage":6,"enemies":"Snecko","floor":22,"turns":4},{"damage":30,"enemies":"Gremlin Leader","floor":23,"turns":5},{"damage":8,"enemies":"Centurion and Healer","floor":24,"turns":3},{"damage":32,"enemies":"Slaver and Parasite","floor":27,"turns":4},{"damage":21,"enemies":"Snake Plant","floor":29,"turns":2},{"damage":0,"enemies":"Snecko","floor":30,"turns":3},{"damage":83,"enemies":"Automaton","floor":33,"turns":6}],"event_choices":[{"event_name":"Accursed Blacksmith","player_choice":"Rummage","floor":4,"damage_taken":0},{"event_name":"Shining Light","player_choice":"Entered Light","floor":5,"damage_taken":0},{"event_name":"Scrap Ooze","player_choice":"success","floor":8,"damage_taken":7},{"event_name":"Living Wall","player_choice":"Forget","floor":14,"damage_taken":0},{"event_name":"Bonfire Elementals","player_choice":"UNCOMMON","floor":21,"damage_taken":0},{"event_name":"Forgotten Altar","player_choice":"Shed Blood","floor":31,"damage_taken":0}],"boss_relics":[{"not_picked":["Ectoplasm","Philosopher\u0027s Stone"],"picked":"Astrolabe"}],"potions_floor_spawned":[1,2,16,19,22,27,30],"seed_played":"7152708162200387604","killed_by":"Automaton","ascension_level":0,"is_trial":false}