{"path_per_floor":["M","?","$","M","T","R","?","E","T","?","M","T","R","M","R","B",null,"M","?","?","M","?","E","$","R","T","E","R","M","R","M","R","B",null,"M","$","?","M","$","E","M","R","T","R","M","?","?","T","R"],"character_chosen":"DEFECT","items_purchased":["Capacitor","Mummified Hand","Loop","Bag of Preparation"],"gold_per_floor":[113,113,15,29,76,76,76,104,104,104,125,125,125,139,139,264,264,277,277,277,300,334,373,30,30,54,88,88,113,113,128,128,257,257,275,73,173,188,33,72,95,95,95,95,113,113,113,138,138,138],"floor_reached":50,"campfire_rested":5,"playtime":6563,"current_hp_per_floor":[72,79,79,79,79,79,72,43,43,43,43,50,50,37,63,17,89,55,55,55,45,9,20,20,46,46,15,41,31,57,54,54,46,89,69,69,69,58,58,12,27,53,53,53,45,45,45,45,45,0],"items_purged":["Strike_B","Strike_B","Flux Capacitor"],"gold":138,"score":504,"play_id":"023e608f-170c-4ed8-a79e-5bbbcd30acc9","local_time":"20180429211016","is_prod":false,"is_daily":false,"chose_seed":false,"is_ascension_mode":false,"campfire_upgraded":5,"timestamp":1525029016,"path_taken":["M","?","$","?","?","R","?","E","T","?","M","?","R","M","R","BOSS","M","?","?","M","?","E","$","R","T","E","R","M","R","M","R","BOSS","M","$","?","M","?","E","M","R","T","R","M","?","?","?","R","BOSS"],"build_version":"2018-04-27v3","seed_source_timestamp":0,"purchased_purges":3,"victory":false,"master_deck":["Strike_B+1","Defend_B","Defend_B","Zap+1","Dualcast","Capacitor+1","Sweeping Beam","Doom and Gloom+1","Blaster","Chill","Coolheaded","Creative AI+1","Skim+1","Beam Cell+1","Force Field+1","Reprogram+1","Machine Learning+1","FTL+1","Loop","Barrage+1","Glacier+1","Barrage+1","Genetic Algorithm+1"],"max_hp_per_floor":[75,89,89,89,89,89,89,89,89,82,82,89,89,89,89,89,89,89,89,89,89,89,89,89,89,89,89,89,89,89,89,89,89,89,89,89,89,89,89,89,89,89,89,89,89,89,89,89,89,89],"relics":["Cracked Core","Mango","Juzu Bracelet","Bag of Marbles","Golden Idol","Strawberry","Lizard Tail","Nloth\u0027s Gift","Red Mask","Ornamental Fan","Mummified Hand","Bronze Scales","Darkstone Periapt","Inserter","Bag of Preparation","Lantern","Vajra","Whetstone"],"card_choices":[{"not_picked":["Impulse","Axe Kick"],"picked":"Flux Capacitor","floor":1.0},{"not_picked":["Axe Kick","Conserve Battery"],"picked":"Sweeping Beam","floor":4.0},{"not_picked":["Sweeping Beam","Impulse"],"picked":"Doom and Gloom","floor":8.0},{"not_picked":["Sweeping Beam","Stack"],"picked":"Blaster","floor":11},{"not_picked":["Buffer","Coolheaded"],"picked":"Chill","floor":14},{"not_picked":["Buffer","Streamline"],"picked":"Coolheaded","floor":15},{"not_picked":["All For One","Thunder Strike"],"picked":"Creative AI","floor":16},{"not_picked":["Go for the Eyes","Doom and Gloom"],"picked":"Skim","floor":21},{"not_picked":["Streamline","Impulse"],"picked":"Beam Cell","floor":22},{"not_picked":["Barrage","Cold Snap"],"picked":"Force Field","floor":23},{"not_picked":["Axe Kick","Loop"],"picked":"Reprogram","floor":27},{"not_picked":["All For One","Amplify"],"picked":"Machine Learning","floor":33},{"not_picked":["Stack","Fusion"],"picked":"FTL","floor":35},{"not_picked":["Coolheaded","Conserve Battery"],"picked":"Barrage","floor":38},{"not_picked":["Ball Lightning","Barrage"],"picked":"Glacier","floor":40},{"not_picked":["Multi-Cast","Sweeping Beam"],"picked":"Barrage","floor":41},{"not_picked":["Reprogram","Storm"],"picked":"Genetic Algorithm","floor":45}],"player_experience":322,"potions_floor_usage":[18,21,21,22,29,41,41,50,50,50],"damage_taken":[{"damage":3.0,"enemies":"Jaw Worm","floor":1.0,"turns":4.0},{"damage":0.0,"enemies":"Small Slimes","floor":4.0,"turns":4.0},{"damage":29.0,"enemies":"3 Sentries","floor":8.0,"turns":11.0},{"damage":0,"enemies":"Cultist","floor":11,"turns":3},{"damage":13,"enemies":"Exordium Thugs","floor":14,"turns":3},{"damage":46,"enemies":"The Guardian","floor":16,"turns":10},{"damage":34,"enemies":"Shell Parasite","floor":18,"turns":6},{"damage":10,"enemies":"3 Byrds","floor":21,"turns":2},{"damage":36,"enemies":"Masked Bandits","floor":22,"turns":4},{"damage":36,"enemies":"Slavers","floor":23,"turns":6},{"damage":31,"enemies":"Book of Stabbing","floor":27,"turns":7},{"damage":10,"enemies":"Snecko","floor":29,"turns":7},{"damage":3,"enemies":"Centurion and Healer","floor":31,"turns":7},{"damage":8,"enemies":"Champ","floor":33,"turns":11},{"damage":20,"enemies":"Orb Walker","floor":35,"turns":4},{"damage":11,"enemies":"Flame Bruiser 1 Orb","floor":38,"turns":4},{"damage":46,"enemies":"Nemesis","floor":40,"turns":7},{"damage":0,"enemies":"4 Shapes","floor":41,"turns":5},{"damage":8,"enemies":"Spire Growth","floor":45,"turns":4},{"damage":72,"enemies":"Awakened One","floor":50,"turns":9}],"event_choices":[{"event_name":"Scrap Ooze","player_choice":"success","floor":2.0,"damage_taken":7.0},{"event_name":"Golden Wing","player_choice":"Card Removal","floor":7.0,"damage_taken":0.0},{"event_name":"Golden Idol","player_choice":"Lose Max HP","floor":10,"damage_taken":0},{"event_name":"N\u0027loth","player_choice":"Traded a Dream Catcher","floor":19,"damage_taken":0},{"event_name":"Bonfire Elementals","player_choice":"BASIC","floor":20,"damage_taken":0},{"event_name":"Masked Bandits","player_choice":"Fought over 300 gold","floor":22,"damage_taken":0},{"event_name":"Golden Shrine","player_choice":"Pray","floor":37,"damage_taken":0},{"event_name":"The Lab","player_choice":"Got Potions","floor":46,"damage_taken":0}],"boss_relics":[{"not_picked":["Astrolabe","Philosopher\u0027s Stone"],"picked":"Lizard Tail"},{"not_picked":["Snecko Eye","Runic Dome"],"picked":"Inserter"}],"potions_floor_spawned":[1,11,16,21,27,31,40,45],"seed_played":"3004895839196353336","killed_by":"Awakened One","ascension_level":0,"is_trial":false}