{"gold_per_floor":[111,111,111,122,72,88,88,19,19,19,29,29,43,63,63,63],"floor_reached":16,"playtime":797,"items_purged":[],"score":92,"play_id":"97ffc002-7091-46f0-b339-2e1e1253cf44","local_time":"20180816141247","is_ascension_mode":false,"campfire_choices":[{"data":"Heatsinks","floor":7,"key":"SMITH"},{"data":"Zap","floor":10,"key":"SMITH"},{"data":"1","floor":12,"key":"LIFT"},{"data":"2","floor":15,"key":"LIFT"}],"neow_cost":"CURSE","seed_source_timestamp":12893224465816,"circlet_count":0,"master_deck":["Strike_B","Strike_B","Strike_B","Defend_B","Defend_B","Defend_B","Defend_B","Zap+1","Dualcast","Heatsinks+1","Self Repair","Streamline"],"relics":["Cracked Core","Girya","Singing Bowl","Smiling Mask"],"potions_floor_usage":[6,11],"damage_taken":[{"damage":6,"enemies":"Jaw Worm","floor":1,"turns":4},{"damage":1,"enemies":"Cultist","floor":4,"turns":3},{"damage":0,"enemies":"Small Slimes","floor":6,"turns":2},{"damage":33,"enemies":"Exordium Wildlife","floor":11,"turns":5},{"damage":18,"enemies":"2 Fungi Beasts","floor":13,"turns":3},{"damage":6,"enemies":"Red Slaver","floor":14,"turns":4},{"damage":36,"enemies":"The Guardian","floor":16,"turns":5}],"seed_played":"-7734552107041689387","potions_obtained":[{"floor":1,"key":"AttackPotion"},{"floor":4,"key":"AttackPotion"},{"floor":11,"key":"SmokeBomb"}],"is_trial":false,"path_per_floor":["M","?","T","M","?","M","R","$","T","R","M","R","M","M","R"],"character_chosen":"DEFECT","items_purchased":["Self Repair"],"campfire_rested":0,"item_purchase_floors":[8],"current_hp_per_floor":[69,69,69,68,68,70,70,70,70,70,46,46,30,31,31,0],"gold":63,"neow_bonus":"ONE_RARE_RELIC","is_prod":false,"is_daily":false,"chose_seed":false,"campfire_upgraded":2,"win_rate":0,"timestamp":1534421567,"path_taken":["M","?","?","?","?","M","R","$","T","R","?","R","M","M","R","BOSS"],"build_version":"2018-08-09","purchased_purges":0,"victory":false,"max_hp_per_floor":[75,75,75,75,75,77,77,77,77,77,79,79,81,81,81,81],"card_choices":[{"not_picked":["Leap","Stack","Barrage"],"picked":"SKIP","floor":1},{"not_picked":["Storm","Coolheaded"],"picked":"Heatsinks","floor":4},{"not_picked":["Compile Driver","Beam Cell","Blizzard"],"picked":"Singing Bowl","floor":6},{"not_picked":["Hologram","Coolheaded","Multi-Cast"],"picked":"Singing Bowl","floor":11},{"not_picked":["Go for the Eyes","Redo","Lockon"],"picked":"Singing Bowl","floor":13},{"not_picked":["Gash","Sweeping Beam"],"picked":"Streamline","floor":14}],"player_experience":472867,"relics_obtained":[{"floor":3,"key":"Singing Bowl"},{"floor":9,"key":"Smiling Mask"}],"event_choices":[{"event_name":"Living Wall","player_choice":"Forget","floor":2,"damage_taken":0},{"event_name":"The Cleric","player_choice":"Card Removal","floor":5,"damage_taken":0}],"is_beta":false,"boss_relics":[],"items_purged_floors":[],"is_endless":false,"potions_floor_spawned":[1,4,11],"killed_by":"The Guardian","ascension_level":0}