{"gold_per_floor":[119,139,158,9,9,9,20,20,20,37,37,57,57,90,90,191,191,203,113,97,111,36,70,70,85,109,125,125,140,40,40,40,138,138,156,174,49,69,69,69,111,123,135,163,186,198,235,264,276,288,300,312,25,55,55],"floor_reached":55,"playtime":6026,"items_purged":["Strike_R","Strike_R","Strike_R"],"score":776,"play_id":"93c77c49-d436-438d-b88b-7140812bc1fe","local_time":"20190208014133","is_ascension_mode":false,"campfire_choices":[{"data":"Bash","floor":6,"key":"SMITH"},{"data":"Disarm","floor":8,"key":"SMITH"},{"data":"True Grit","floor":11,"key":"SMITH"},{"data":"Whirlwind","floor":15,"key":"SMITH"},{"data":"Barricade","floor":24,"key":"SMITH"},{"floor":28,"key":"DIG"},{"floor":32,"key":"RECALL"},{"floor":40,"key":"DIG"},{"floor":42,"key":"DIG"},{"floor":46,"key":"DIG"},{"floor":49,"key":"DIG"},{"floor":52,"key":"DIG"}],"neow_cost":"NONE","seed_source_timestamp":31897432216631,"circlet_count":0,"master_deck":["Strike_R+1","Defend_R","Defend_R+1","Defend_R+1","Defend_R+1","Bash+1","Disarm+1","Body Slam+1","Reaper","Impervious","True Grit+1","Feed","Whirlwind+1","Barricade+1","Thunderclap","Metallicize+1","Pommel Strike","Shrug It Off+1","Offering","Body Slam+1","Parasite","Flex+1","Shockwave+1","Rampage+1"],"relics":["Burning Blood","NeowsBlessing","Shovel","Coffee Dripper","Darkstone Periapt","Bag of Marbles","Dream Catcher","MutagenicStrength","Philosopher\u0027s Stone","MawBank","Orichalcum","Oddly Smooth Stone","Shuriken","Du-Vu Doll","Sundial","Dodecahedron","Mummified Hand","Bottled Tornado","War Paint"],"potions_floor_usage":[10,12,14,14,14,16,23,29,38,41,44,44,45,50,54],"damage_taken":[{"damage":0,"enemies":"Cultist","floor":1,"turns":1},{"damage":0,"enemies":"Jaw Worm","floor":2,"turns":1},{"damage":0,"enemies":"2 Louse","floor":3,"turns":1},{"damage":6,"enemies":"Red Slaver","floor":7,"turns":5},{"damage":1,"enemies":"3 Louse","floor":10,"turns":4},{"damage":7,"enemies":"Looter","floor":12,"turns":3},{"damage":27,"enemies":"3 Sentries","floor":14,"turns":10},{"damage":31,"enemies":"Slime Boss","floor":16,"turns":15},{"damage":3,"enemies":"Shell Parasite","floor":18,"turns":6},{"damage":4,"enemies":"2 Thieves","floor":20,"turns":4},{"damage":21,"enemies":"Snake Plant","floor":21,"turns":7},{"damage":50,"enemies":"Slavers","floor":23,"turns":7},{"damage":40,"enemies":"Centurion and Healer","floor":25,"turns":9},{"damage":8,"enemies":"Cultist and Chosen","floor":27,"turns":6},{"damage":4,"enemies":"Shelled Parasite and Fungi","floor":29,"turns":6},{"damage":34,"enemies":"Collector","floor":33,"turns":13},{"damage":14,"enemies":"3 Darklings","floor":35,"turns":4},{"damage":0,"enemies":"3 Shapes","floor":36,"turns":2},{"damage":12,"enemies":"Maw","floor":38,"turns":10},{"damage":6,"enemies":"Reptomancer","floor":41,"turns":5},{"damage":6,"enemies":"Writhing Mass","floor":44,"turns":4},{"damage":20,"enemies":"Jaw Worm Horde","floor":45,"turns":4},{"damage":43,"enemies":"Nemesis","floor":47,"turns":10},{"damage":6,"enemies":"Maw","floor":48,"turns":6},{"damage":37,"enemies":"Awakened One","floor":50,"turns":14},{"damage":102,"enemies":"Shield and Spear","floor":54,"turns":9},{"damage":37,"enemies":"The Heart","floor":55,"turns":3}],"seed_played":"488629383007495450","potions_obtained":[{"floor":3,"key":"Strength Potion"},{"floor":10,"key":"AttackPotion"},{"floor":12,"key":"EntropicBrew"},{"floor":21,"key":"Regen Potion"},{"floor":25,"key":"SteroidPotion"},{"floor":33,"key":"SpeedPotion"},{"floor":38,"key":"Weak Potion"},{"floor":39,"key":"LiquidBronze"},{"floor":39,"key":"SneckoOil"},{"floor":41,"key":"Energy Potion"},{"floor":44,"key":"GamblersBrew"},{"floor":48,"key":"SteroidPotion"}],"is_trial":false,"path_per_floor":["M","M","M","$","?","R","M","R","T","M","R","M","?","E","R","B",null,"M","?","M","M","$","E","R","M","T","M","R","M","$","?","R","B",null,"M","M","$","M","?","R","E","R","T","M","M","R","E","M","R","B",null,"R","$","E","B"],"character_chosen":"IRONCLAD","items_purchased":["Reaper","Bottled Tornado","Energy Potion"],"campfire_rested":0,"item_purchase_floors":[4,53,53],"current_hp_per_floor":[80,80,80,80,80,80,80,80,80,80,80,80,64,58,58,48,86,89,89,89,78,78,70,70,49,49,57,57,70,70,70,70,54,101,93,101,101,102,102,102,104,104,104,110,99,99,71,74,74,79,116,116,116,32,0],"gold":55,"neow_bonus":"THREE_ENEMY_KILL","is_prod":false,"is_daily":false,"chose_seed":false,"campfire_upgraded":5,"win_rate":0,"timestamp":1549586493,"path_taken":["M","M","M","$","?","R","M","R","T","M","R","M","?","E","R","BOSS","M","?","?","M","?","E","R","M","T","M","R","M","$","?","R","BOSS","M","M","$","M","?","R","E","R","T","M","?","R","E","M","R","BOSS","R","$","E","BOSS"],"build_version":"2019-01-23","purchased_purges":3,"victory":false,"max_hp_per_floor":[80,80,80,80,80,80,80,80,80,80,80,80,80,83,83,86,86,89,89,89,92,92,95,95,98,98,98,98,101,101,101,101,101,101,101,101,101,104,104,104,104,104,104,110,113,113,113,116,116,116,116,116,116,116,116],"card_choices":[{"not_picked":["Heavy Blade","Wild Strike"],"picked":"Disarm","floor":1},{"not_picked":["Sentinel","Havoc"],"picked":"Body Slam","floor":2},{"not_picked":["Sword Boomerang","Sentinel","Perfected Strike"],"picked":"SKIP","floor":3},{"not_picked":["Second Wind","True Grit"],"picked":"Impervious","floor":7},{"not_picked":["Twin Strike","Perfected Strike"],"picked":"True Grit","floor":10},{"not_picked":["Anger","Twin Strike"],"picked":"Feed","floor":12},{"not_picked":["Pommel Strike","Carnage"],"picked":"Whirlwind","floor":14},{"not_picked":["Immolate","Feed"],"picked":"Barricade","floor":16},{"not_picked":["Sword Boomerang+1","Armaments"],"picked":"Thunderclap","floor":18},{"not_picked":["Anger","Pommel Strike+1"],"picked":"Metallicize+1","floor":20},{"not_picked":["Clothesline","Seeing Red"],"picked":"Pommel Strike","floor":21},{"not_picked":["Blood for Blood","Clothesline","Flex"],"picked":"SKIP","floor":23},{"not_picked":["Wild Strike","Warcry","Blood for Blood"],"picked":"SKIP","floor":25},{"not_picked":["Demon Form","Wild Strike"],"picked":"Shrug It Off","floor":27},{"not_picked":["Warcry","Thunderclap","Searing Blow+1"],"picked":"SKIP","floor":29},{"not_picked":["Demon Form","Immolate"],"picked":"Offering","floor":33},{"not_picked":["Twin Strike","Havoc+1","Clash+1"],"picked":"SKIP","floor":35},{"not_picked":["Intimidate","Sentinel","Headbutt+1"],"picked":"SKIP","floor":36},{"not_picked":["Flex","Headbutt"],"picked":"Body Slam+1","floor":38},{"not_picked":["Pummel","Rupture+1","Corruption+1"],"picked":"SKIP","floor":41},{"not_picked":["Infernal Blade","Perfected Strike+1","Dual Wield"],"picked":"SKIP","floor":44},{"not_picked":["Dual Wield","Rage"],"picked":"Flex+1","floor":45},{"not_picked":["Fiend Fire","Dual Wield+1"],"picked":"Shockwave+1","floor":47},{"not_picked":["Fire Breathing+1","Iron Wave","Searing Blow+1"],"picked":"SKIP","floor":48},{"not_picked":["Armaments+1","Combust"],"picked":"Rampage+1","floor":54}],"player_experience":779133,"relics_obtained":[{"floor":14,"key":"Shovel"},{"floor":23,"key":"Darkstone Periapt"},{"floor":26,"key":"Bag of Marbles"},{"floor":28,"key":"Dream Catcher"},{"floor":40,"key":"MawBank"},{"floor":41,"key":"Orichalcum"},{"floor":42,"key":"Oddly Smooth Stone"},{"floor":43,"key":"Shuriken"},{"floor":46,"key":"Du-Vu Doll"},{"floor":47,"key":"Sundial"},{"floor":49,"key":"Dodecahedron"},{"floor":52,"key":"Mummified Hand"},{"floor":54,"key":"War Paint"}],"event_choices":[{"damage_healed":0,"gold_gain":0,"player_choice":"Grow","damage_taken":0,"max_hp_gain":0,"max_hp_loss":0,"event_name":"Living Wall","floor":5,"gold_loss":0,"cards_upgraded":["Body Slam"]},{"damage_healed":0,"gold_gain":0,"player_choice":"Entered Light","damage_taken":16,"max_hp_gain":0,"max_hp_loss":0,"event_name":"Shining Light","floor":13,"gold_loss":0,"cards_upgraded":["Defend_R","Strike_R"]},{"cards_removed":["Strike_R"],"damage_healed":0,"gold_gain":0,"player_choice":"Upgrade and Remove","damage_taken":0,"max_hp_gain":0,"max_hp_loss":0,"event_name":"Designer","floor":19,"gold_loss":90,"cards_upgraded":["Defend_R"]},{"damage_healed":0,"gold_gain":0,"player_choice":"Inject Mutagens","damage_taken":0,"relics_obtained":["MutagenicStrength"],"max_hp_gain":0,"max_hp_loss":0,"event_name":"Drug Dealer","floor":31,"gold_loss":0},{"damage_healed":0,"gold_gain":0,"player_choice":"Got Potions","damage_taken":0,"max_hp_gain":0,"max_hp_loss":0,"event_name":"Lab","floor":39,"gold_loss":0}],"is_beta":false,"boss_relics":[{"not_picked":["Sozu","Fusion Hammer"],"picked":"Coffee Dripper"},{"not_picked":["Calling Bell","Runic Pyramid"],"picked":"Philosopher\u0027s Stone"}],"items_purged_floors":[22,30,37],"is_endless":false,"potions_floor_spawned":[3,10,12,21,25,33,38,41,44,48],"killed_by":"The Heart","ascension_level":0}