{"gold_per_floor":[109,167,167,182,121,121,46,72,99,99,126,145,45,63,63,163,163,163,163,163,163,163,163,163,163,163,163,163,10,10,10,10,10],"floor_reached":33,"playtime":2409,"items_purged":["Strike_R","Strike_R"],"score":293,"play_id":"74145845-26fd-4b8e-812f-f798c41534c6","local_time":"20190823134407","is_ascension_mode":true,"campfire_choices":[{"floor":6,"key":"RECALL"},{"data":"Clothesline","floor":10,"key":"SMITH"},{"floor":15,"key":"REST"},{"floor":23,"key":"REST"},{"data":"Corruption","floor":28,"key":"SMITH"},{"data":"Uppercut","floor":30,"key":"SMITH"},{"data":"Shockwave","floor":32,"key":"SMITH"}],"neow_cost":"TEN_PERCENT_HP_LOSS","seed_source_timestamp":92678307278900,"circlet_count":0,"master_deck":["Defend_R","Defend_R+1","Defend_R+1","Defend_R","Bash","Clothesline+1","Pommel Strike","Entrench","Burning Pact","Armaments","Sever Soul","Uppercut+1","Exhume","Shockwave+1","Shrug It Off","Entrench","Wild Strike","Bite","Bite","Bite","Bite","Bite","Infernal Blade","Barricade","Corruption+1","Iron Wave"],"relics":["Burning Blood","WingedGreaves","PreservedInsect","Dream Catcher","War Paint","Shuriken","Ectoplasm","Bottled Lightning","Bag of Preparation"],"potions_floor_usage":[16,21,33,33],"damage_taken":[{"damage":7,"enemies":"2 Louse","floor":1,"turns":3},{"damage":6,"enemies":"Jaw Worm","floor":4,"turns":3},{"damage":14,"enemies":"Gremlin Nob","floor":8,"turns":3},{"damage":28,"enemies":"Lagavulin","floor":11,"turns":7},{"damage":0,"enemies":"Small Slimes","floor":12,"turns":3},{"damage":25,"enemies":"Gremlin Gang","floor":14,"turns":7},{"damage":46,"enemies":"The Guardian","floor":16,"turns":18},{"damage":19,"enemies":"3 Byrds","floor":18,"turns":7},{"damage":6,"enemies":"Shell Parasite","floor":19,"turns":5},{"damage":12,"enemies":"Snake Plant","floor":20,"turns":5},{"damage":49,"enemies":"Cultist and Chosen","floor":21,"turns":11},{"damage":26,"enemies":"Centurion and Healer","floor":24,"turns":8},{"damage":15,"enemies":"Snake Plant","floor":31,"turns":4},{"damage":74,"enemies":"Champ","floor":33,"turns":12}],"seed_played":"2524390269838969636","potions_obtained":[{"floor":14,"key":"Strength Potion"},{"floor":16,"key":"BloodPotion"},{"floor":19,"key":"Weak Potion"},{"floor":20,"key":"Explosive Potion"},{"floor":21,"key":"Weak Potion"}],"is_trial":false,"path_per_floor":["M","?","T","M","?","R","$","E","T","R","E","M","$","M","R","B",null,"M","M","M","M","?","R","M","?","T","?","R","$","R","M","R","B"],"character_chosen":"IRONCLAD","items_purchased":["Bag of Preparation"],"campfire_rested":2,"item_purchase_floors":[29],"current_hp_per_floor":[71,71,71,71,71,71,71,63,63,63,41,47,47,28,49,9,72,59,59,53,28,28,43,44,44,44,44,44,44,44,42,42,0],"gold":10,"neow_bonus":"ONE_RARE_RELIC","is_prod":false,"is_daily":false,"chose_seed":false,"campfire_upgraded":4,"win_rate":0,"timestamp":1566585847,"path_taken":["M","?","?","M","?","R","$","E","T","R","E","M","$","M","R","BOSS","M","?","?","M","?","R","M","?","T","?","R","?","R","M","R","BOSS"],"build_version":"2019-07-17","purchased_purges":2,"victory":false,"max_hp_per_floor":[72,72,72,72,72,72,72,72,72,72,72,72,72,72,72,72,72,72,72,72,72,50,50,50,50,50,50,50,50,50,50,50,50],"card_choices":[{"not_picked":["Cleave","True Grit"],"picked":"Clothesline","floor":1},{"not_picked":["Body Slam","Berserk"],"picked":"Pommel Strike","floor":4},{"not_picked":["Havoc","Searing Blow"],"picked":"Entrench","floor":8},{"not_picked":["Whirlwind","Iron Wave"],"picked":"Burning Pact","floor":11},{"not_picked":["Clash","Evolve"],"picked":"Armaments","floor":12},{"not_picked":["Twin Strike","Sword Boomerang"],"picked":"Sever Soul","floor":14},{"not_picked":["True Grit","Twin Strike"],"picked":"Uppercut","floor":15},{"not_picked":["Brutality","Offering"],"picked":"Exhume","floor":16},{"not_picked":["Perfected Strike","Anger"],"picked":"Shockwave","floor":18},{"not_picked":["Rampage","Headbutt"],"picked":"Shrug It Off","floor":19},{"not_picked":["Headbutt","Clothesline"],"picked":"Entrench","floor":20},{"not_picked":["Cleave","Clash"],"picked":"Wild Strike","floor":21},{"not_picked":["Sword Boomerang","Hemokinesis"],"picked":"Infernal Blade","floor":23},{"not_picked":["Perfected Strike","Cleave"],"picked":"Barricade","floor":24},{"not_picked":["Thunderclap","Wild Strike"],"picked":"Iron Wave","floor":31}],"player_experience":195040,"relics_obtained":[{"floor":8,"key":"Dream Catcher"},{"floor":9,"key":"War Paint"},{"floor":11,"key":"Shuriken"},{"floor":26,"key":"Bottled Lightning"}],"event_choices":[{"damage_healed":0,"gold_gain":58,"player_choice":"Gained Gold","damage_taken":0,"max_hp_gain":0,"max_hp_loss":0,"event_name":"Golden Wing","floor":2,"gold_loss":0},{"damage_healed":0,"gold_gain":0,"player_choice":"Paid Gold","damage_taken":0,"relics_obtained":["PreservedInsect"],"max_hp_gain":0,"max_hp_loss":0,"event_name":"WeMeetAgain","floor":5,"gold_loss":61},{"damage_healed":0,"gold_gain":0,"player_choice":"Became a vampire","damage_taken":0,"max_hp_gain":0,"max_hp_loss":22,"event_name":"Vampires","floor":22,"gold_loss":0,"cards_obtained":["Bite","Bite","Bite","Bite","Bite"]},{"damage_healed":0,"gold_gain":0,"player_choice":"Ignored","damage_taken":0,"max_hp_gain":0,"max_hp_loss":0,"event_name":"Beggar","floor":25,"gold_loss":0},{"damage_healed":0,"gold_gain":0,"player_choice":"Read","damage_taken":0,"max_hp_gain":0,"max_hp_loss":0,"event_name":"The Library","floor":27,"gold_loss":0,"cards_obtained":["Corruption"]}],"is_beta":false,"boss_relics":[{"not_picked":["Black Star","Calling Bell"],"picked":"Ectoplasm"}],"items_purged_floors":[7,13],"is_endless":false,"potions_floor_spawned":[14,16,19,20,21,24],"killed_by":"Champ","ascension_level":1}