{"gold_per_floor":[367,383,102,118,118,118,135,135,158,171,202,102,119,138,138,138],"floor_reached":16,"playtime":849,"items_purged":["Strike_B","Strike_B"],"score":104,"play_id":"da40a2a0-deaf-41a7-8fdd-af12ece40d60","local_time":"20190210230420","is_ascension_mode":false,"campfire_choices":[{"data":"Defend_B","floor":6,"key":"SMITH"},{"data":"Gash","floor":8,"key":"SMITH"},{"data":"Zap","floor":15,"key":"SMITH"}],"neow_cost":"TEN_PERCENT_HP_LOSS","seed_source_timestamp":23114940968400,"circlet_count":0,"master_deck":["Strike_B","Strike_B","Defend_B+1","Defend_B","Defend_B+1","Defend_B","Zap+1","Dualcast","Gash+1"],"relics":["Cracked Core","MealTicket","Lantern","Bag of Marbles"],"potions_floor_usage":[7,10,14],"damage_taken":[{"damage":15,"enemies":"Small Slimes","floor":1,"turns":3},{"damage":1,"enemies":"Cultist","floor":2,"turns":3},{"damage":8,"enemies":"Jaw Worm","floor":4,"turns":3},{"damage":0,"enemies":"Lots of Slimes","floor":7,"turns":1},{"damage":4,"enemies":"Blue Slaver","floor":10,"turns":2},{"damage":18,"enemies":"Gremlin Nob","floor":11,"turns":4},{"damage":0,"enemies":"Looter","floor":13,"turns":3},{"damage":0,"enemies":"Gremlin Gang","floor":14,"turns":3},{"damage":38,"enemies":"Hexaghost","floor":16,"turns":10}],"seed_played":"1423298924904431304","potions_obtained":[{"floor":2,"key":"Explosive Potion"},{"floor":7,"key":"SteroidPotion"},{"floor":13,"key":"AttackPotion"}],"is_trial":false,"path_per_floor":["M","M","$","M","?","R","M","R","T","M","E","$","M","M","R","B"],"character_chosen":"DEFECT","items_purchased":["MealTicket"],"campfire_rested":0,"item_purchase_floors":[3],"current_hp_per_floor":[53,52,52,44,44,44,44,44,44,40,22,37,37,37,37,0],"gold":138,"neow_bonus":"TWO_FIFTY_GOLD","is_prod":false,"is_daily":false,"chose_seed":false,"campfire_upgraded":3,"win_rate":0,"timestamp":1549836260,"path_taken":["M","M","$","M","?","R","M","R","T","?","E","$","M","M","R","BOSS"],"build_version":"2019-01-23","purchased_purges":2,"victory":false,"max_hp_per_floor":[68,68,68,68,68,68,68,68,68,68,68,68,68,68,68,68],"card_choices":[{"not_picked":["Cold Snap","Sunder","Doom and Gloom"],"picked":"SKIP","floor":1},{"not_picked":["Go for the Eyes","Steam","Leap"],"picked":"SKIP","floor":2},{"not_picked":["Chaos","Steam"],"picked":"Gash","floor":4},{"not_picked":["Skim","Streamline","Leap"],"picked":"SKIP","floor":7},{"not_picked":["Go for the Eyes","Stack","Fusion"],"picked":"SKIP","floor":10},{"not_picked":["Stack","Reboot","Sunder"],"picked":"SKIP","floor":11},{"not_picked":["Go for the Eyes","Auto Shields","Fusion"],"picked":"SKIP","floor":13},{"not_picked":["Leap","BootSequence","Turbo"],"picked":"SKIP","floor":14}],"player_experience":814813,"relics_obtained":[{"floor":9,"key":"Lantern"},{"floor":11,"key":"Bag of Marbles"}],"event_choices":[{"damage_healed":0,"gold_gain":0,"player_choice":"Forge","damage_taken":0,"max_hp_gain":0,"max_hp_loss":0,"event_name":"Accursed Blacksmith","floor":5,"gold_loss":0,"cards_upgraded":["Defend_B"]}],"is_beta":false,"boss_relics":[],"items_purged_floors":[3,12],"is_endless":false,"potions_floor_spawned":[2,7,13],"killed_by":"Hexaghost","ascension_level":0}