{"gold_per_floor":[113,123,143,159,159,189,189,259,259,102,102,102,102,126,126,246,246,262,462,481,7,30,30,46,46,70,90,110,143,143,157,157,286,286,309,322,51,74,74,74,92,116,195,195,195,208,208,231,231,231],"floor_reached":51,"playtime":2347,"items_purged":[],"score":723,"play_id":"20d28985-6fa8-451f-bed2-03ba2348455d","local_time":"20190908165029","is_ascension_mode":false,"campfire_choices":[{"floor":7,"key":"REST"},{"data":"Seeing Red","floor":11,"key":"SMITH"},{"data":"Corruption","floor":15,"key":"SMITH"},{"data":"Flame Barrier","floor":23,"key":"SMITH"},{"data":"Perfected Strike","floor":25,"key":"SMITH"},{"floor":30,"key":"REST"},{"data":"Armaments","floor":32,"key":"SMITH"},{"data":"True Grit","floor":40,"key":"SMITH"},{"data":"Feel No Pain","floor":45,"key":"SMITH"},{"data":"Dark Embrace","floor":47,"key":"SMITH"},{"data":"Shrug It Off","floor":49,"key":"SMITH"}],"neow_cost":"NONE","seed_source_timestamp":2221521887893372,"circlet_count":0,"master_deck":["Strike_R","Strike_R","Strike_R","Strike_R","Strike_R+1","Defend_R","Defend_R","Defend_R","Defend_R","Bash+1","Perfected Strike+1","Perfected Strike","Seeing Red+1","Clash","Corruption+1","Spot Weakness","Limit Break","Clothesline","Inflame","Flame Barrier+1","Reaper","Ghostly Armor+1","Armaments+1","Perfected Strike","Shrug It Off+1","Dark Embrace+1","Armaments+1","True Grit+1","Perfected Strike+1","Parasite","Feel No Pain+1","Infernal Blade+1","Normality"],"relics":["Burning Blood","Regal Pillow","Nunchaku","StoneCalendar","Centennial Puzzle","Golden Idol","Snecko Eye","Membership Card","Self Forming Clay","Bronze Scales","Sundial","Cursed Key","Paper Frog","Pear","Bottled Tornado"],"potions_floor_usage":[24,29,33,42,50,50],"damage_taken":[{"damage":1,"enemies":"Cultist","floor":1,"turns":4},{"damage":0,"enemies":"Small Slimes","floor":2,"turns":3},{"damage":0,"enemies":"2 Louse","floor":3,"turns":2},{"damage":3,"enemies":"2 Fungi Beasts","floor":4,"turns":3},{"damage":47,"enemies":"3 Sentries","floor":6,"turns":10},{"damage":2,"enemies":"Blue Slaver","floor":14,"turns":4},{"damage":26,"enemies":"Hexaghost","floor":16,"turns":7},{"damage":25,"enemies":"2 Thieves","floor":18,"turns":3},{"damage":11,"enemies":"Chosen","floor":20,"turns":5},{"damage":8,"enemies":"Centurion and Healer","floor":22,"turns":4},{"damage":12,"enemies":"Snake Plant","floor":24,"turns":4},{"damage":6,"enemies":"Sentry and Sphere","floor":27,"turns":5},{"damage":2,"enemies":"Chosen and Byrds","floor":28,"turns":6},{"damage":39,"enemies":"Gremlin Leader","floor":29,"turns":5},{"damage":0,"enemies":"Centurion and Healer","floor":31,"turns":5},{"damage":30,"enemies":"Champ","floor":33,"turns":7},{"damage":13,"enemies":"3 Shapes","floor":35,"turns":2},{"damage":36,"enemies":"3 Darklings","floor":36,"turns":3},{"damage":9,"enemies":"Sphere and 2 Shapes","floor":38,"turns":4},{"damage":0,"enemies":"Writhing Mass","floor":41,"turns":3},{"damage":0,"enemies":"Jaw Worm Horde","floor":42,"turns":2},{"damage":3,"enemies":"Spire Growth","floor":46,"turns":4},{"damage":6,"enemies":"4 Shapes","floor":48,"turns":3},{"damage":48,"enemies":"Donu and Deca","floor":50,"turns":9}],"seed_played":"-6723797175827641439","potions_obtained":[{"floor":1,"key":"SmokeBomb"},{"floor":6,"key":"SpeedPotion"},{"floor":16,"key":"Regen Potion"},{"floor":22,"key":"Block Potion"},{"floor":28,"key":"Dexterity Potion"},{"floor":31,"key":"Ancient Potion"},{"floor":33,"key":"Ancient Potion"},{"floor":41,"key":"GamblersBrew"},{"floor":42,"key":"PowerPotion"}],"is_trial":false,"path_per_floor":["M","M","M","M","?","E","R","?","T","$","R","?","$","M","R","B",null,"M","?","M","$","M","R","M","R","T","M","M","E","R","M","R","B",null,"M","M","$","M","?","R","M","M","T","?","R","M","R","M","R","B",null],"character_chosen":"IRONCLAD","items_purchased":["Centennial Puzzle","Membership Card","Self Forming Clay","Inflame","Flame Barrier","Reaper","True Grit","Paper Frog","Pear"],"campfire_rested":2,"item_purchase_floors":[10,21,21,21,21,21,37,37,37],"current_hp_per_floor":[80,80,80,80,64,23,62,62,62,62,62,42,42,46,46,26,80,61,61,56,56,54,54,57,57,57,67,71,38,77,80,80,56,80,80,50,60,57,57,57,63,69,69,69,69,76,76,90,90,62],"gold":231,"neow_bonus":"RANDOM_COMMON_RELIC","is_prod":false,"is_daily":false,"chose_seed":false,"campfire_upgraded":9,"win_rate":0,"timestamp":1567954229,"path_taken":["M","?","?","M","?","E","R","?","T","$","R","?","?","M","R","BOSS","M","?","M","$","M","R","?","R","T","M","M","E","R","M","R","BOSS","M","M","$","M","?","R","M","M","T","?","R","M","R","M","R","BOSS"],"build_version":"2019-07-17","purchased_purges":0,"victory":true,"max_hp_per_floor":[80,80,80,80,80,80,80,80,80,80,80,80,80,80,80,80,80,80,80,80,80,80,80,80,80,80,80,80,80,80,80,80,80,80,80,80,90,90,90,90,90,90,90,90,90,90,90,90,90,90],"card_choices":[{"not_picked":["Fire Breathing","Havoc"],"picked":"Perfected Strike","floor":1},{"not_picked":["Combust","Rampage"],"picked":"Perfected Strike","floor":2},{"not_picked":["Anger","Iron Wave"],"picked":"Seeing Red","floor":3},{"not_picked":["Flex","Sentinel"],"picked":"Clash","floor":4},{"not_picked":["Offering","Warcry"],"picked":"Corruption","floor":6},{"not_picked":["Dual Wield","Reckless Charge"],"picked":"Spot Weakness","floor":14},{"not_picked":["Brutality","Feed"],"picked":"Limit Break","floor":16},{"not_picked":["Sword Boomerang","Cleave","Dropkick"],"picked":"SKIP","floor":18},{"not_picked":["Wild Strike","Iron Wave+1"],"picked":"Clothesline","floor":20},{"not_picked":["Bloodletting","Corruption+1","Body Slam"],"picked":"SKIP","floor":22},{"not_picked":["Clothesline","Metallicize"],"picked":"Ghostly Armor+1","floor":24},{"not_picked":["Double Tap","Body Slam"],"picked":"Armaments","floor":27},{"not_picked":["Iron Wave","Anger"],"picked":"Perfected Strike","floor":28},{"not_picked":["Iron Wave+1","Inflame"],"picked":"Second Wind","floor":29},{"not_picked":["Iron Wave","Twin Strike"],"picked":"Shrug It Off","floor":31},{"not_picked":["Immolate","Brutality"],"picked":"Dark Embrace","floor":33},{"not_picked":["Entrench+1","Twin Strike+1"],"picked":"Armaments+1","floor":35},{"not_picked":["Second Wind+1","Clothesline","Whirlwind"],"picked":"SKIP","floor":36},{"not_picked":["Headbutt","Anger"],"picked":"Perfected Strike+1","floor":38},{"not_picked":["Iron Wave+1","Corruption+1"],"picked":"Feel No Pain","floor":41},{"not_picked":["Havoc+1","Impervious"],"picked":"Infernal Blade+1","floor":42},{"not_picked":["Hemokinesis+1","Sentinel","Heavy Blade"],"picked":"SKIP","floor":46},{"not_picked":["Wild Strike","Headbutt+1","Pommel Strike"],"picked":"SKIP","floor":48}],"player_experience":181845,"relics_obtained":[{"floor":6,"key":"Nunchaku"},{"floor":9,"key":"StoneCalendar"},{"floor":26,"key":"Bronze Scales"},{"floor":29,"key":"Sundial"},{"floor":43,"key":"Bottled Tornado"}],"event_choices":[{"damage_healed":0,"gold_gain":0,"player_choice":"Entered Light","damage_taken":16,"max_hp_gain":0,"max_hp_loss":0,"event_name":"Shining Light","floor":5,"gold_loss":0,"cards_upgraded":["Strike_R","Bash"]},{"damage_healed":0,"gold_gain":70,"player_choice":"Gained Gold","damage_taken":0,"max_hp_gain":0,"max_hp_loss":0,"event_name":"Golden Wing","floor":8,"gold_loss":0},{"damage_healed":0,"gold_gain":0,"player_choice":"Take Damage","damage_taken":20,"relics_obtained":["Golden Idol"],"max_hp_gain":0,"max_hp_loss":0,"event_name":"Golden Idol","floor":12,"gold_loss":0},{"damage_healed":0,"gold_gain":200,"player_choice":"Gold","damage_taken":0,"max_hp_gain":0,"max_hp_loss":0,"event_name":"Wheel of Change","floor":19,"gold_loss":0},{"damage_healed":0,"gold_gain":0,"player_choice":"Ignored","damage_taken":0,"max_hp_gain":0,"max_hp_loss":0,"event_name":"Mysterious Sphere","floor":39,"gold_loss":0},{"cards_removed":["Second Wind"],"damage_healed":0,"gold_gain":0,"player_choice":"Removed Skill","damage_taken":0,"max_hp_gain":0,"max_hp_loss":0,"event_name":"Falling","floor":44,"gold_loss":0}],"is_beta":false,"boss_relics":[{"not_picked":["Pandora\u0027s Box","Black Blood"],"picked":"Snecko Eye"},{"not_picked":["Lizard Tail","Mark of Pain"],"picked":"Cursed Key"}],"items_purged_floors":[],"is_endless":false,"potions_floor_spawned":[1,6,16,22,28,31,33,41,42],"ascension_level":0}