{"path_per_floor":["M","?","?","M","?","R","M","$","T","M","M","M","T","M","R","B",null,"M","M","?","?","$","E","R","M","T","R","M","?","M","M","R"],"character_chosen":"IRONCLAD","items_purchased":["Omamori","Shrug It Off"],"gold_per_floor":[110,110,110,122,197,197,216,141,141,158,169,189,189,201,201,299,299,312,326,326,326,21,56,56,66,66,66,82,82,100,112,112,112],"floor_reached":33,"campfire_rested":0,"playtime":2335,"current_hp_per_floor":[38,38,38,41,30,30,30,30,30,50,47,47,47,53,53,32,80,75,77,62,62,62,50,50,37,37,37,51,51,58,51,51,0],"items_purged":["Strike_R","Strike_R"],"gold":112,"score":300,"play_id":"9ab45163-1a64-48e0-8fa1-28b92e404723","local_time":"20180405165617","is_prod":false,"is_daily":false,"is_ascension_mode":true,"campfire_upgraded":5,"timestamp":1522940177,"path_taken":["M","?","?","?","?","R","M","?","T","?","?","M","?","M","R","BOSS","M","?","?","?","$","E","R","M","T","R","M","?","M","M","R","BOSS"],"build_version":"2018-03-29v2","purchased_purges":2,"victory":false,"master_deck":["Strike_R","Strike_R+1","Strike_R+1","Defend_R","Defend_R","Defend_R","Bash+1","Spot Weakness+1","Pommel Strike+1","Thunderclap","Heavy Blade+1","Offering+1","Seeing Red+1","Shrug It Off","Shrug It Off","Burning Pact+1"],"max_hp_per_floor":[80,80,80,80,80,80,80,80,80,80,80,80,80,80,80,80,80,80,80,85,85,85,85,85,85,85,85,85,85,85,85,85,85],"relics":["Burning Blood","Ice Cream","Meat on the Bone","Anchor","Mark of Pain","Omamori","Bottled Flame","Whetstone"],"card_choices":[{"not_picked":["Headbutt","Exhume"],"picked":"Spot Weakness","floor":1},{"not_picked":["True Grit","Cleave"],"picked":"Pommel Strike","floor":7},{"not_picked":["Intimidate","Iron Wave"],"picked":"Thunderclap","floor":10},{"not_picked":["Fire Breathing","Entrench"],"picked":"Heavy Blade","floor":14},{"not_picked":["Demon Form","Barricade"],"picked":"Offering","floor":16},{"not_picked":["Reckless Charge","True Grit"],"picked":"Seeing Red","floor":18},{"not_picked":["Thunderclap","Hemokinesis"],"picked":"Shrug It Off","floor":23},{"not_picked":["Evolve","Seeing Red"],"picked":"Burning Pact","floor":30}],"player_experience":312356,"potions_floor_usage":[10,11,12,19,28,30,33],"damage_taken":[{"damage":8,"enemies":"Jaw Worm","floor":1,"turns":4},{"damage":3,"enemies":"2 Louse","floor":4,"turns":3},{"damage":6,"enemies":"Cultist","floor":7,"turns":3},{"damage":13,"enemies":"3 Louse","floor":10,"turns":7},{"damage":18,"enemies":"Exordium Wildlife","floor":11,"turns":4},{"damage":6,"enemies":"Lots of Slimes","floor":12,"turns":3},{"damage":0,"enemies":"2 Fungi Beasts","floor":14,"turns":2},{"damage":39,"enemies":"The Guardian","floor":16,"turns":8},{"damage":11,"enemies":"Spheric Guardian","floor":18,"turns":3},{"damage":4,"enemies":"Chosen","floor":19,"turns":3},{"damage":30,"enemies":"Gremlin Leader","floor":23,"turns":5},{"damage":31,"enemies":"Snake Plant","floor":25,"turns":5},{"damage":4,"enemies":"Chosen and Byrds","floor":28,"turns":4},{"damage":11,"enemies":"Centurion and Healer","floor":30,"turns":5},{"damage":25,"enemies":"Sentry and Sphere","floor":31,"turns":5},{"damage":58,"enemies":"Collector","floor":33,"turns":5}],"event_choices":[{"event_name":"Living Wall","player_choice":"Forget","floor":2,"damage_taken":0},{"event_name":"Liars Game","player_choice":"disagreed","floor":3,"damage_taken":0},{"event_name":"World of Goop","player_choice":"Gather Gold","floor":5,"damage_taken":0},{"event_name":"Forgotten Altar","player_choice":"Shed Blood","floor":20,"damage_taken":0},{"event_name":"Cursed Tome","player_choice":"Ignored","floor":21,"damage_taken":0},{"event_name":"Upgrade Shrine","player_choice":"Upgraded","floor":29,"damage_taken":0}],"boss_relics":[{"not_picked":["Black Star","Runic Dome"],"picked":"Mark of Pain"}],"potions_floor_spawned":[7,10,11,14,16,18,19,28],"seed_played":"-7587792888781096004","killed_by":"Collector","ascension_level":3,"is_trial":false}