{"gold_per_floor":[113,113,113,125,90,122,122,122,122,5,19,19,51,71,71,71],"floor_reached":16,"playtime":5732,"items_purged":[],"score":189,"play_id":"bbf70f66-6540-497b-9dad-3ff9941b80f4","local_time":"20190728231252","is_ascension_mode":true,"campfire_choices":[{"floor":7,"key":"REST"},{"data":"Perfected Strike","floor":12,"key":"SMITH"},{"floor":15,"key":"REST"}],"neow_cost":"NONE","seed_source_timestamp":135649146424300,"circlet_count":0,"master_deck":["AscendersBane","Strike_R","Strike_R","Strike_R","Strike_R","Strike_R","Defend_R","Defend_R","Defend_R","Defend_R","Bash","Regret","Body Slam","Shrug It Off","Perfected Strike+1","Burning Pact","Armaments","Dark Embrace+1"],"relics":["Burning Blood","Turnip","Mummified Hand","Torii","Frozen Egg 2","Shuriken","Bag of Preparation"],"potions_floor_usage":[13,14],"damage_taken":[{"damage":8,"enemies":"Jaw Worm","floor":1,"turns":4},{"damage":23,"enemies":"Cultist","floor":4,"turns":6},{"damage":50,"enemies":"Gremlin Nob","floor":6,"turns":6},{"damage":11,"enemies":"Small Slimes","floor":11,"turns":4},{"damage":41,"enemies":"Lagavulin","floor":13,"turns":7},{"damage":17,"enemies":"Exordium Wildlife","floor":14,"turns":5},{"damage":52,"enemies":"The Guardian","floor":16,"turns":11}],"seed_played":"-8740814650503443227","potions_obtained":[{"floor":4,"key":"SkillPotion"},{"floor":13,"key":"BloodPotion"}],"is_trial":false,"path_per_floor":["M","?","?","M","?","E","R","?","T","$","M","R","E","M","R","B"],"character_chosen":"IRONCLAD","items_purchased":["Perfected Strike","Burning Pact"],"campfire_rested":2,"item_purchase_floors":[10,10],"current_hp_per_floor":[73,73,73,56,76,32,56,56,56,56,51,51,16,25,49,0],"gold":71,"neow_bonus":"TEN_PERCENT_HP_BONUS","is_prod":false,"is_daily":false,"chose_seed":false,"campfire_upgraded":1,"win_rate":0,"timestamp":1564380772,"path_taken":["M","?","?","?","?","E","R","?","T","$","M","R","E","M","R","BOSS"],"build_version":"2019-07-17","purchased_purges":0,"victory":false,"max_hp_per_floor":[82,82,82,82,82,82,82,82,82,82,82,82,82,82,82,82],"card_choices":[{"not_picked":["Warcry","Clash"],"picked":"Disarm","floor":1},{"not_picked":["Sword Boomerang","Reckless Charge"],"picked":"Body Slam","floor":4},{"not_picked":["Thunderclap","Evolve"],"picked":"Shrug It Off","floor":6},{"not_picked":["Whirlwind","Iron Wave"],"picked":"Armaments","floor":11},{"not_picked":["Clash","Blood for Blood","Rupture+1"],"picked":"SKIP","floor":13},{"not_picked":["Searing Blow","Cleave"],"picked":"Dark Embrace+1","floor":14}],"player_experience":1387127,"relics_obtained":[{"floor":6,"key":"Torii"},{"floor":8,"key":"Frozen Egg 2"},{"floor":9,"key":"Shuriken"},{"floor":13,"key":"Bag of Preparation"}],"event_choices":[{"damage_healed":0,"gold_gain":0,"player_choice":"Box","damage_taken":0,"relics_obtained":["Turnip"],"max_hp_gain":0,"max_hp_loss":0,"event_name":"Big Fish","floor":2,"gold_loss":0,"cards_obtained":["Regret"]},{"cards_removed":["Disarm"],"damage_healed":0,"gold_gain":0,"player_choice":"Gave Card","damage_taken":0,"relics_obtained":["Mummified Hand"],"max_hp_gain":0,"max_hp_loss":0,"event_name":"WeMeetAgain","floor":3,"gold_loss":0},{"damage_healed":20,"gold_gain":0,"player_choice":"Healed","damage_taken":0,"max_hp_gain":0,"max_hp_loss":0,"event_name":"The Cleric","floor":5,"gold_loss":35},{"damage_healed":0,"gold_gain":0,"player_choice":"Relic","damage_taken":0,"max_hp_gain":0,"max_hp_loss":0,"event_name":"Wheel of Change","floor":8,"gold_loss":0}],"is_beta":false,"boss_relics":[],"items_purged_floors":[],"is_endless":false,"potions_floor_spawned":[4,13],"killed_by":"The Guardian","ascension_level":15}