{"gold_per_floor":[363,377,396,410,420,420,445,370,370,370,68,82,82,2,2,104,104,122,133,58,58,58,58,58,70,70,70,70,70],"floor_reached":29,"playtime":1468,"items_purged":["Strike_B"],"score":225,"play_id":"3b3c4c08-2788-4630-8a3e-ffaa128ca483","local_time":"20190210234554","is_ascension_mode":false,"campfire_choices":[{"data":"Chaos","floor":6,"key":"SMITH"},{"data":"Strike_B","floor":13,"key":"PURGE"},{"floor":15,"key":"REST"},{"floor":24,"key":"REST"},{"floor":28,"key":"REST"}],"neow_cost":"TEN_PERCENT_HP_LOSS","seed_source_timestamp":24992252390492,"circlet_count":0,"master_deck":["Strike_B","Defend_B","Defend_B","Defend_B","Defend_B","Zap","Dualcast","Chaos+1","Gash","Chaos","Electrodynamics","Decay"],"relics":["Cracked Core","Art of War","Happy Flower","Peace Pipe","Philosopher\u0027s Stone","Symbiotic Virus"],"potions_floor_usage":[7,7,12,16,21,29],"damage_taken":[{"damage":0,"enemies":"Cultist","floor":1,"turns":3},{"damage":2,"enemies":"Jaw Worm","floor":2,"turns":4},{"damage":3,"enemies":"2 Louse","floor":3,"turns":2},{"damage":4,"enemies":"Blue Slaver","floor":4,"turns":4},{"damage":6,"enemies":"Red Slaver","floor":5,"turns":3},{"damage":8,"enemies":"3 Sentries","floor":7,"turns":6},{"damage":11,"enemies":"Exordium Wildlife","floor":12,"turns":4},{"damage":33,"enemies":"The Guardian","floor":16,"turns":9},{"damage":0,"enemies":"Spheric Guardian","floor":18,"turns":3},{"damage":17,"enemies":"2 Thieves","floor":19,"turns":2},{"damage":35,"enemies":"Cultist and Chosen","floor":21,"turns":8},{"damage":29,"enemies":"Snake Plant","floor":25,"turns":4},{"damage":27,"enemies":"Book of Stabbing","floor":29,"turns":5}],"seed_played":"-7121766989965221611","potions_obtained":[{"floor":1,"key":"EssenceOfSteel"},{"floor":2,"key":"FocusPotion"},{"floor":5,"key":"Explosive Potion"},{"floor":10,"key":"SmokeBomb"},{"floor":10,"key":"FearPotion"},{"floor":18,"key":"LiquidBronze"}],"is_trial":false,"path_per_floor":["M","M","M","M","M","R","E","$","T","?","$","M","R","$","R","B",null,"M","M","?","M","?","$","R","M","T","$","R","E"],"character_chosen":"DEFECT","items_purchased":["Peace Pipe","Chaos"],"campfire_rested":3,"item_purchase_floors":[11,14],"current_hp_per_floor":[68,66,63,59,53,53,45,45,45,45,45,34,34,34,54,21,68,68,51,51,16,16,16,36,7,7,7,27,0],"gold":70,"neow_bonus":"TWO_FIFTY_GOLD","is_prod":false,"is_daily":false,"chose_seed":false,"campfire_upgraded":1,"win_rate":0,"timestamp":1549838754,"path_taken":["M","M","M","M","M","R","E","$","T","?","$","M","R","$","R","BOSS","M","M","?","M","?","?","R","M","T","$","R","E"],"build_version":"2019-01-23","purchased_purges":1,"victory":false,"max_hp_per_floor":[68,68,68,68,68,68,68,68,68,68,68,68,68,68,68,68,68,68,68,68,68,68,68,68,68,68,68,68,68],"card_choices":[{"not_picked":["Force Field","Rip and Tear","Streamline"],"picked":"SKIP","floor":1},{"not_picked":["Stack","Steam Power"],"picked":"Chaos","floor":2},{"not_picked":["Loop","Hologram"],"picked":"Gash","floor":3},{"not_picked":["FTL","Blizzard","Rebound"],"picked":"SKIP","floor":4},{"not_picked":["Sweeping Beam","Steam","Hello World"],"picked":"SKIP","floor":5},{"not_picked":["Rip and Tear","Scrape","Leap"],"picked":"SKIP","floor":7},{"not_picked":["Reprogram","Ball Lightning","Steam"],"picked":"SKIP","floor":12},{"not_picked":["Seek","Core Surge"],"picked":"Electrodynamics","floor":16},{"not_picked":["Stack","Sunder","Steam"],"picked":"SKIP","floor":18},{"not_picked":["Static Discharge+1","Hologram","Conserve Battery"],"picked":"SKIP","floor":19},{"not_picked":["Conserve Battery","Sunder","Compile Driver"],"picked":"SKIP","floor":25}],"player_experience":816665,"relics_obtained":[{"floor":7,"key":"Art of War"},{"floor":9,"key":"Happy Flower"},{"floor":26,"key":"Symbiotic Virus"}],"event_choices":[{"damage_healed":0,"gold_gain":0,"player_choice":"Got Potions","damage_taken":0,"max_hp_gain":0,"max_hp_loss":0,"event_name":"Lab","floor":10,"gold_loss":0},{"cards_removed":["Strike_B"],"damage_healed":0,"gold_gain":0,"player_choice":"Gave Gold","damage_taken":0,"max_hp_gain":0,"max_hp_loss":0,"event_name":"Beggar","floor":20,"gold_loss":75},{"damage_healed":0,"gold_gain":0,"player_choice":"Smashed Altar","damage_taken":0,"max_hp_gain":0,"max_hp_loss":0,"event_name":"Forgotten Altar","floor":22,"gold_loss":0,"cards_obtained":["Decay"]}],"is_beta":false,"boss_relics":[{"not_picked":["Black Star","Velvet Choker"],"picked":"Philosopher\u0027s Stone"}],"items_purged_floors":[8],"is_endless":false,"potions_floor_spawned":[1,2,5,18],"killed_by":"Book of Stabbing","ascension_level":0}