{"path_per_floor":["M","?","M","M","M","R","E","M","T","?","R","M","M","$","R","B",null,"M","M","$","M","?","R"],"character_chosen":"THE_SILENT","items_purchased":["Infinite Blades","Heel Hook","Expertise","Prepared","Accuracy","Dagger Spray"],"gold_per_floor":[116,66,85,102,119,119,149,166,220,220,220,237,255,23,23,120,120,138,105,1,12,262,262],"floor_reached":24,"campfire_rested":4,"playtime":3016,"current_hp_per_floor":[63,63,61,56,49,63,45,29,29,29,47,47,40,40,58,8,63,45,15,15,15,15,33],"items_purged":[],"gold":262,"score":200,"play_id":"30dde412-ff8a-4088-91ee-66b9eb38f1ec","is_prod":false,"is_daily":false,"is_ascension_mode":false,"campfire_upgraded":0,"path_taken":["M","?","?","M","M","R","E","M","T","?","R","M","M","$","R","BOSS","M","M","$","M","?","R","E"],"build_version":"2018-02-12-PROD1","purchased_purges":0,"victory":false,"master_deck":["Defend_G","Defend_G","Defend_G","Defend_G","Strike_G","Strike_G","Strike_G","Strike_G","Strike_G","Survivor","Neutralize","Cloak And Dagger","Dash","Prepared","Quick Slash","Storm of Steel","Outmaneuver","Sucker Punch","Slice","Infinite Blades","Heel Hook","Expertise","Prepared","Burst","Finisher","PiercingWail+1","Accuracy","Dagger Spray","Infinite Blades","Regret"],"max_hp_per_floor":[63,63,63,63,63,63,63,63,63,63,63,63,63,63,63,63,63,63,63,63,63,63,63],"relics":["Ring of the Snake","Unceasing Top","Bag of Marbles","Art of War","Lizard Tail"],"card_choices":[{"not_picked":["Prepared","Deflect"],"picked":"Cloak And Dagger"},{"not_picked":["Flechettes","Outmaneuver"],"picked":"Dash"},{"not_picked":["Outmaneuver","Dodge and Roll"],"picked":"Prepared"},{"not_picked":["Calculated Gamble","Eviscerate"],"picked":"Quick Slash"},{"not_picked":["Dagger Throw","Terror"],"picked":"Storm of Steel"},{"not_picked":["Poisoned Stab","Well Laid Plans"],"picked":"Outmaneuver"},{"not_picked":["Reflex","Acrobatics"],"picked":"Sucker Punch"},{"not_picked":["Bane","Calculated Gamble"],"picked":"Slice"},{"not_picked":["Doppelganger","Bullet Time"],"picked":"Burst"},{"not_picked":["Underhanded Strike","Deadly Poison"],"picked":"Finisher"},{"not_picked":["Deadly Poison","Underhanded Strike"],"picked":"PiercingWail"},{"not_picked":["Reflex","Underhanded Strike"],"picked":"Infinite Blades"}],"player_experience":87502,"potions_floor_usage":[7,13,16,16],"damage_taken":[{"damage":0.0,"enemies":"2 Louse","floor":1.0,"turns":5.0},{"damage":2.0,"enemies":"Jaw Worm","floor":3.0,"turns":3.0},{"damage":5.0,"enemies":"Blue Slaver","floor":4.0,"turns":4.0},{"damage":7,"enemies":"3 Louse","floor":5,"turns":3},{"damage":18,"enemies":"Lagavulin","floor":7,"turns":11},{"damage":16,"enemies":"Exordium Thugs","floor":8,"turns":6},{"damage":0,"enemies":"Large Slime","floor":12,"turns":4},{"damage":7,"enemies":"Looter","floor":13,"turns":2},{"damage":65,"enemies":"The Guardian","floor":16,"turns":14},{"damage":18,"enemies":"Spheric Guardian","floor":18,"turns":5},{"damage":30,"enemies":"2 Thieves","floor":19,"turns":5},{"damage":36,"enemies":"Sentry and Sphere","floor":21,"turns":7},{"damage":36,"enemies":"Gremlin Leader","floor":24,"turns":6}],"event_choices":[{"event_name":"The Cleric","player_choice":"Card Removal","floor":2.0,"damage_taken":0.0},{"event_name":"The Lab","player_choice":"Got Potions","floor":10,"damage_taken":0},{"event_name":"Golden Shrine","player_choice":"Desecrate","floor":22,"damage_taken":0}],"boss_relics":[{"not_picked":["Black Star","Eternal Feather"],"picked":"Lizard Tail"}],"potions_floor_spawned":[3,8,12],"seed_played":"2713367463191591084","killed_by":"Gremlin Leader","ascension_level":0,"is_trial":false}