{"path_per_floor":["M","$","?","?","M","E","?","E","T","R","M","E","M","E","R"],"character_chosen":"IRONCLAD","items_purchased":["Second Wind","Hemokinesis"],"gold_per_floor":[115,1,1,1,24,68,28,97,121,121,142,181,197,231,231],"floor_reached":16,"campfire_rested":2,"playtime":1519,"current_hp_per_floor":[96,96,77,77,74,53,53,49,49,77,82,52,54,57,85],"items_purged":[],"gold":231,"score":153,"play_id":"0718dbf5-f709-457a-b342-1369745cb06e","is_prod":false,"is_daily":false,"is_ascension_mode":false,"campfire_upgraded":0,"path_taken":["M","$","?","?","M","E","?","E","T","R","?","E","M","E","R","BOSS"],"build_version":"2018-02-15-PROD1","purchased_purges":0,"victory":false,"master_deck":["Strike_R","Strike_R","Strike_R+1","Strike_R","Strike_R","Defend_R","Defend_R","Defend_R","Defend_R","Bash","Writhe","Dropkick+1","Second Wind","Hemokinesis","Injury","Twin Strike","Armaments+1","Pummel","Anger","Dual Wield+1","Perfected Strike","Twin Strike"],"max_hp_per_floor":[96,96,96,96,96,96,96,96,96,96,96,96,96,96,96],"relics":["Burning Blood","Golden Idol","Toxic Egg 2","Tiny Chest","Oddly Smooth Stone","Meat on the Bone","Bag of Preparation"],"card_choices":[{"not_picked":["Rupture","Spot Weakness"],"picked":"Dropkick"},{"not_picked":["Heavy Blade","Sever Soul"],"picked":"Twin Strike"},{"not_picked":["Cleave","Pommel Strike"],"picked":"Armaments"},{"not_picked":["Corruption","Heavy Blade"],"picked":"Pummel"},{"not_picked":["Armaments","Sword Boomerang"],"picked":"Anger"},{"not_picked":["Body Slam","Warcry"],"picked":"Dual Wield"},{"not_picked":["Clash","Pommel Strike"],"picked":"Perfected Strike"},{"not_picked":["Offering","Rupture"],"picked":"Twin Strike"}],"player_experience":156110,"potions_floor_usage":[6,8,8,11,12,13,14],"damage_taken":[{"damage":1,"enemies":"2 Louse","floor":1,"turns":2},{"damage":9,"enemies":"Jaw Worm","floor":5,"turns":2},{"damage":27,"enemies":"Lagavulin","floor":6,"turns":5},{"damage":10,"enemies":"Gremlin Nob","floor":8,"turns":3},{"damage":1,"enemies":"Small Slimes","floor":11,"turns":3},{"damage":36,"enemies":"Lagavulin","floor":12,"turns":6},{"damage":16,"enemies":"Gremlin Gang","floor":13,"turns":5},{"damage":15,"enemies":"3 Sentries","floor":14,"turns":6},{"damage":87,"enemies":"Hexaghost","floor":16,"turns":9}],"event_choices":[{"event_name":"Shining Light","player_choice":"Entered Light","floor":3,"damage_taken":0},{"event_name":"Golden Idol","player_choice":"Take Wound","floor":4,"damage_taken":0},{"event_name":"The Woman in Blue","player_choice":"Bought 3 Potions","floor":7,"damage_taken":0}],"boss_relics":[],"potions_floor_spawned":[1,8,12,13],"seed_played":"7700494252085399975","killed_by":"Hexaghost","ascension_level":0,"is_trial":false}