{"path_per_floor":["M","?","$","?","M","R","E","M","T","R","M","E","M","$","R","B",null,"M","M","$","M","?","R"],"character_chosen":"THE_SILENT","items_purchased":["Noxious Fumes","Flying Knee","Cloak And Dagger","Vajra","Flying Knee","Night Terror","Outmaneuver","Glass Knife"],"gold_per_floor":[147,147,12,187,198,198,225,235,262,262,275,301,317,41,41,140,140,120,133,2,16,16,16],"floor_reached":24,"campfire_rested":3,"playtime":3058,"current_hp_per_floor":[75,75,75,75,62,62,46,46,46,68,58,40,22,22,44,16,75,64,59,59,20,20,42],"items_purged":[],"gold":16,"score":331,"play_id":"d69fd274-492b-4f2e-b19f-931022e3bb75","is_prod":false,"is_daily":false,"is_ascension_mode":false,"campfire_upgraded":1,"path_taken":["M","?","$","?","M","R","E","M","T","R","?","E","?","$","R","BOSS","M","M","$","M","?","R","M"],"build_version":"2018-02-08-PROD1","purchased_purges":0,"victory":false,"master_deck":["Defend_G","Defend_G","Defend_G+1","Defend_G","Defend_G","Strike_G","Strike_G","Strike_G","Strike_G","Strike_G","Survivor","Neutralize","Bane","Blur","Normality","Noxious Fumes+1","Flying Knee","Cloak And Dagger","Doubt","Backflip+1","Blade Dance","Cloak And Dagger","Cloak And Dagger","Quick Slash","Backflip","Flying Knee","Night Terror","Adrenaline","Decay","Decay","Parasite","Catalyst","All Out Attack+1","Outmaneuver","Glass Knife","Finisher"],"max_hp_per_floor":[75,75,75,75,75,75,75,75,75,75,75,75,75,75,75,75,75,75,75,75,75,75,75],"relics":["Tiny House","Happy Flower","Bottled Flame","Snake Skull","Calipers","Vajra","Calling Bell","War Paint","Centennial Puzzle","Gambling Chip"],"card_choices":[{"not_picked":["Footwork","Deflect"],"picked":"Bane"},{"not_picked":["Acrobatics","Deflect"],"picked":"Blur"},{"not_picked":["Slice","Blur"],"picked":"Backflip"},{"not_picked":["Dagger Spray","Bouncing Flask"],"picked":"Blade Dance"},{"not_picked":["PiercingWail","Footwork"],"picked":"Cloak And Dagger"},{"not_picked":["Expertise","Well Laid Plans"],"picked":"Cloak And Dagger"},{"not_picked":["Sucker Punch","Corpse Explosion"],"picked":"Quick Slash"},{"not_picked":["PiercingWail","Eviscerate"],"picked":"Backflip"},{"not_picked":["A Thousand Cuts","Bullet Time"],"picked":"Adrenaline"},{"not_picked":["Reflex","Malaise"],"picked":"Catalyst"},{"not_picked":["Quick Slash","Cloak And Dagger"],"picked":"All Out Attack"},{"not_picked":["Crippling Poison","PiercingWail"],"picked":"Finisher"}],"player_experience":47581,"potions_floor_usage":[7,8,18,19,21,24],"damage_taken":[{"damage":0,"enemies":"Blue Slaver","floor":1,"turns":6},{"damage":13,"enemies":"Jaw Worm","floor":5,"turns":5},{"damage":16,"enemies":"3 Sentries","floor":7,"turns":8},{"damage":0,"enemies":"Small Slimes","floor":8,"turns":3},{"damage":10,"enemies":"Exordium Wildlife","floor":11,"turns":5},{"damage":18,"enemies":"Gremlin Nob","floor":12,"turns":4},{"damage":18,"enemies":"3 Louse","floor":13,"turns":2},{"damage":28,"enemies":"Slime Boss","floor":16,"turns":9},{"damage":11,"enemies":"2 Thieves","floor":18,"turns":4},{"damage":5,"enemies":"3 Byrds","floor":19,"turns":5},{"damage":39,"enemies":"Snecko","floor":21,"turns":6},{"damage":44,"enemies":"Cultist and Chosen","floor":24,"turns":8}],"event_choices":[{"event_name":"Accursed Blacksmith","player_choice":"Rummage","floor":2,"damage_taken":0},{"event_name":"Liars Game","player_choice":"agreed","floor":4,"damage_taken":0},{"event_name":"Drug Dealer","player_choice":"Ignored","floor":22,"damage_taken":0}],"boss_relics":[{"not_picked":["Orrery","White Beast Statue"],"picked":"Calling Bell"}],"potions_floor_spawned":[1,5,13,16,19],"seed_played":"-2792276114072973500","killed_by":"Cultist and Chosen","ascension_level":0,"is_trial":false}