{"gold_per_floor":[117,44,44,54,74,99,99,99,99,113,113,143,143,158,158,258,258,273,42,52,66,85,85,114,114,140,140,158,174,174,191,191,290,290,308,208,118,137,137,137,163,177,258,258,285,2,17,27,27,27],"floor_reached":50,"playtime":6902,"items_purged":["Regret","Strike_G","Writhe"],"score":563,"play_id":"73095d20-9440-4cef-9878-8e23ccde2886","local_time":"20190204064328","is_ascension_mode":false,"campfire_choices":[{"data":"Neutralize","floor":7,"key":"SMITH"},{"data":"Dagger Spray","floor":11,"key":"SMITH"},{"data":"Well Laid Plans","floor":13,"key":"SMITH"},{"floor":15,"key":"RECALL"},{"data":"Malaise","floor":23,"key":"SMITH"},{"data":"Footwork","floor":25,"key":"SMITH"},{"floor":30,"key":"REST"},{"data":"Dash","floor":32,"key":"SMITH"},{"data":"Predator","floor":40,"key":"SMITH"},{"data":"Outmaneuver","floor":44,"key":"SMITH"},{"floor":49,"key":"REST"}],"neow_cost":"TEN_PERCENT_HP_LOSS","seed_source_timestamp":36688796426287,"circlet_count":0,"master_deck":["Defend_G","Defend_G","Defend_G+1","Defend_G","Defend_G","Strike_G","Strike_G","Strike_G","Survivor+1","Neutralize+1","Predator+1","Well Laid Plans+1","Backstab","Dash+1","Adrenaline","Dagger Spray+1","Terror","Malaise+1","Dagger Throw+1","Acrobatics+1","PiercingWail+1","Footwork+1","Outmaneuver+1","Prepared+1","Reflex+1","Expertise+1","Leg Sweep+1","Parasite","Blur","Skewer"],"relics":["Ring of the Snake","Blue Candle","Strawberry","War Paint","Velvet Choker","Art of War","Blood Vial","Dream Catcher","Eternal Feather","Turnip","The Courier","MawBank","Pear"],"potions_floor_usage":[4,12,16,20,22,31,33,33,33,38,41,42,50],"damage_taken":[{"damage":2,"enemies":"2 Louse","floor":1,"turns":3},{"damage":0,"enemies":"Small Slimes","floor":3,"turns":3},{"damage":0,"enemies":"Cultist","floor":4,"turns":3},{"damage":3,"enemies":"Large Slime","floor":5,"turns":5},{"damage":7,"enemies":"3 Sentries","floor":6,"turns":10},{"damage":1,"enemies":"Blue Slaver","floor":10,"turns":2},{"damage":2,"enemies":"Lagavulin","floor":12,"turns":6},{"damage":1,"enemies":"Looter","floor":14,"turns":2},{"damage":19,"enemies":"Hexaghost","floor":16,"turns":8},{"damage":10,"enemies":"Spheric Guardian","floor":18,"turns":4},{"damage":3,"enemies":"3 Byrds","floor":20,"turns":4},{"damage":0,"enemies":"Snecko","floor":21,"turns":5},{"damage":4,"enemies":"Centurion and Healer","floor":22,"turns":5},{"damage":0,"enemies":"Book of Stabbing","floor":24,"turns":6},{"damage":0,"enemies":"Snake Plant","floor":27,"turns":6},{"damage":15,"enemies":"Sentry and Sphere","floor":28,"turns":9},{"damage":18,"enemies":"Centurion and Healer","floor":29,"turns":9},{"damage":0,"enemies":"Cultist and Chosen","floor":31,"turns":7},{"damage":14,"enemies":"Automaton","floor":33,"turns":14},{"damage":0,"enemies":"Orb Walker","floor":35,"turns":4},{"damage":15,"enemies":"3 Darklings","floor":38,"turns":6},{"damage":24,"enemies":"Reptomancer","floor":41,"turns":9},{"damage":2,"enemies":"Sphere and 2 Shapes","floor":42,"turns":8},{"damage":15,"enemies":"Nemesis","floor":45,"turns":11},{"damage":31,"enemies":"Spire Growth","floor":47,"turns":5},{"damage":7,"enemies":"Writhing Mass","floor":48,"turns":7},{"damage":69,"enemies":"Donu and Deca","floor":50,"turns":10}],"seed_played":"5690074708052001221","potions_obtained":[{"floor":1,"key":"Energy Potion"},{"floor":5,"key":"EssenceOfSteel"},{"floor":10,"key":"GamblersBrew"},{"floor":14,"key":"AttackPotion"},{"floor":18,"key":"LiquidBronze"},{"floor":20,"key":"SkillPotion"},{"floor":24,"key":"Ancient Potion"},{"floor":29,"key":"Ancient Potion"},{"floor":31,"key":"SpeedPotion"},{"floor":33,"key":"Explosive Potion"},{"floor":35,"key":"Swift Potion"},{"floor":38,"key":"AttackPotion"},{"floor":48,"key":"Block Potion"}],"is_trial":false,"path_per_floor":["M","$","M","M","M","E","R","?","T","M","R","E","R","M","R","B",null,"M","$","M","M","M","R","E","R","T","M","M","M","R","M","R","B",null,"M","$","?","M","?","R","E","M","T","R","E","$","M","M","R","B"],"character_chosen":"THE_SILENT","items_purchased":["Well Laid Plans","Art of War","Pear"],"campfire_rested":2,"item_purchase_floors":[2,19,46],"current_hp_per_floor":[61,61,61,61,58,51,51,58,58,57,57,55,55,54,54,35,70,60,60,57,57,53,53,53,53,53,55,42,26,47,49,49,37,70,70,70,70,55,70,70,46,46,46,61,48,58,29,24,63,0],"gold":27,"neow_bonus":"THREE_RARE_CARDS","is_prod":false,"is_daily":false,"chose_seed":false,"campfire_upgraded":8,"win_rate":0,"timestamp":1549259008,"path_taken":["M","$","M","M","M","E","R","?","T","M","R","E","R","M","R","BOSS","M","$","M","M","M","R","E","R","T","M","M","M","R","M","R","BOSS","M","$","?","?","?","R","E","M","T","R","E","$","M","M","R","BOSS"],"build_version":"2019-01-23","purchased_purges":3,"victory":false,"max_hp_per_floor":[63,63,63,63,63,63,63,70,70,70,70,70,70,70,70,70,70,70,70,70,70,70,70,70,70,70,70,70,70,70,70,70,70,70,70,70,70,70,70,70,70,70,70,70,70,80,80,80,80,80],"card_choices":[{"not_picked":["Setup","Deadly Poison"],"picked":"Predator","floor":1},{"not_picked":["Dodge and Roll","Catalyst"],"picked":"Backstab","floor":3},{"not_picked":["Deflect","Blur"],"picked":"Dash","floor":4},{"not_picked":["Prepared","Dodge and Roll"],"picked":"Adrenaline","floor":5},{"not_picked":["Skewer","Poisoned Stab"],"picked":"Dagger Spray","floor":6},{"not_picked":["Bouncing Flask","Concentrate","Slice"],"picked":"SKIP","floor":10},{"not_picked":["Concentrate","PiercingWail","Endless Agony"],"picked":"SKIP","floor":12},{"not_picked":["Bane","Well Laid Plans"],"picked":"Terror","floor":14},{"not_picked":["Storm of Steel","Wraith Form v2"],"picked":"Malaise","floor":16},{"not_picked":["Dagger Spray+1","Blade Dance"],"picked":"Dagger Throw","floor":18},{"not_picked":["Eviscerate","Calculated Gamble","Outmaneuver"],"picked":"SKIP","floor":20},{"not_picked":["Cloak And Dagger","Prepared+1"],"picked":"Acrobatics+1","floor":21},{"not_picked":["Deflect","Poisoned Stab"],"picked":"PiercingWail+1","floor":22},{"not_picked":["Outmaneuver","Expertise"],"picked":"Footwork","floor":24},{"not_picked":["Crippling Poison","Cloak And Dagger"],"picked":"Outmaneuver","floor":27},{"not_picked":["Slice","Cloak And Dagger","Deflect"],"picked":"SKIP","floor":28},{"not_picked":["Slice","Setup","Deadly Poison"],"picked":"SKIP","floor":29},{"not_picked":["Cloak And Dagger","All Out Attack+1","Slice+1"],"picked":"SKIP","floor":31},{"not_picked":["Blade Dance+1","Outmaneuver"],"picked":"Prepared+1","floor":35},{"not_picked":["PiercingWail+1","Backstab+1"],"picked":"Reflex+1","floor":38},{"not_picked":["Prepared","Riddle With Holes+1"],"picked":"Expertise+1","floor":41},{"not_picked":["Deflect","Underhanded Strike","Cloak And Dagger"],"picked":"SKIP","floor":42},{"not_picked":["Deflect","Deadly Poison","Prepared"],"picked":"SKIP","floor":45},{"not_picked":["Quick Slash","Dagger Spray"],"picked":"Leg Sweep+1","floor":47},{"not_picked":["Die Die Die","Endless Agony"],"picked":"Blur","floor":48},{"not_picked":["Prepared+1","Bane+1"],"picked":"Skewer","floor":49}],"player_experience":728355,"relics_obtained":[{"floor":6,"key":"Blue Candle"},{"floor":12,"key":"War Paint"},{"floor":24,"key":"Blood Vial"},{"floor":26,"key":"Dream Catcher"},{"floor":41,"key":"Turnip"},{"floor":43,"key":"The Courier"},{"floor":45,"key":"MawBank"}],"event_choices":[{"damage_healed":0,"gold_gain":0,"player_choice":"Box","damage_taken":0,"relics_obtained":["Strawberry"],"max_hp_gain":0,"max_hp_loss":0,"event_name":"Big Fish","floor":8,"gold_loss":0,"cards_obtained":["Regret"]},{"cards_removed":["Strike_G"],"damage_healed":0,"gold_gain":0,"player_choice":"Upgrade and Remove","damage_taken":0,"max_hp_gain":0,"max_hp_loss":0,"event_name":"Designer","floor":37,"gold_loss":90,"cards_upgraded":["Dagger Throw"]},{"damage_healed":18,"gold_gain":0,"player_choice":"Writhe","damage_taken":0,"max_hp_gain":0,"max_hp_loss":0,"event_name":"Winding Halls","floor":39,"gold_loss":0,"cards_obtained":["Writhe"]}],"is_beta":false,"boss_relics":[{"not_picked":["Astrolabe","Ring of the Serpent"],"picked":"Velvet Choker"},{"not_picked":["Orrery","WristBlade"],"picked":"Eternal Feather"}],"items_purged_floors":[19,36,46],"is_endless":false,"potions_floor_spawned":[1,5,10,14,18,20,24,29,31,33,35,38,48],"killed_by":"Donu and Deca","ascension_level":0}