{"gold_per_floor":[115,128,147,158,37,66,85,85,85,101,101,101,111,131,131,131],"floor_reached":16,"playtime":1173,"items_purged":[],"score":111,"play_id":"b8fad886-401a-42e2-9bdf-da1447f36523","local_time":"20190830202425","is_ascension_mode":true,"campfire_choices":[{"floor":11,"key":"REST"},{"floor":15,"key":"RECALL"}],"neow_cost":"NONE","seed_source_timestamp":55858440273700,"circlet_count":0,"master_deck":["Strike_G","Strike_G","Strike_G","Strike_G","Strike_G","Defend_G","Defend_G","Defend_G","Defend_G","Defend_G","Survivor","Neutralize","Reflex","Poisoned Stab","Endless Agony","Dodge and Roll","Outmaneuver","Blur","Acrobatics","Dodge and Roll","Outmaneuver"],"relics":["Ring of the Snake","Boot","Tiny Chest","Smiling Mask","Matryoshka"],"potions_floor_usage":[6,16,16],"damage_taken":[{"damage":0,"enemies":"Cultist","floor":1,"turns":4},{"damage":0,"enemies":"Jaw Worm","floor":2,"turns":4},{"damage":0,"enemies":"2 Louse","floor":3,"turns":3},{"damage":3,"enemies":"2 Fungi Beasts","floor":4,"turns":4},{"damage":30,"enemies":"Lagavulin","floor":6,"turns":9},{"damage":2,"enemies":"Blue Slaver","floor":7,"turns":5},{"damage":0,"enemies":"3 Louse","floor":10,"turns":3},{"damage":0,"enemies":"Looter","floor":13,"turns":3},{"damage":0,"enemies":"Blue Slaver","floor":14,"turns":4},{"damage":58,"enemies":"Slime Boss","floor":16,"turns":14}],"seed_played":"7001104056207728036","potions_obtained":[{"floor":1,"key":"Poison Potion"},{"floor":2,"key":"SpeedPotion"},{"floor":10,"key":"SkillPotion"}],"is_trial":false,"path_per_floor":["M","M","M","M","$","E","M","$","T","M","R","$","M","M","R","B"],"character_chosen":"THE_SILENT","items_purchased":["Tiny Chest"],"campfire_rested":1,"item_purchase_floors":[5],"current_hp_per_floor":[70,70,70,67,67,37,35,35,35,35,56,56,56,56,56,0],"gold":131,"neow_bonus":"RANDOM_COMMON_RELIC","is_prod":false,"is_daily":false,"chose_seed":false,"campfire_upgraded":0,"win_rate":0,"timestamp":1567214665,"path_taken":["M","?","?","M","$","E","M","$","T","M","R","?","M","M","R","BOSS"],"build_version":"2019-07-17","purchased_purges":0,"victory":false,"max_hp_per_floor":[70,70,70,70,70,70,70,70,70,70,70,70,70,70,70,70],"card_choices":[{"not_picked":["Finisher","Dagger Spray"],"picked":"Reflex","floor":1},{"not_picked":["Quick Slash","Deadly Poison"],"picked":"Poisoned Stab","floor":2},{"not_picked":["Dagger Throw","Quick Slash"],"picked":"Endless Agony","floor":3},{"not_picked":["Prepared","Slice"],"picked":"Dodge and Roll","floor":4},{"not_picked":["Phantasmal Killer","Blur"],"picked":"Outmaneuver","floor":6},{"not_picked":["Poisoned Stab","Prepared"],"picked":"Blur","floor":7},{"not_picked":["Masterful Stab","Choke"],"picked":"Acrobatics","floor":10},{"not_picked":["Cloak And Dagger","Heel Hook"],"picked":"Dodge and Roll","floor":13},{"not_picked":["Deflect","Dagger Throw"],"picked":"Outmaneuver","floor":14}],"player_experience":241374,"relics_obtained":[{"floor":6,"key":"Smiling Mask"},{"floor":9,"key":"Matryoshka"}],"event_choices":[],"is_beta":false,"boss_relics":[],"items_purged_floors":[],"is_endless":false,"potions_floor_spawned":[1,2,10],"killed_by":"Slime Boss","ascension_level":1}