{"gold_per_floor":[116,162,181,181,196,196,471,486,513,553,577,577,592,636,636,636],"floor_reached":16,"playtime":564,"items_purged":[],"score":213,"play_id":"f99c3b89-1964-4e34-aac8-748886a5707a","local_time":"20190830221953","is_ascension_mode":true,"campfire_choices":[{"data":"Zap","floor":6,"key":"SMITH"},{"floor":12,"key":"REST"},{"floor":15,"key":"REST"}],"neow_cost":"NONE","seed_source_timestamp":136621879534200,"circlet_count":0,"master_deck":["AscendersBane","Strike_B","Strike_B","Strike_B","Strike_B","Defend_B","Defend_B","Defend_B","Defend_B","Zap+1","Dualcast","Hologram","Sweeping Beam","Injury","Auto Shields","Regret","Ball Lightning","Hello World","Steam","Storm"],"relics":["Cracked Core","Orichalcum","Golden Idol","Regal Pillow","Mummified Hand","Bag of Preparation"],"potions_floor_usage":[10,16],"damage_taken":[{"damage":6,"enemies":"Cultist","floor":1,"turns":3},{"damage":2,"enemies":"Jaw Worm","floor":3,"turns":4},{"damage":7,"enemies":"Small Slimes","floor":5,"turns":3},{"damage":13,"enemies":"3 Louse","floor":8,"turns":3},{"damage":18,"enemies":"3 Sentries","floor":10,"turns":7},{"damage":10,"enemies":"Exordium Wildlife","floor":11,"turns":3},{"damage":7,"enemies":"Looter","floor":13,"turns":3},{"damage":27,"enemies":"Lagavulin","floor":14,"turns":6},{"damage":58,"enemies":"The Guardian","floor":16,"turns":11}],"seed_played":"6875550055116092481","potions_obtained":[{"floor":1,"key":"EssenceOfSteel"},{"floor":8,"key":"AttackPotion"}],"is_trial":false,"path_per_floor":["M","T","M","?","M","R","?","M","T","E","M","R","M","E","R","B"],"character_chosen":"DEFECT","items_purchased":[],"campfire_rested":2,"item_purchase_floors":[],"current_hp_per_floor":[65,65,63,63,56,56,56,43,43,25,15,53,46,19,57,0],"gold":636,"neow_bonus":"TEN_PERCENT_HP_BONUS","is_prod":false,"is_daily":false,"chose_seed":false,"campfire_upgraded":1,"win_rate":0,"timestamp":1567228793,"path_taken":["M","?","M","?","M","R","?","?","T","E","M","R","M","E","R","BOSS"],"build_version":"2019-07-17","purchased_purges":0,"victory":false,"max_hp_per_floor":[78,78,78,78,78,78,78,78,78,78,78,78,78,78,78,78],"card_choices":[{"not_picked":["Force Field","Storm"],"picked":"Hologram","floor":1},{"not_picked":["Turbo","Stack"],"picked":"Sweeping Beam","floor":3},{"not_picked":["Steam","Gash"],"picked":"Auto Shields","floor":5},{"not_picked":["Lockon","Sweeping Beam"],"picked":"Ball Lightning","floor":8},{"not_picked":["Sweeping Beam","Hyperbeam"],"picked":"Hello World","floor":10},{"not_picked":["Beam Cell","Steam Power"],"picked":"Steam","floor":11},{"not_picked":["Hello World","Turbo"],"picked":"Storm","floor":13},{"not_picked":["Hello World","Double Energy","Reprogram"],"picked":"SKIP","floor":14}],"player_experience":1397892,"relics_obtained":[{"floor":2,"key":"Orichalcum"},{"floor":9,"key":"Regal Pillow"},{"floor":10,"key":"Mummified Hand"},{"floor":14,"key":"Bag of Preparation"}],"event_choices":[{"damage_healed":0,"gold_gain":0,"player_choice":"Take Wound","damage_taken":0,"relics_obtained":["Golden Idol"],"max_hp_gain":0,"max_hp_loss":0,"event_name":"Golden Idol","floor":4,"gold_loss":0,"cards_obtained":["Injury"]},{"damage_healed":0,"gold_gain":275,"player_choice":"Desecrate","damage_taken":0,"max_hp_gain":0,"max_hp_loss":0,"event_name":"Golden Shrine","floor":7,"gold_loss":0,"cards_obtained":["Regret"]}],"is_beta":false,"boss_relics":[],"items_purged_floors":[],"is_endless":false,"potions_floor_spawned":[1,8],"killed_by":"The Guardian","ascension_level":18}