{"path_per_floor":["M","M","M","M","M","R","E","?","T","E","M","M","?","?","R"],"character_chosen":"IRONCLAD","items_purchased":[],"gold_per_floor":[114,130,148,161,178,178,206,261,285,310,321,336,336,336,336,336],"floor_reached":16,"campfire_rested":1,"playtime":2657,"current_hp_per_floor":[72,72,72,69,63,63,52,32,32,15,8,14,14,14,34,0],"items_purged":[],"gold":336,"score":114,"play_id":"c95819ed-ef0b-4c58-9c8e-9bf22bcfafcd","local_time":"20180329164824","is_prod":false,"is_daily":false,"is_ascension_mode":false,"campfire_upgraded":1,"timestamp":1522334904,"path_taken":["M","M","M","M","M","R","E","?","T","E","M","M","?","?","R","BOSS"],"build_version":"2018-03-22v2","purchased_purges":0,"victory":false,"master_deck":["Strike_R","Strike_R","Strike_R","Strike_R","Defend_R","Defend_R","Bash","Perfected Strike","Body Slam","Twin Strike","Brutality+1","Wild Strike","Bludgeon","Demon Form"],"max_hp_per_floor":[72,72,72,72,72,72,72,72,72,72,72,72,67,67,67,67],"relics":["Burning Blood","Pen Nib","Self Forming Clay","Anchor","Centennial Puzzle","Golden Idol"],"card_choices":[{"not_picked":["Havoc","Sword Boomerang"],"picked":"Twin Strike","floor":2},{"not_picked":["Anger","Shrug It Off"],"picked":"Brutality","floor":3},{"not_picked":["Dropkick","Flex"],"picked":"Wild Strike","floor":4},{"not_picked":["Battle Trance","Intimidate"],"picked":"Bludgeon","floor":10}],"player_experience":202756,"potions_floor_usage":[2,7,10,12,16],"damage_taken":[{"damage":0,"enemies":"2 Louse","floor":1,"turns":2},{"damage":0,"enemies":"Small Slimes","floor":2,"turns":3},{"damage":6,"enemies":"Cultist","floor":3,"turns":3},{"damage":9,"enemies":"3 Louse","floor":4,"turns":5},{"damage":12,"enemies":"Gremlin Gang","floor":5,"turns":5},{"damage":17,"enemies":"Gremlin Nob","floor":7,"turns":4},{"damage":26,"enemies":"3 Sentries","floor":8,"turns":7},{"damage":23,"enemies":"Lagavulin","floor":10,"turns":4},{"damage":13,"enemies":"Large Slime","floor":11,"turns":4},{"damage":0,"enemies":"3 Louse","floor":12,"turns":2},{"damage":38,"enemies":"The Guardian","floor":16,"turns":7}],"event_choices":[{"event_name":"Dead Adventurer","player_choice":"Searched \u00271\u0027 times","floor":8,"damage_taken":0},{"event_name":"Golden Idol","player_choice":"Lose Max HP","floor":13,"damage_taken":0},{"event_name":"Transmorgrifier","player_choice":"Transform","floor":14,"damage_taken":0}],"boss_relics":[],"potions_floor_spawned":[1,5,8,11,12],"seed_played":"-438637973566720485","killed_by":"The Guardian","ascension_level":0,"is_trial":false}