{"gold_per_floor":[218,233,248,1,20,20,95,95,95,120,120,160,174,46,46,169,169,192,0,23,42,62,62,62,95,147,185,201,201,31,47,47,176,176,195,295,170,195,45,79,7,7,7,30,30,46,60,75,75,75],"floor_reached":50,"playtime":4183,"items_purged":["Strike_G","Strike_G","Normality","Normality"],"score":540,"play_id":"1f4bcd71-c76c-4544-9219-7484c3ef96bd","local_time":"20190202224600","is_ascension_mode":false,"campfire_choices":[{"data":"Neutralize","floor":6,"key":"SMITH"},{"data":"Dagger Spray","floor":11,"key":"SMITH"},{"data":"Noxious Fumes","floor":15,"key":"SMITH"},{"data":"Envenom","floor":23,"key":"SMITH"},{"floor":29,"key":"REST"},{"data":"Apotheosis","floor":32,"key":"SMITH"},{"floor":42,"key":"RECALL"},{"data":"Infinite Blades","floor":49,"key":"SMITH"}],"neow_cost":"NONE","seed_source_timestamp":20215492514509,"circlet_count":0,"master_deck":["Defend_G","Defend_G","Defend_G","Defend_G","Defend_G","Strike_G","Strike_G","Strike_G","Survivor","Neutralize+1","Backflip","Dagger Spray+1","Dagger Throw","Terror","Blur","Noxious Fumes+1","Quick Slash","Envenom+1","Slice","Apotheosis+1","Blade Dance","Backflip","Backflip","Well Laid Plans","Flying Knee+1","Infinite Blades+1"],"relics":["Ring of the Snake","Meat on the Bone","Golden Idol","Gremlin Horn","Busted Crown","PreservedInsect","Mercury Hourglass","Boot","Dream Catcher","Calling Bell","Pen Nib","Kunai","Thread and Needle","Ginger","Ninja Scroll","Spirit Poop"],"potions_floor_usage":[10,13,16,21,21,33,33,35,47],"damage_taken":[{"damage":0,"enemies":"2 Louse","floor":1,"turns":3},{"damage":0,"enemies":"Small Slimes","floor":2,"turns":3},{"damage":0,"enemies":"Jaw Worm","floor":3,"turns":3},{"damage":7,"enemies":"3 Louse","floor":5,"turns":3},{"damage":0,"enemies":"Exordium Thugs","floor":10,"turns":4},{"damage":17,"enemies":"3 Sentries","floor":12,"turns":10},{"damage":0,"enemies":"2 Fungi Beasts","floor":13,"turns":3},{"damage":9,"enemies":"Slime Boss","floor":16,"turns":9},{"damage":6,"enemies":"2 Thieves","floor":18,"turns":4},{"damage":15,"enemies":"Spheric Guardian","floor":20,"turns":5},{"damage":13,"enemies":"Snake Plant","floor":21,"turns":4},{"damage":8,"enemies":"Shelled Parasite and Fungi","floor":22,"turns":5},{"damage":10,"enemies":"Book of Stabbing","floor":25,"turns":6},{"damage":24,"enemies":"Slavers","floor":27,"turns":3},{"damage":2,"enemies":"Chosen and Byrds","floor":28,"turns":5},{"damage":2,"enemies":"3 Cultists","floor":31,"turns":4},{"damage":18,"enemies":"Champ","floor":33,"turns":8},{"damage":7,"enemies":"Orb Walker","floor":35,"turns":4},{"damage":11,"enemies":"3 Shapes","floor":38,"turns":3},{"damage":16,"enemies":"Nemesis","floor":40,"turns":5},{"damage":11,"enemies":"3 Darklings","floor":44,"turns":4},{"damage":0,"enemies":"Maw","floor":46,"turns":6},{"damage":0,"enemies":"Sphere and 2 Shapes","floor":47,"turns":4},{"damage":5,"enemies":"4 Shapes","floor":48,"turns":4},{"damage":53,"enemies":"Time Eater","floor":50,"turns":6}],"seed_played":"-2554506486430782564","potions_obtained":[{"floor":2,"key":"Energy Potion"},{"floor":3,"key":"EssenceOfSteel"},{"floor":5,"key":"Dexterity Potion"},{"floor":12,"key":"FearPotion"},{"floor":18,"key":"FearPotion"},{"floor":28,"key":"FearPotion"},{"floor":31,"key":"Regen Potion"},{"floor":33,"key":"EssenceOfSteel"},{"floor":40,"key":"Regen Potion"},{"floor":47,"key":"Ancient Potion"}],"is_trial":false,"path_per_floor":["M","M","M","$","M","R","?","?","T","M","R","E","M","$","R","B",null,"M","$","M","M","M","R","?","E","T","E","M","R","$","M","R","B",null,"M","?","$","M","$","E","$","R","T","M","?","M","M","M","R","B"],"character_chosen":"THE_SILENT","items_purchased":["Meat on the Bone","Quick Slash","Apotheosis","Well Laid Plans","Infinite Blades"],"campfire_rested":1,"item_purchase_floors":[4,14,19,30,41],"current_hp_per_floor":[70,70,70,70,63,63,52,52,52,52,52,35,35,35,35,38,65,59,59,44,43,35,35,35,37,37,25,35,54,54,52,52,47,65,58,58,58,47,47,43,43,43,43,44,44,44,56,51,51,0],"gold":75,"neow_bonus":"HUNDRED_GOLD","is_prod":false,"is_daily":false,"chose_seed":false,"campfire_upgraded":6,"win_rate":0,"timestamp":1549143960,"path_taken":["M","M","M","$","M","R","?","?","T","M","R","E","M","$","R","BOSS","M","$","M","M","M","R","?","E","T","E","M","R","$","M","R","BOSS","M","?","$","M","$","E","?","R","T","?","?","?","M","M","R","BOSS"],"build_version":"2019-01-23","purchased_purges":4,"victory":false,"max_hp_per_floor":[70,70,70,70,70,70,70,65,65,65,65,65,65,65,65,65,65,65,65,65,65,65,65,65,65,65,65,65,65,65,65,65,65,65,65,65,65,65,65,65,65,65,65,65,65,65,65,65,65,65],"card_choices":[{"not_picked":["Reflex","Calculated Gamble"],"picked":"Backflip","floor":1},{"not_picked":["Prepared","Accuracy"],"picked":"Dagger Spray","floor":2},{"not_picked":["Night Terror","PiercingWail"],"picked":"Dagger Throw","floor":3},{"not_picked":["Calculated Gamble","All Out Attack"],"picked":"Terror","floor":5},{"not_picked":["Slice","Deflect"],"picked":"Blur","floor":10},{"not_picked":["Infinite Blades","Blade Dance"],"picked":"Noxious Fumes","floor":12},{"not_picked":["Cloak And Dagger","Dagger Throw","Setup"],"picked":"SKIP","floor":13},{"not_picked":["Wraith Form v2","Glass Knife"],"picked":"Envenom","floor":16},{"not_picked":[],"picked":"Slice","floor":18},{"not_picked":[],"picked":"Blade Dance","floor":20},{"not_picked":["Reflex"],"picked":"SKIP","floor":21},{"not_picked":["Eviscerate"],"picked":"SKIP","floor":22},{"not_picked":[],"picked":"Backflip","floor":25},{"not_picked":["Poisoned Stab"],"picked":"SKIP","floor":27},{"not_picked":["PiercingWail"],"picked":"SKIP","floor":28},{"not_picked":[],"picked":"Backflip","floor":29},{"not_picked":["Acrobatics"],"picked":"SKIP","floor":31},{"not_picked":["Eviscerate+1"],"picked":"SKIP","floor":35},{"not_picked":[],"picked":"Flying Knee+1","floor":38},{"not_picked":["Choke+1"],"picked":"SKIP","floor":40},{"not_picked":["Well Laid Plans+1"],"picked":"SKIP","floor":44},{"not_picked":["Deadly Poison+1"],"picked":"SKIP","floor":46},{"not_picked":["Crippling Poison+1"],"picked":"SKIP","floor":47},{"not_picked":["Acrobatics+1"],"picked":"SKIP","floor":48}],"player_experience":695823,"relics_obtained":[{"floor":12,"key":"Gremlin Horn"},{"floor":25,"key":"Mercury Hourglass"},{"floor":26,"key":"Boot"},{"floor":27,"key":"Dream Catcher"},{"floor":34,"key":"Pen Nib"},{"floor":34,"key":"Kunai"},{"floor":34,"key":"Thread and Needle"},{"floor":40,"key":"Ginger"},{"floor":43,"key":"Ninja Scroll"}],"event_choices":[{"damage_healed":0,"gold_gain":75,"player_choice":"Gather Gold","damage_taken":11,"max_hp_gain":0,"max_hp_loss":0,"event_name":"World of Goop","floor":7,"gold_loss":0},{"damage_healed":0,"gold_gain":0,"player_choice":"Lose Max HP","damage_taken":0,"relics_obtained":["Golden Idol"],"max_hp_gain":0,"max_hp_loss":5,"event_name":"Golden Idol","floor":8,"gold_loss":0},{"damage_healed":0,"gold_gain":0,"player_choice":"Opened","damage_taken":0,"relics_obtained":["PreservedInsect"],"max_hp_gain":0,"max_hp_loss":0,"event_name":"The Mausoleum","floor":24,"gold_loss":0},{"damage_healed":0,"gold_gain":100,"player_choice":"Pray","damage_taken":0,"max_hp_gain":0,"max_hp_loss":0,"event_name":"Golden Shrine","floor":36,"gold_loss":0},{"cards_removed":["Injury"],"damage_healed":0,"gold_gain":0,"player_choice":"Offered Curse","damage_taken":0,"relics_obtained":["Spirit Poop"],"max_hp_gain":0,"max_hp_loss":0,"event_name":"Bonfire Elementals","floor":45,"gold_loss":0}],"is_beta":false,"boss_relics":[{"not_picked":["Runic Pyramid","Empty Cage"],"picked":"Busted Crown"},{"not_picked":["HoveringKite","Cursed Key"],"picked":"Calling Bell"}],"items_purged_floors":[14,30,37,39],"is_endless":false,"potions_floor_spawned":[2,3,5,12,18,28,31,33,40,47],"killed_by":"Time Eater","ascension_level":0}