{"gold_per_floor":[115,127,144,154,154,154,174,201,224,149,164,175,175,175,175,272,272,272,212,212,112,112,112,112,112,112,112,112,112,112,12,12,12],"floor_reached":33,"playtime":1775,"items_purged":["Strike_R","Defend_R"],"score":291,"play_id":"48ba6da2-d4f4-4ea5-8924-c31351a9a45e","local_time":"20190901152222","is_ascension_mode":false,"campfire_choices":[{"data":"Carnage","floor":6,"key":"SMITH"},{"data":"Bash","floor":13,"key":"SMITH"},{"data":"Ghostly Armor","floor":15,"key":"SMITH"},{"data":"Warcry","floor":23,"key":"SMITH"},{"data":"Shrug It Off","floor":25,"key":"SMITH"},{"floor":32,"key":"REST"}],"neow_cost":"NONE","seed_source_timestamp":1612006664319389,"circlet_count":0,"master_deck":["Strike_R","Strike_R","Strike_R+1","Strike_R","Defend_R","Defend_R","Defend_R+1","Bash+1","Armaments+1","Rampage","Carnage+1","Headbutt","Offering","Ghostly Armor+1","Shrug It Off+1","Reaper","Armaments+1","Warcry+1","Whirlwind+1","Flex+1"],"relics":["Burning Blood","Boot","Vajra","Ectoplasm","Ancient Tea Set","Frozen Egg 2"],"potions_floor_usage":[11,16,16,24,28,33,33],"damage_taken":[{"damage":0,"enemies":"Small Slimes","floor":1,"turns":3},{"damage":6,"enemies":"Cultist","floor":2,"turns":3},{"damage":0,"enemies":"2 Louse","floor":3,"turns":3},{"damage":1,"enemies":"Exordium Thugs","floor":4,"turns":4},{"damage":5,"enemies":"Looter","floor":7,"turns":2},{"damage":28,"enemies":"3 Sentries","floor":8,"turns":7},{"damage":13,"enemies":"Gremlin Gang","floor":11,"turns":4},{"damage":9,"enemies":"Large Slime","floor":12,"turns":3},{"damage":28,"enemies":"The Guardian","floor":16,"turns":12},{"damage":0,"enemies":"Spheric Guardian","floor":18,"turns":2},{"damage":9,"enemies":"2 Thieves","floor":19,"turns":4},{"damage":10,"enemies":"Sentry and Sphere","floor":20,"turns":6},{"damage":11,"enemies":"Snake Plant","floor":22,"turns":3},{"damage":51,"enemies":"Slavers","floor":24,"turns":6},{"damage":24,"enemies":"Shelled Parasite and Fungi","floor":27,"turns":4},{"damage":38,"enemies":"Book of Stabbing","floor":28,"turns":7},{"damage":0,"enemies":"Cultist and Chosen","floor":29,"turns":3},{"damage":83,"enemies":"Collector","floor":33,"turns":11}],"seed_played":"7817923944324012197","potions_obtained":[{"floor":0,"key":"Strength Potion"},{"floor":0,"key":"Strength Potion"},{"floor":0,"key":"GamblersBrew"},{"floor":3,"key":"Block Potion"},{"floor":11,"key":"LiquidBronze"},{"floor":12,"key":"Ancient Potion"},{"floor":19,"key":"BloodPotion"},{"floor":20,"key":"SmokeBomb"},{"floor":27,"key":"LiquidBronze"}],"is_trial":false,"path_per_floor":["M","M","M","M","?","R","M","E","T","$","M","M","R","?","R","B",null,"M","M","M","$","M","R","E","R","T","M","E","M","?","$","R","B"],"character_chosen":"IRONCLAD","items_purchased":["Block Potion","Energy Potion"],"campfire_rested":1,"item_purchase_floors":[31,31],"current_hp_per_floor":[80,80,80,80,80,80,80,58,58,58,51,48,48,32,32,10,80,80,80,76,76,71,71,55,55,55,37,14,32,32,32,56,0],"gold":12,"neow_bonus":"THREE_SMALL_POTIONS","is_prod":false,"is_daily":false,"chose_seed":false,"campfire_upgraded":5,"win_rate":0,"timestamp":1567344142,"path_taken":["M","M","M","M","?","R","M","E","T","$","M","?","R","?","R","BOSS","M","M","M","$","M","R","E","R","T","M","E","M","?","$","R","BOSS"],"build_version":"2019-07-17","purchased_purges":2,"victory":false,"max_hp_per_floor":[80,80,80,80,80,80,80,80,80,80,80,80,80,80,80,80,80,80,80,80,80,80,80,80,80,80,80,80,80,80,80,80,80],"card_choices":[{"not_picked":["Bloodletting","Fire Breathing"],"picked":"Armaments","floor":1},{"not_picked":["Feel No Pain","Disarm"],"picked":"Rampage","floor":2},{"not_picked":["Evolve","Clothesline"],"picked":"Carnage","floor":3},{"not_picked":["Combust","Pummel"],"picked":"Headbutt","floor":4},{"not_picked":["Flame Barrier","Twin Strike"],"picked":"Offering","floor":7},{"not_picked":["Power Through","Body Slam"],"picked":"Ghostly Armor","floor":8},{"not_picked":["Sword Boomerang","Ghostly Armor"],"picked":"Shrug It Off","floor":11},{"not_picked":["Dropkick","Searing Blow","Bloodletting"],"picked":"SKIP","floor":12},{"not_picked":["Double Tap","Impervious"],"picked":"Reaper","floor":16},{"not_picked":["Havoc","Body Slam","Twin Strike"],"picked":"SKIP","floor":18},{"not_picked":["Power Through","Evolve+1"],"picked":"Armaments+1","floor":19},{"not_picked":["Sword Boomerang","Pommel Strike"],"picked":"Warcry","floor":20},{"not_picked":["Heavy Blade","Iron Wave+1"],"picked":"Whirlwind+1","floor":22},{"not_picked":["Inflame","Pommel Strike"],"picked":"Flex+1","floor":24},{"not_picked":["Carnage","Flex","Armaments"],"picked":"SKIP","floor":27},{"not_picked":["Immolate","Anger+1","Thunderclap"],"picked":"SKIP","floor":29}],"player_experience":123431,"relics_obtained":[{"floor":8,"key":"Boot"},{"floor":9,"key":"Vajra"},{"floor":24,"key":"Ancient Tea Set"},{"floor":26,"key":"Frozen Egg 2"}],"event_choices":[{"damage_healed":0,"gold_gain":0,"player_choice":"Forge","damage_taken":0,"max_hp_gain":0,"max_hp_loss":0,"event_name":"Accursed Blacksmith","floor":5,"gold_loss":0,"cards_upgraded":["Armaments"]},{"damage_healed":0,"gold_gain":0,"player_choice":"Entered Light","damage_taken":16,"max_hp_gain":0,"max_hp_loss":0,"event_name":"Shining Light","floor":14,"gold_loss":0,"cards_upgraded":["Strike_R","Defend_R"]},{"damage_healed":0,"gold_gain":99,"player_choice":"Stole From Cult","damage_taken":0,"max_hp_gain":0,"max_hp_loss":0,"event_name":"Nest","floor":30,"gold_loss":0}],"is_beta":false,"boss_relics":[{"not_picked":["Fusion Hammer","Philosopher\u0027s Stone"],"picked":"Ectoplasm"}],"items_purged_floors":[10,21],"is_endless":false,"potions_floor_spawned":[2,3,4,11,12,19,20,27,28],"killed_by":"Collector","ascension_level":0}