{"gold_per_floor":[118,118,68,82,7,40,51,51,51,82,98,98,130,150,150,255,255,273,273,284,294,294,294,307,307,307,334,234,234,250,125,125,125],"floor_reached":33,"playtime":2007,"items_purged":["Strike_R","Bash","Strike_R"],"score":326,"play_id":"c99d915c-d1f0-4844-ae1c-eba509f072d7","local_time":"20190908130855","is_ascension_mode":true,"campfire_choices":[{"data":"Bash","floor":12.0,"key":"SMITH"},{"floor":15.0,"key":"REST"},{"data":"Demon Form","floor":23.0,"key":"SMITH"},{"data":"Body Slam","floor":25.0,"key":"SMITH"},{"floor":32,"key":"REST"}],"neow_cost":"NONE","seed_source_timestamp":0,"circlet_count":0,"master_deck":["Strike_R","Defend_R","Defend_R","Defend_R","Defend_R","Bash+1","Cleave","Headbutt","Offering","Evolve","Thunderclap","Body Slam+1","Flex","Demon Form+1","Shrug It Off+1","Power Through","Brutality","Brutality","Heavy Blade+1"],"special_seed":0,"relics":["Burning Blood","NeowsBlessing","Paper Frog","Matryoshka","Omamori","Gremlin Horn","Mummified Hand","Letter Opener","Mark of Pain","Art of War","Darkstone Periapt","GremlinMask"],"potions_floor_usage":[33],"damage_taken":[{"damage":0.0,"enemies":"Jaw Worm","floor":1.0,"turns":1.0},{"damage":0.0,"enemies":"Small Slimes","floor":4.0,"turns":1.0},{"damage":0.0,"enemies":"Gremlin Nob","floor":6.0,"turns":1.0},{"damage":6.0,"enemies":"Cultist","floor":7.0,"turns":3.0},{"damage":30.0,"enemies":"Lagavulin","floor":10.0,"turns":5.0},{"damage":16.0,"enemies":"Looter","floor":11.0,"turns":2.0},{"damage":31.0,"enemies":"Gremlin Nob","floor":13.0,"turns":4.0},{"damage":7.0,"enemies":"Red Slaver","floor":14.0,"turns":2.0},{"damage":13.0,"enemies":"Slime Boss","floor":16.0,"turns":7.0},{"damage":9.0,"enemies":"3 Byrds","floor":18.0,"turns":4.0},{"damage":16.0,"enemies":"Spheric Guardian","floor":20.0,"turns":5.0},{"damage":15.0,"enemies":"Centurion and Healer","floor":21.0,"turns":4.0},{"damage":24.0,"enemies":"Snake Plant","floor":24.0,"turns":3.0},{"damage":28.0,"enemies":"Book of Stabbing","floor":27.0,"turns":4.0},{"damage":11.0,"enemies":"3 Cultists","floor":30.0,"turns":4.0},{"damage":44,"enemies":"Collector","floor":33,"turns":3}],"seed_played":"6608876793804213609","potions_obtained":[{"floor":7.0,"key":"EssenceOfSteel"},{"floor":13.0,"key":"Block Potion"},{"floor":14.0,"key":"Fruit Juice"},{"floor":18.0,"key":"LiquidBronze"},{"floor":21.0,"key":"Ancient Potion"},{"floor":27.0,"key":"EssenceOfSteel"},{"floor":30.0,"key":"Block Potion"}],"is_trial":false,"path_per_floor":["M","?","?","M","$","E","M","T","T","E","M","R","E","M","R","B",null,"M","?","M","M","?","R","M","R","T","E","$","?","M","$","R","B"],"character_chosen":"IRONCLAD","items_purchased":[],"campfire_rested":2,"item_purchase_floors":[],"current_hp_per_floor":[80,80,80,80,80,80,80,80,80,56,46,46,21,20,44,42,85,82,82,72,63,63,63,45,45,45,23,23,23,18,18,43,0],"gold":125,"neow_bonus":"THREE_ENEMY_KILL","is_prod":false,"is_daily":false,"chose_seed":false,"campfire_upgraded":3,"win_rate":0,"timestamp":1567940935,"path_taken":["M","?","?","M","$","E","M","?","T","E","M","R","E","M","R","BOSS","M","?","M","M","?","R","?","R","T","E","$","?","M","$","R","BOSS"],"build_version":"2019-07-17","purchased_purges":3,"victory":false,"max_hp_per_floor":[80,80,80,80,80,80,80,80,80,80,80,80,80,80,80,85,85,85,85,85,85,85,85,85,85,85,85,85,85,85,85,85,85],"card_choices":[{"not_picked":["Armaments","Havoc"],"picked":"Cleave","floor":1.0},{"not_picked":["Havoc","Pommel Strike"],"picked":"Headbutt","floor":4.0},{"not_picked":["Headbutt","Blood for Blood","Inflame"],"picked":"SKIP","floor":6.0},{"not_picked":["Pommel Strike","Spot Weakness"],"picked":"Offering","floor":7.0},{"not_picked":["Intimidate","Burning Pact"],"picked":"Evolve","floor":10.0},{"not_picked":["Heavy Blade","Havoc"],"picked":"Thunderclap","floor":11.0},{"not_picked":["Rage","Headbutt"],"picked":"Body Slam","floor":13.0},{"not_picked":["Armaments","True Grit"],"picked":"Flex","floor":14.0},{"not_picked":["Juggernaut","Fiend Fire"],"picked":"Demon Form","floor":16.0},{"not_picked":["Flex","Wild Strike+1"],"picked":"Shrug It Off+1","floor":18.0},{"not_picked":["Havoc+1","Cleave+1"],"picked":"Brutality","floor":20.0},{"not_picked":["Dual Wield","Hemokinesis","Iron Wave"],"picked":"SKIP","floor":21.0},{"not_picked":["Dual Wield","Headbutt","Thunderclap"],"picked":"SKIP","floor":24.0},{"not_picked":["True Grit+1","Armaments"],"picked":"Heavy Blade+1","floor":27.0},{"not_picked":["Rampage","Battle Trance+1","Evolve"],"picked":"SKIP","floor":30.0}],"player_experience":840703,"relics_obtained":[{"floor":6.0,"key":"Paper Frog"},{"floor":8.0,"key":"Matryoshka"},{"floor":9.0,"key":"Omamori"},{"floor":9.0,"key":"Gremlin Horn"},{"floor":10.0,"key":"Mummified Hand"},{"floor":13.0,"key":"Letter Opener"},{"floor":26.0,"key":"Art of War"},{"floor":27.0,"key":"Darkstone Periapt"}],"event_choices":[{"cards_removed":["Strike_R"],"damage_healed":0.0,"max_hp_gain":0.0,"max_hp_loss":0.0,"gold_gain":0.0,"event_name":"Living Wall","player_choice":"Forget","floor":2.0,"gold_loss":0.0,"damage_taken":0.0},{"cards_removed":["Strike_R"],"damage_healed":0.0,"max_hp_gain":0.0,"max_hp_loss":0.0,"gold_gain":0.0,"event_name":"The Cleric","player_choice":"Card Removal","floor":3.0,"gold_loss":50.0,"damage_taken":0.0},{"damage_healed":0.0,"max_hp_gain":0.0,"max_hp_loss":0.0,"gold_gain":0.0,"event_name":"The Library","player_choice":"Read","floor":19.0,"gold_loss":0.0,"damage_taken":0.0,"cards_obtained":["Power Through"]},{"damage_healed":0.0,"max_hp_gain":0.0,"max_hp_loss":0.0,"gold_gain":0.0,"event_name":"Match and Keep!","player_choice":"2 cards matched","floor":22.0,"gold_loss":0.0,"damage_taken":0.0,"cards_obtained":["Bash","Brutality"]},{"damage_healed":0.0,"max_hp_gain":0.0,"max_hp_loss":0.0,"gold_gain":0.0,"event_name":"FaceTrader","player_choice":"Trade","floor":29.0,"gold_loss":0.0,"damage_taken":0.0,"relics_obtained":["GremlinMask"]}],"is_beta":false,"boss_relics":[{"not_picked":["Eternal Feather","White Beast Statue"],"picked":"Mark of Pain"}],"items_purged_floors":[5,28,31],"is_endless":false,"potions_floor_spawned":[7,13,14,18,21,27,30],"killed_by":"Collector","ascension_level":1}