{"gold_per_floor":[111,128,128,128,73,73,92,17,17,17,17,61,79,117,117,117],"floor_reached":16,"playtime":658,"items_purged":["Strike_R"],"score":200,"play_id":"5fb42f89-c7fa-4d22-9b6b-354fd7f0bd67","local_time":"20190907162021","is_ascension_mode":true,"campfire_choices":[{"floor":6,"key":"REST"},{"data":"Bash","floor":10,"key":"SMITH"},{"floor":15,"key":"REST"}],"neow_cost":"NONE","seed_source_timestamp":292072053237900,"circlet_count":0,"master_deck":["AscendersBane","Strike_R","Strike_R","Strike_R","Strike_R","Defend_R","Defend_R","Defend_R","Defend_R","Bash+1","Heavy Blade","Shockwave","Armaments","Dropkick","Havoc","Metallicize"],"relics":["Burning Blood","Boot","Pantograph","Golden Idol","Omamori","Orichalcum","Thread and Needle"],"potions_floor_usage":[12,16],"damage_taken":[{"damage":2,"enemies":"Cultist","floor":1,"turns":4},{"damage":9,"enemies":"2 Louse","floor":2,"turns":3},{"damage":7,"enemies":"Jaw Worm","floor":7,"turns":5},{"damage":20,"enemies":"Lagavulin","floor":12,"turns":7},{"damage":4,"enemies":"Blue Slaver","floor":13,"turns":4},{"damage":31,"enemies":"3 Sentries","floor":14,"turns":11},{"damage":61,"enemies":"Slime Boss","floor":16,"turns":11}],"seed_played":"-6144355622702460461","potions_obtained":[{"floor":1,"key":"Weak Potion"},{"floor":14,"key":"Swift Potion"}],"is_trial":false,"path_per_floor":["M","M","?","?","$","R","M","$","T","R","$","E","M","E","R","B"],"character_chosen":"IRONCLAD","items_purchased":["Armaments"],"campfire_rested":2,"item_purchase_floors":[5],"current_hp_per_floor":[72,69,51,25,25,47,46,46,46,46,46,32,34,9,31,0],"gold":117,"neow_bonus":"RANDOM_COMMON_RELIC","is_prod":false,"is_daily":false,"chose_seed":false,"campfire_upgraded":1,"win_rate":0,"timestamp":1567898421,"path_taken":["M","?","?","?","?","R","M","?","T","R","$","E","?","E","R","BOSS"],"build_version":"2019-07-17","purchased_purges":1,"victory":false,"max_hp_per_floor":[75,75,75,75,75,75,75,75,75,75,75,75,75,75,75,75],"card_choices":[{"not_picked":["Second Wind","Battle Trance"],"picked":"Heavy Blade","floor":1},{"not_picked":["Havoc","Wild Strike"],"picked":"Shockwave","floor":2},{"not_picked":["Wild Strike","Flex"],"picked":"Dropkick","floor":7},{"not_picked":["Headbutt","Corruption","Heavy Blade"],"picked":"SKIP","floor":12},{"not_picked":["Combust","Armaments"],"picked":"Havoc","floor":13},{"not_picked":["Twin Strike","Ghostly Armor"],"picked":"Metallicize","floor":14}],"player_experience":1406700,"relics_obtained":[{"floor":9,"key":"Omamori"},{"floor":12,"key":"Orichalcum"},{"floor":14,"key":"Thread and Needle"}],"event_choices":[{"damage_healed":0,"gold_gain":0,"player_choice":"Success","damage_taken":18,"relics_obtained":["Pantograph"],"max_hp_gain":0,"max_hp_loss":0,"event_name":"Scrap Ooze","floor":3,"gold_loss":0},{"damage_healed":0,"gold_gain":0,"player_choice":"Take Damage","damage_taken":26,"relics_obtained":["Golden Idol"],"max_hp_gain":0,"max_hp_loss":0,"event_name":"Golden Idol","floor":4,"gold_loss":0}],"is_beta":false,"boss_relics":[],"items_purged_floors":[8],"is_endless":false,"potions_floor_spawned":[1,14],"killed_by":"Slime Boss","ascension_level":17}