{"gold_per_floor":[111,87,97,107,127,127,160,178,223,32,43,43,61,77,77,180,180,198,198,98,114,114],"floor_reached":22,"playtime":1438,"items_purged":["Strike_B","Strike_B"],"score":190,"play_id":"a622330c-ee7f-4baf-852d-6261f6821361","local_time":"20190829194330","is_ascension_mode":false,"campfire_choices":[{"data":"BootSequence","floor":6,"key":"SMITH"},{"floor":12,"key":"REST"},{"data":"Steam","floor":15,"key":"SMITH"}],"neow_cost":"NONE","seed_source_timestamp":1368807431769349,"circlet_count":0,"master_deck":["Strike_B","Strike_B","Defend_B","Defend_B","Defend_B","Defend_B","Zap","Dualcast","Steam+1","Hologram","Cold Snap","Defragment","BootSequence+1","Defragment","Sweeping Beam","Self Repair","Stack","Cold Snap","Rainbow","Creative AI","Defragment"],"relics":["FrozenCore","Calipers","MawBank"],"potions_floor_usage":[],"damage_taken":[{"damage":0,"enemies":"Cultist","floor":1,"turns":3},{"damage":1,"enemies":"Jaw Worm","floor":3,"turns":4},{"damage":1,"enemies":"2 Louse","floor":4,"turns":2},{"damage":7,"enemies":"2 Fungi Beasts","floor":5,"turns":4},{"damage":25,"enemies":"Lagavulin","floor":7,"turns":10},{"damage":12,"enemies":"Blue Slaver","floor":8,"turns":3},{"damage":23,"enemies":"Gremlin Gang","floor":11,"turns":5},{"damage":0,"enemies":"Looter","floor":13,"turns":3},{"damage":0,"enemies":"Large Slime","floor":14,"turns":6},{"damage":49,"enemies":"Hexaghost","floor":16,"turns":17},{"damage":10,"enemies":"Spheric Guardian","floor":18,"turns":8},{"damage":12,"enemies":"Shell Parasite","floor":21,"turns":8},{"damage":59,"enemies":"3 Cultists","floor":22,"turns":6}],"seed_played":"-2049299004393110061","potions_obtained":[{"floor":1,"key":"PowerPotion"},{"floor":8,"key":"FocusPotion"},{"floor":11,"key":"SmokeBomb"}],"is_trial":false,"path_per_floor":["M","$","M","M","M","R","E","M","T","$","M","R","M","M","R","B",null,"M","?","$","M","M"],"character_chosen":"DEFECT","items_purchased":["Hologram","Self Repair","Stack"],"campfire_rested":1,"item_purchase_floors":[2,10,10],"current_hp_per_floor":[82,82,81,80,73,73,48,36,36,36,20,44,51,58,58,9,82,72,64,64,59,0],"gold":114,"neow_bonus":"TEN_PERCENT_HP_BONUS","is_prod":false,"is_daily":false,"chose_seed":false,"campfire_upgraded":2,"win_rate":0.0,"timestamp":1567100610,"path_taken":["M","$","M","M","M","R","E","M","T","?","M","R","M","?","R","BOSS","M","?","$","M","M"],"build_version":"2019-07-17","purchased_purges":2,"victory":false,"max_hp_per_floor":[82,82,82,82,82,82,82,82,82,82,82,82,82,82,82,82,82,82,82,82,82,82],"card_choices":[{"not_picked":["Self Repair","Beam Cell"],"picked":"Steam","floor":1},{"not_picked":["Hologram","Skim"],"picked":"Cold Snap","floor":3},{"not_picked":["Beam Cell","Static Discharge"],"picked":"Defragment","floor":4},{"not_picked":["Stack","Ball Lightning"],"picked":"BootSequence","floor":5},{"not_picked":["Electrodynamics","Loop"],"picked":"Defragment","floor":7},{"not_picked":["FTL","Cold Snap"],"picked":"Sweeping Beam","floor":8},{"not_picked":["Sweeping Beam","Rip and Tear"],"picked":"Cold Snap","floor":11},{"not_picked":["Compile Driver","Rebound"],"picked":"Rainbow","floor":13},{"not_picked":["Hologram","BootSequence","Go for the Eyes"],"picked":"SKIP","floor":14},{"not_picked":["Multi-Cast","Buffer"],"picked":"Creative AI","floor":16},{"not_picked":["BootSequence","Redo","Rebound+1"],"picked":"SKIP","floor":18},{"not_picked":["Cold Snap+1","Conserve Battery"],"picked":"Defragment","floor":21}],"player_experience":90740,"relics_obtained":[{"floor":7,"key":"Calipers"},{"floor":9,"key":"MawBank"}],"event_choices":[{"damage_healed":0,"gold_gain":0,"player_choice":"","damage_taken":8,"max_hp_gain":0,"max_hp_loss":0,"event_name":"Knowing Skull","floor":19,"potions_obtained":[],"gold_loss":0,"cards_obtained":[]}],"is_beta":false,"boss_relics":[{"not_picked":["Philosopher\u0027s Stone","Eternal Feather"],"picked":"FrozenCore"}],"items_purged_floors":[10,20],"is_endless":false,"potions_floor_spawned":[1,8,11,13,14],"killed_by":"3 Cultists","ascension_level":0}