{"gold_per_floor":[17,17,92,105,105,116,130,80,80,80,97,114,114,128,128,223,223,242,114,134,134,34,34,48,48,71,71,85,85,0,10,10,105,105,122,122,122,135,135,135,145,156,203,59,141,141,158,158,158,158],"floor_reached":50,"playtime":3111,"items_purged":["Shame","Clumsy"],"score":459,"play_id":"dc8387a4-d263-4776-9603-c90464db6067","local_time":"20190126005140","is_ascension_mode":false,"campfire_choices":[{"data":"Zap","floor":10,"key":"SMITH"},{"floor":13,"key":"REST"},{"data":"Loop","floor":15,"key":"SMITH"},{"data":"Machine Learning","floor":23,"key":"SMITH"},{"data":"Streamline","floor":25,"key":"SMITH"},{"data":"Steam Power","floor":27,"key":"SMITH"},{"floor":32,"key":"REST"},{"data":"Enlightenment","floor":49,"key":"SMITH"}],"neow_cost":"NO_GOLD","seed_source_timestamp":23893417806147,"circlet_count":0,"master_deck":["Strike_B+1","Strike_B+1","Strike_B+1","Defend_B+1","Defend_B+1","Defend_B+1","Zap+1","Dualcast+1","Machine Learning+1","Auto Shields+1","Loop+1","Skim+1","Steam Power+1","Streamline+1","Writhe","Melter+1","Go for the Eyes+1","Beam Cell+1","All For One+1","Streamline+1","Turbo+1","All For One+1","Redo+1","Machine Learning+1","Beam Cell+1","Gash","Enlightenment+1"],"relics":["Cracked Core","Mango","Pantograph","Shuriken","Calling Bell","Omamori","Mercury Hourglass","Nunchaku","Potion Belt","Regal Pillow","MutagenicStrength","Coffee Dripper","Mark of the Bloom","Centennial Puzzle","Bronze Scales","Sundial"],"potions_floor_usage":[12,16,18,28,31,35,41,42],"damage_taken":[{"damage":7,"enemies":"Small Slimes","floor":1,"turns":3},{"damage":1,"enemies":"Jaw Worm","floor":4,"turns":3},{"damage":0,"enemies":"2 Louse","floor":6,"turns":3},{"damage":11,"enemies":"2 Fungi Beasts","floor":7,"turns":4},{"damage":6,"enemies":"Large Slime","floor":11,"turns":5},{"damage":18,"enemies":"Lots of Slimes","floor":12,"turns":5},{"damage":0,"enemies":"2 Fungi Beasts","floor":14,"turns":4},{"damage":44,"enemies":"Hexaghost","floor":16,"turns":9},{"damage":8,"enemies":"Shell Parasite","floor":18,"turns":5},{"damage":15,"enemies":"3 Byrds","floor":20,"turns":4},{"damage":16,"enemies":"Centurion and Healer","floor":24,"turns":5},{"damage":37,"enemies":"Snake Plant","floor":28,"turns":3},{"damage":20,"enemies":"Shelled Parasite and Fungi","floor":31,"turns":3},{"damage":22,"enemies":"Collector","floor":33,"turns":6},{"damage":5,"enemies":"Orb Walker","floor":35,"turns":3},{"damage":16,"enemies":"3 Shapes","floor":38,"turns":3},{"damage":11,"enemies":"Writhing Mass","floor":41,"turns":3},{"damage":10,"enemies":"Sphere and 2 Shapes","floor":42,"turns":4},{"damage":10,"enemies":"Jaw Worm Horde","floor":47,"turns":2},{"damage":51,"enemies":"Time Eater","floor":50,"turns":3}],"seed_played":"-7950493413253471620","potions_obtained":[{"floor":4,"key":"FocusPotion"},{"floor":12,"key":"GamblersBrew"},{"floor":16,"key":"SkillPotion"},{"floor":24,"key":"Regen Potion"},{"floor":28,"key":"FearPotion"},{"floor":33,"key":"Fire Potion"},{"floor":35,"key":"Poison Potion"},{"floor":38,"key":"Weak Potion"},{"floor":42,"key":"SteroidPotion"}],"is_trial":false,"path_per_floor":["M","?","?","M","T","M","M","?","T","R","M","M","R","M","R","B",null,"M","$","M","?","$","R","M","R","T","R","M","?","?","M","R","B",null,"M","?","?","M","?","R","M","M","T","$","T","R","M","?","R","B"],"character_chosen":"DEFECT","items_purchased":["Go for the Eyes","Bronze Scales"],"campfire_rested":2,"item_purchase_floors":[19,44],"current_hp_per_floor":[82,75,64,63,63,63,52,52,52,52,46,28,54,54,54,35,89,81,81,66,66,66,66,50,50,50,50,22,22,22,2,43,46,89,84,84,84,68,68,68,57,47,47,47,47,47,37,37,37,0],"gold":158,"neow_bonus":"ONE_RARE_RELIC","is_prod":false,"is_daily":false,"chose_seed":false,"campfire_upgraded":6,"win_rate":0,"timestamp":1548460300,"path_taken":["M","?","?","M","?","M","?","?","T","R","M","M","R","M","R","BOSS","M","$","M","?","$","R","M","R","T","R","M","?","?","M","R","BOSS","M","?","?","?","?","R","M","M","T","$","?","R","M","?","R","BOSS"],"build_version":"2019-01-23","purchased_purges":2,"victory":false,"max_hp_per_floor":[89,89,89,89,89,89,89,89,89,89,89,89,89,89,89,89,89,89,89,89,89,89,89,89,89,89,89,89,89,89,89,89,89,89,89,89,99,99,99,99,99,99,99,99,99,99,99,99,99,99],"card_choices":[{"not_picked":["Steam","Hologram","Coolheaded"],"picked":"SKIP","floor":1},{"not_picked":["Rebound","Barrage"],"picked":"Machine Learning","floor":4},{"not_picked":["Gash","Force Field"],"picked":"Auto Shields","floor":6},{"not_picked":["Conserve Battery","Coolheaded"],"picked":"Loop","floor":7},{"not_picked":["Chaos","Ball Lightning"],"picked":"Skim","floor":11},{"not_picked":["Consume","Defragment"],"picked":"Steam Power","floor":12},{"not_picked":["Loop","Darkness"],"picked":"Streamline","floor":14},{"not_picked":["Reboot","Buffer"],"picked":"Hyperbeam","floor":16},{"not_picked":["Doom and Gloom","Rebound"],"picked":"Melter+1","floor":18},{"not_picked":["Meteor Strike","Hologram+1"],"picked":"Beam Cell","floor":20},{"not_picked":["Go for the Eyes+1","Coolheaded"],"picked":"All For One","floor":24},{"not_picked":["Leap","Steam"],"picked":"Streamline","floor":28},{"not_picked":["Hologram","Ball Lightning"],"picked":"Turbo","floor":31},{"not_picked":["Rainbow","Echo Form"],"picked":"All For One","floor":33},{"not_picked":["Cold Snap+1","Undo+1"],"picked":"Redo+1","floor":35},{"not_picked":["Sweeping Beam","Conserve Battery","Ball Lightning"],"picked":"SKIP","floor":38},{"not_picked":["Sweeping Beam+1","Loop+1"],"picked":"Beam Cell+1","floor":41},{"not_picked":["Capacitor+1","Tempest+1","Defragment+1"],"picked":"SKIP","floor":42},{"not_picked":["Aggregate","Capacitor"],"picked":"Gash","floor":47},{"not_picked":["Mind Blast","Trip"],"picked":"Enlightenment","floor":48}],"player_experience":641930,"relics_obtained":[{"floor":5,"key":"Pantograph"},{"floor":9,"key":"Shuriken"},{"floor":17,"key":"Omamori"},{"floor":17,"key":"Mercury Hourglass"},{"floor":17,"key":"Nunchaku"},{"floor":26,"key":"Regal Pillow"},{"floor":43,"key":"Centennial Puzzle"},{"floor":45,"key":"Sundial"}],"event_choices":[{"cards_removed":["Strike_B"],"damage_healed":0,"gold_gain":0,"player_choice":"Card Removal","damage_taken":7,"max_hp_gain":0,"max_hp_loss":0,"event_name":"Golden Wing","floor":2,"gold_loss":0},{"damage_healed":0,"gold_gain":75,"player_choice":"Gather Gold","damage_taken":11,"max_hp_gain":0,"max_hp_loss":0,"event_name":"World of Goop","floor":3,"gold_loss":0},{"cards_removed":["Defend_B"],"damage_healed":0,"gold_gain":0,"player_choice":"Card Removal","damage_taken":0,"max_hp_gain":0,"max_hp_loss":0,"event_name":"The Cleric","floor":8,"gold_loss":50},{"damage_healed":0,"gold_gain":0,"player_choice":"Opened","damage_taken":0,"relics_obtained":["Potion Belt"],"max_hp_gain":0,"max_hp_loss":0,"event_name":"The Mausoleum","floor":21,"gold_loss":0,"cards_obtained":["Writhe"]},{"damage_healed":0,"gold_gain":0,"player_choice":"Inject Mutagens","damage_taken":0,"relics_obtained":["MutagenicStrength"],"max_hp_gain":0,"max_hp_loss":0,"event_name":"Drug Dealer","floor":29,"gold_loss":0},{"damage_healed":0,"gold_gain":0,"player_choice":"Paid Fearfully","damage_taken":0,"max_hp_gain":0,"max_hp_loss":0,"event_name":"Masked Bandits","floor":30,"gold_loss":85},{"damage_healed":0,"gold_gain":0,"player_choice":"Upgrade","damage_taken":0,"relics_obtained":["Mark of the Bloom"],"max_hp_gain":0,"max_hp_loss":0,"event_name":"MindBloom","floor":36,"gold_loss":0,"cards_upgraded":["Strike_B","Strike_B","Strike_B","Defend_B","Defend_B","Defend_B","Dualcast","Auto Shields","Skim","Hyperbeam","Go for the Eyes","Beam Cell","All For One","Streamline","Turbo","All For One"]},{"cards_removed":["Hyperbeam"],"damage_healed":5,"gold_gain":0,"player_choice":"Offered Rare","damage_taken":0,"max_hp_gain":10,"max_hp_loss":0,"event_name":"Bonfire Elementals","floor":37,"gold_loss":0},{"damage_healed":0,"gold_gain":0,"player_choice":"Copied","damage_taken":0,"max_hp_gain":0,"max_hp_loss":0,"event_name":"Duplicator","floor":39,"gold_loss":0,"cards_obtained":["Machine Learning"]},{"damage_healed":0,"gold_gain":0,"player_choice":"Memory 1","damage_taken":0,"max_hp_gain":0,"max_hp_loss":0,"event_name":"SensoryStone","floor":48,"gold_loss":0}],"is_beta":false,"boss_relics":[{"not_picked":["Fusion Hammer","Cursed Key"],"picked":"Calling Bell"},{"not_picked":["Snecko Eye","Inserter"],"picked":"Coffee Dripper"}],"items_purged_floors":[19,22],"is_endless":false,"potions_floor_spawned":[4,12,16,24,28,33,35,38,42],"killed_by":"Time Eater","ascension_level":0}