{"gold_per_floor":[117,131,131,81,3,32,43,43,43,43,43,43,60,85,85,180,180,191,66,51,0,13,13,13,28,28,28,44,55,55,68,68,68],"floor_reached":33,"playtime":2576,"items_purged":["Strike_G"],"score":247,"play_id":"861c0f1f-0e41-472e-9df0-55faae1647fb","local_time":"20190125002134","is_ascension_mode":false,"campfire_choices":[{"data":"Accuracy","floor":8,"key":"SMITH"},{"data":"Blade Dance","floor":10,"key":"SMITH"},{"data":"Survivor","floor":12,"key":"SMITH"},{"floor":15,"key":"REST"},{"data":"Phantasmal Killer","floor":23,"key":"SMITH"},{"floor":30,"key":"REST"},{"floor":32,"key":"REST"}],"neow_cost":"CURSE","seed_source_timestamp":48182396971303,"circlet_count":0,"master_deck":["Defend_G","Defend_G","Defend_G","Defend_G","Strike_G","Strike_G","Strike_G","Strike_G","Survivor+1","Neutralize","Blade Dance+1","Accuracy+1","Endless Agony","Blade Dance","Cloak And Dagger+1","Acrobatics","Phantasmal Killer+1"],"relics":["Ring of the Snake","WingedGreaves","Ornamental Fan","Bronze Scales","Odd Mushroom","HoveringKite","Dodecahedron"],"potions_floor_usage":[6,14,16,20,28],"damage_taken":[{"damage":4,"enemies":"Cultist","floor":1,"turns":5},{"damage":5,"enemies":"Small Slimes","floor":2,"turns":4},{"damage":15,"enemies":"Gremlin Nob","floor":6,"turns":4},{"damage":4,"enemies":"2 Louse","floor":7,"turns":2},{"damage":1,"enemies":"Exordium Wildlife","floor":13,"turns":5},{"damage":2,"enemies":"The Mushroom Lair","floor":14,"turns":3},{"damage":21,"enemies":"Slime Boss","floor":16,"turns":11},{"damage":8,"enemies":"Shell Parasite","floor":18,"turns":6},{"damage":5,"enemies":"2 Thieves","floor":20,"turns":4},{"damage":19,"enemies":"Centurion and Healer","floor":22,"turns":4},{"damage":9,"enemies":"Snecko","floor":25,"turns":4},{"damage":10,"enemies":"Snake Plant","floor":28,"turns":3},{"damage":16,"enemies":"Cultist and Chosen","floor":29,"turns":6},{"damage":0,"enemies":"Chosen and Byrds","floor":31,"turns":3},{"damage":57,"enemies":"Champ","floor":33,"turns":11}],"seed_played":"268884702173668713","potions_obtained":[{"floor":2,"key":"Weak Potion"},{"floor":7,"key":"GhostInAJar"},{"floor":13,"key":"EssenceOfSteel"},{"floor":18,"key":"Explosive Potion"},{"floor":25,"key":"Fruit Juice"}],"is_trial":false,"path_per_floor":["M","M","?","?","$","E","M","R","T","R","$","R","M","?","R","B",null,"M","$","M","?","M","R","$","M","T","?","M","M","R","M","R","B"],"character_chosen":"THE_SILENT","items_purchased":["Accuracy","Cloak And Dagger"],"campfire_rested":3,"item_purchase_floors":[5,19],"current_hp_per_floor":[66,61,61,61,61,46,42,42,42,42,42,42,41,39,60,39,70,62,62,57,57,38,38,38,29,29,29,24,8,30,30,52,0],"gold":68,"neow_bonus":"ONE_RARE_RELIC","is_prod":false,"is_daily":false,"chose_seed":false,"campfire_upgraded":4,"win_rate":0,"timestamp":1548372094,"path_taken":["M","?","?","?","$","E","M","R","T","R","?","R","M","?","R","BOSS","M","$","M","?","M","R","$","M","T","?","?","M","R","M","R","BOSS"],"build_version":"2019-01-23","purchased_purges":1,"victory":false,"max_hp_per_floor":[70,70,70,70,70,70,70,70,70,70,70,70,70,70,70,70,70,70,70,70,70,70,70,70,70,70,70,75,75,75,75,75,75],"card_choices":[{"not_picked":["Dodge and Roll","Heel Hook"],"picked":"Blade Dance","floor":1},{"not_picked":["Endless Agony","Dagger Spray","Acrobatics"],"picked":"SKIP","floor":2},{"not_picked":["Eviscerate","Outmaneuver"],"picked":"Endless Agony","floor":6},{"not_picked":["Backflip","Riddle With Holes","Eviscerate"],"picked":"SKIP","floor":7},{"not_picked":["Backflip","Outmaneuver","Masterful Stab"],"picked":"SKIP","floor":13},{"not_picked":["Quick Slash","Sucker Punch"],"picked":"Blade Dance","floor":18},{"not_picked":["Dagger Spray","Poisoned Stab"],"picked":"Acrobatics","floor":20},{"not_picked":["Deflect","Backstab"],"picked":"Phantasmal Killer","floor":22},{"not_picked":["Terror","Concentrate","Skewer"],"picked":"SKIP","floor":25},{"not_picked":["Eviscerate","Endless Agony","Quick Slash"],"picked":"SKIP","floor":28},{"not_picked":["Outmaneuver","Slice","All Out Attack"],"picked":"SKIP","floor":29},{"not_picked":["Tools of the Trade","Distraction","Dodge and Roll"],"picked":"SKIP","floor":31}],"player_experience":619735,"relics_obtained":[{"floor":6,"key":"Ornamental Fan"},{"floor":9,"key":"Bronze Scales"},{"floor":14,"key":"Odd Mushroom"},{"floor":26,"key":"Dodecahedron"}],"event_choices":[{"cards_removed":["Doubt"],"damage_healed":0,"gold_gain":0,"player_choice":"Forget","damage_taken":0,"max_hp_gain":0,"max_hp_loss":0,"event_name":"Living Wall","floor":3,"gold_loss":0},{"cards_removed":["Defend_G"],"damage_healed":0,"gold_gain":0,"player_choice":"Card Removal","damage_taken":0,"max_hp_gain":0,"max_hp_loss":0,"event_name":"The Cleric","floor":4,"gold_loss":50},{"damage_healed":0,"gold_gain":0,"player_choice":"Fought Mushrooms","damage_taken":0,"max_hp_gain":0,"max_hp_loss":0,"event_name":"Mushrooms","floor":14,"gold_loss":0},{"damage_healed":0,"gold_gain":0,"player_choice":"Paid Fearfully","damage_taken":0,"max_hp_gain":0,"max_hp_loss":0,"event_name":"Masked Bandits","floor":21,"gold_loss":51},{"damage_healed":0,"gold_gain":0,"player_choice":"Upgraded","damage_taken":0,"max_hp_gain":0,"max_hp_loss":0,"event_name":"Upgrade Shrine","floor":27,"gold_loss":0,"cards_upgraded":["Cloak And Dagger"]}],"is_beta":false,"boss_relics":[{"not_picked":["Tiny House","Sozu"],"picked":"HoveringKite"}],"items_purged_floors":[19],"is_endless":false,"potions_floor_spawned":[2,7,13,18,25],"killed_by":"Champ","ascension_level":0}