{"gold_per_floor":[15,15,27,38,58,58,92,17,40,40,40,40,40,65,65,190,190,210,231,246,68,88,13,13,37,37,57,8,8,8,26,26,154,154,178,34,55,80,80,80,95,95,143,158,0,0,25,39,39,39],"floor_reached":51,"playtime":4326,"items_purged":["Defend_B","Defend_B"],"score":603,"play_id":"17e9756d-ed10-4721-a0fa-f17b82e83d55","local_time":"20180714120409","is_ascension_mode":false,"campfire_choices":[{"data":"Coolheaded","floor":6,"key":"SMITH"},{"data":"Dualcast","floor":11,"key":"SMITH"},{"data":"Streamline","floor":15,"key":"SMITH"},{"data":"Defragment","floor":29,"key":"SMITH"},{"floor":32,"key":"REST"},{"data":"Buffer","floor":40,"key":"SMITH"},{"floor":42,"key":"REST"},{"data":"Thunder Strike","floor":49,"key":"SMITH"}],"neow_cost":"NO_GOLD","seed_source_timestamp":2574215213694,"circlet_count":0,"master_deck":["Strike_B","Defend_B","Zap+1","Dualcast+1","Streamline+1","Coolheaded+1","Coolheaded","Tempest","Self Repair","Buffer+1","Turbo","Storm+1","Self Repair","Defragment+1","Static Discharge+1","Turbo","Thunder Strike+1","Capacitor+1","Chaos","BootSequence"],"relics":["FrozenCore","Juzu Bracelet","Anchor","Golden Idol","Omamori","Frozen Egg 2","Boot","Necronomicon","Busted Crown","Regal Pillow","Red Mask"],"potions_floor_usage":[16,16,16,25,27,37,47,48],"damage_taken":[{"damage":1,"enemies":"Jaw Worm","floor":1,"turns":4},{"damage":10,"enemies":"Small Slimes","floor":3,"turns":3},{"damage":0,"enemies":"Cultist","floor":4,"turns":3},{"damage":4,"enemies":"3 Louse","floor":5,"turns":3},{"damage":9,"enemies":"3 Sentries","floor":7,"turns":9},{"damage":0,"enemies":"2 Fungi Beasts","floor":14,"turns":3},{"damage":11,"enemies":"Hexaghost","floor":16,"turns":7},{"damage":8,"enemies":"Shell Parasite","floor":18,"turns":5},{"damage":3,"enemies":"Chosen","floor":19,"turns":6},{"damage":16,"enemies":"Snake Plant","floor":20,"turns":4},{"damage":6,"enemies":"Snecko","floor":22,"turns":4},{"damage":22,"enemies":"3 Cultists","floor":25,"turns":5},{"damage":12,"enemies":"Cultist and Chosen","floor":27,"turns":4},{"damage":20,"enemies":"Centurion and Healer","floor":31,"turns":4},{"damage":47,"enemies":"Automaton","floor":33,"turns":8},{"damage":10,"enemies":"3 Shapes","floor":35,"turns":3},{"damage":21,"enemies":"3 Darklings","floor":37,"turns":3},{"damage":5,"enemies":"Sphere and 2 Shapes","floor":38,"turns":6},{"damage":55,"enemies":"4 Shapes","floor":41,"turns":4},{"damage":16,"enemies":"3 Darklings","floor":44,"turns":4},{"damage":10,"enemies":"Sphere and 2 Shapes","floor":47,"turns":5},{"damage":0,"enemies":"Maw","floor":48,"turns":8},{"damage":44,"enemies":"Time Eater","floor":50,"turns":7}],"seed_played":"6196260228442277277","potions_obtained":[{"floor":3,"key":"Poison Potion"},{"floor":5,"key":"SteroidPotion"},{"floor":7,"key":"FocusPotion"},{"floor":18,"key":"LiquidBronze"},{"floor":20,"key":"GamblersBrew"},{"floor":33,"key":"Swift Potion"},{"floor":37,"key":"GamblersBrew"},{"floor":44,"key":"Regen Potion"},{"floor":47,"key":"FocusPotion"}],"is_trial":false,"path_per_floor":["M","?","M","M","M","R","E","$","T","?","R","?","?","M","R","B",null,"M","M","M","$","M","?","?","M","T","M","$","R","?","M","R","B",null,"M","$","M","M","?","R","M","R","T","M","?","$","M","M","R","B"],"character_chosen":"DEFECT","items_purchased":["Self Repair","Turbo","Capacitor+1","Chaos"],"campfire_rested":2,"item_purchase_floors":[21,28,36,36],"current_hp_per_floor":[74,74,64,64,60,60,51,51,51,51,51,44,44,44,44,40,69,61,65,56,56,57,57,57,49,49,51,51,51,35,29,49,16,69,66,66,59,68,68,68,27,47,47,38,38,38,49,63,63,33],"gold":39,"neow_bonus":"REMOVE_TWO","is_prod":false,"is_daily":false,"chose_seed":false,"campfire_upgraded":6,"win_rate":0.0,"timestamp":1531562649,"path_taken":["M","?","M","M","M","R","E","?","T","?","R","?","?","M","R","BOSS","M","M","M","$","M","?","?","M","T","M","$","R","?","M","R","BOSS","M","$","M","M","?","R","M","R","T","M","?","?","M","M","R","BOSS"],"build_version":"2018-07-12","purchased_purges":2,"victory":true,"max_hp_per_floor":[75,75,75,75,75,75,75,75,75,69,69,69,69,69,69,69,69,69,69,69,69,69,69,69,69,69,69,69,69,69,69,69,69,69,69,69,69,69,69,69,69,69,69,69,69,69,69,69,69,69],"card_choices":[{"not_picked":["Turbo","Sweeping Beam","Fusion"],"picked":"SKIP","floor":1},{"not_picked":["Force Field","Sweeping Beam"],"picked":"Streamline","floor":3},{"not_picked":["Sunder","Chill"],"picked":"Coolheaded","floor":4},{"not_picked":["Scrape","Conserve Battery"],"picked":"Coolheaded","floor":5},{"not_picked":["Fusion","Barrage"],"picked":"Tempest","floor":7},{"not_picked":["Steam","Cold Snap"],"picked":"Self Repair","floor":14},{"not_picked":["Biased Cognition","Rainbow"],"picked":"Buffer","floor":16},{"not_picked":["Conserve Battery","Compile Driver"],"picked":"Turbo","floor":18},{"not_picked":["Barrage","Undo"],"picked":"Storm+1","floor":19},{"not_picked":["Stack","FTL","Cold Snap+1"],"picked":"SKIP","floor":20},{"not_picked":["Self Repair","Hologram"],"picked":"Defragment","floor":22},{"not_picked":["White Noise+1","Steam"],"picked":"Static Discharge+1","floor":25},{"not_picked":["White Noise","Coolheaded","Barrage"],"picked":"SKIP","floor":27},{"not_picked":["Compile Driver+1","Coolheaded+1","Steam"],"picked":"SKIP","floor":31},{"not_picked":["Biased Cognition+1","Creative AI+1"],"picked":"Thunder Strike","floor":33},{"not_picked":["Barrage"],"picked":"SKIP","floor":35},{"not_picked":["Undo"],"picked":"SKIP","floor":37},{"not_picked":["Beam Cell"],"picked":"SKIP","floor":38},{"not_picked":[],"picked":"BootSequence","floor":41},{"not_picked":["Beam Cell"],"picked":"SKIP","floor":44},{"not_picked":["Beam Cell"],"picked":"SKIP","floor":47},{"not_picked":["Rebound"],"picked":"SKIP","floor":48}],"player_experience":452266,"relics_obtained":[{"floor":7,"key":"Juzu Bracelet"},{"floor":9,"key":"Anchor"},{"floor":26,"key":"Boot"},{"floor":30,"key":"Necronomicon"},{"floor":43,"key":"Regal Pillow"}],"event_choices":[{"event_name":"The Cleric","player_choice":"Leave","floor":2,"damage_taken":0},{"event_name":"Golden Idol","player_choice":"Lose Max HP","floor":10,"damage_taken":0},{"event_name":"Scrap Ooze","player_choice":"success","floor":12,"damage_taken":7},{"event_name":"Upgrade Shrine","player_choice":"Upgraded","floor":13,"damage_taken":0},{"event_name":"Beggar","player_choice":"Gave Gold","floor":23,"damage_taken":0},{"event_name":"Accursed Blacksmith","player_choice":"Rummage","floor":24,"damage_taken":0},{"event_name":"Cursed Tome","player_choice":"Obtained Book","floor":30,"damage_taken":0},{"event_name":"Falling","player_choice":"Removed Attack","floor":39,"damage_taken":0},{"event_name":"Tomb of Lord Red Mask","player_choice":"Paid","floor":45,"damage_taken":0}],"boss_relics":[{"not_picked":["Runic Dome","Runic Pyramid"],"picked":"FrozenCore"},{"not_picked":["Fusion Hammer","Tiny House"],"picked":"Busted Crown"}],"items_purged_floors":[8,21],"is_endless":false,"potions_floor_spawned":[3,5,7,18,20,33,37,44,47],"ascension_level":0}