{"gold_per_floor":[118,43,53,73,73,73,84,84,110,210,210,220,246,261,261,359,359,379,393,417,431,431,460,460,460,460,460,103,128,141,141,141,141],"floor_reached":33,"playtime":2131,"items_purged":["Defend_R","Writhe"],"score":285,"play_id":"4f144d64-a33c-4472-9be6-1a3c2452fd42","local_time":"20190122203754","is_ascension_mode":false,"campfire_choices":[{"data":"Bash","floor":6,"key":"SMITH"},{"data":"Seeing Red","floor":8,"key":"SMITH"},{"data":"Iron Wave","floor":11,"key":"SMITH"},{"data":"Demon Form","floor":15,"key":"SMITH"},{"floor":25,"key":"REST"},{"data":"Offering","floor":27,"key":"SMITH"},{"floor":32,"key":"REST"}],"neow_cost":"NONE","seed_source_timestamp":22942683397649,"circlet_count":0,"master_deck":["Strike_R","Strike_R","Strike_R","Strike_R","Strike_R","Defend_R","Defend_R","Defend_R","Bash+1","Iron Wave+1","Spot Weakness","Seeing Red+1","Demon Form+1","Fiend Fire","Offering+1","Feel No Pain+1","Burning Pact","Power Through","RitualDagger"],"relics":["Burning Blood","Happy Flower","Ancient Tea Set","Velvet Choker","Orichalcum","Dodecahedron","Self Forming Clay","Frozen Egg 2","Blue Candle","Blood Vial","Bottled Lightning"],"potions_floor_usage":[1,13,14,16,21,21,33],"damage_taken":[{"damage":1,"enemies":"2 Louse","floor":1,"turns":2},{"damage":1,"enemies":"Cultist","floor":3,"turns":3},{"damage":0,"enemies":"Small Slimes","floor":4,"turns":3},{"damage":6,"enemies":"Exordium Wildlife","floor":7,"turns":3},{"damage":0,"enemies":"3 Louse","floor":12,"turns":4},{"damage":5,"enemies":"Gremlin Nob","floor":13,"turns":3},{"damage":7,"enemies":"Blue Slaver","floor":14,"turns":3},{"damage":49,"enemies":"Hexaghost","floor":16,"turns":7},{"damage":18,"enemies":"Shell Parasite","floor":18,"turns":4},{"damage":0,"enemies":"Chosen","floor":19,"turns":4},{"damage":10,"enemies":"Centurion and Healer","floor":21,"turns":5},{"damage":55,"enemies":"Book of Stabbing","floor":23,"turns":6},{"damage":32,"enemies":"Slavers","floor":29,"turns":4},{"damage":25,"enemies":"Snake Plant","floor":30,"turns":4},{"damage":53,"enemies":"Automaton","floor":33,"turns":6}],"seed_played":"-5178860057510782817","potions_obtained":[{"floor":0,"key":"Regen Potion"},{"floor":0,"key":"PowerPotion"},{"floor":0,"key":"Block Potion"},{"floor":4,"key":"FearPotion"},{"floor":7,"key":"GamblersBrew"},{"floor":18,"key":"Weak Potion"},{"floor":19,"key":"BloodPotion"},{"floor":30,"key":"Weak Potion"}],"is_trial":false,"path_per_floor":["M","$","M","M","$","R","M","R","T","?","R","M","E","M","R","B",null,"M","M","T","M","?","E","T","R","T","R","$","E","M","?","R","B"],"character_chosen":"IRONCLAD","items_purchased":["Blood Vial","Feel No Pain+1","Burning Pact"],"campfire_rested":2,"item_purchase_floors":[28,28,28],"current_hp_per_floor":[80,80,80,80,80,80,80,80,80,80,80,80,80,80,80,37,80,68,74,74,78,78,29,29,53,53,53,53,29,12,6,30,0],"gold":141,"neow_bonus":"THREE_SMALL_POTIONS","is_prod":false,"is_daily":false,"chose_seed":false,"campfire_upgraded":5,"win_rate":0,"timestamp":1548185874,"path_taken":["M","$","M","M","$","R","M","R","T","?","R","M","E","M","R","BOSS","M","?","?","?","?","E","?","R","T","R","$","E","M","?","R","BOSS"],"build_version":"2019-01-17v2","purchased_purges":2,"victory":false,"max_hp_per_floor":[80,80,80,80,80,80,80,80,80,80,80,80,80,80,80,80,80,80,80,80,80,80,80,80,80,80,80,80,80,80,80,80,80],"card_choices":[{"not_picked":["Heavy Blade","Shrug It Off","Uppercut"],"picked":"SKIP","floor":1},{"not_picked":["Sword Boomerang","Pommel Strike"],"picked":"Iron Wave","floor":3},{"not_picked":["Iron Wave","Anger"],"picked":"Spot Weakness","floor":4},{"not_picked":["Bloodletting","Havoc"],"picked":"Seeing Red","floor":7},{"not_picked":["Body Slam","Dropkick","Anger"],"picked":"SKIP","floor":12},{"not_picked":["Sever Soul","Headbutt"],"picked":"Demon Form","floor":13},{"not_picked":["Clash","Headbutt","Carnage"],"picked":"SKIP","floor":14},{"not_picked":["Juggernaut","Demon Form"],"picked":"Fiend Fire","floor":16},{"not_picked":["Combust+1","Anger","Sword Boomerang"],"picked":"SKIP","floor":18},{"not_picked":["Warcry","Shrug It Off","Inflame"],"picked":"SKIP","floor":19},{"not_picked":["Perfected Strike","Metallicize","Infernal Blade"],"picked":"SKIP","floor":21},{"not_picked":["Armaments+1","Intimidate+1"],"picked":"Offering","floor":23},{"not_picked":["Burning Pact","Warcry","Metallicize+1"],"picked":"SKIP","floor":29},{"not_picked":["True Grit+1","Disarm"],"picked":"Power Through","floor":30}],"player_experience":572894,"relics_obtained":[{"floor":9,"key":"Happy Flower"},{"floor":13,"key":"Ancient Tea Set"},{"floor":20,"key":"Orichalcum"},{"floor":23,"key":"Self Forming Clay"},{"floor":24,"key":"Frozen Egg 2"},{"floor":26,"key":"Blue Candle"},{"floor":29,"key":"Bottled Lightning"}],"event_choices":[{"damage_healed":0,"gold_gain":100,"player_choice":"Pray","damage_taken":0,"max_hp_gain":0,"max_hp_loss":0,"event_name":"Golden Shrine","floor":10,"gold_loss":0},{"damage_healed":0,"gold_gain":0,"player_choice":"Opened","damage_taken":0,"relics_obtained":["Dodecahedron"],"max_hp_gain":0,"max_hp_loss":0,"event_name":"The Mausoleum","floor":22,"gold_loss":0,"cards_obtained":["Writhe"]},{"damage_healed":0,"gold_gain":0,"player_choice":"Joined the Cult","damage_taken":6,"max_hp_gain":0,"max_hp_loss":0,"event_name":"Nest","floor":31,"gold_loss":0,"cards_obtained":["RitualDagger"]}],"is_beta":false,"boss_relics":[{"not_picked":["Astrolabe","Runic Pyramid"],"picked":"Velvet Choker"}],"items_purged_floors":[2,28],"is_endless":false,"potions_floor_spawned":[4,7,18,19,30],"killed_by":"Automaton","ascension_level":0}