{"gold_per_floor":[112,112,112,122,122,122,140,140,217,235,235,268,168,193,193,292,292,304,304,60,77,89,89,115,115,141,156,156,255,266,266,266,266],"floor_reached":33,"playtime":1426,"items_purged":["Bash"],"score":288,"play_id":"6d8fd141-58a0-40c8-beee-cb991d36147f","local_time":"20190802212515","is_ascension_mode":false,"campfire_choices":[{"data":"Perfected Strike","floor":6,"key":"SMITH"},{"data":"Perfected Strike","floor":8,"key":"SMITH"},{"data":"Twin Strike","floor":11,"key":"SMITH"},{"data":"Pommel Strike","floor":15,"key":"SMITH"},{"data":"Strike_R","floor":23,"key":"SMITH"},{"floor":25,"key":"REST"},{"floor":32,"key":"REST"}],"neow_cost":"NONE","seed_source_timestamp":269860534228363,"circlet_count":0,"master_deck":["Strike_R+1","Strike_R+1","Strike_R+1","Strike_R+1","Strike_R+1","Defend_R+1","Defend_R+1","Perfected Strike+1","Twin Strike+1","Perfected Strike+1","Pommel Strike+1","Blood for Blood","Searing Blow","Perfected Strike","Perfected Strike"],"relics":["Burning Blood","Charon\u0027s Ashes","Darkstone Periapt","Matryoshka","Orichalcum","Odd Mushroom","Runic Pyramid","Pantograph","Bag of Marbles","Shuriken","Regal Pillow"],"potions_floor_usage":[],"damage_taken":[{"damage":1,"enemies":"2 Louse","floor":1,"turns":2},{"damage":8,"enemies":"Jaw Worm","floor":4,"turns":3},{"damage":0,"enemies":"Small Slimes","floor":7,"turns":2},{"damage":0,"enemies":"2 Fungi Beasts","floor":10,"turns":2},{"damage":27,"enemies":"Lagavulin","floor":12,"turns":6},{"damage":8,"enemies":"The Mushroom Lair","floor":14,"turns":3},{"damage":33,"enemies":"Hexaghost","floor":16,"turns":9},{"damage":0,"enemies":"Chosen","floor":18,"turns":3},{"damage":17,"enemies":"3 Byrds","floor":21,"turns":4},{"damage":4,"enemies":"Cultist and Chosen","floor":22,"turns":4},{"damage":67,"enemies":"Book of Stabbing","floor":24,"turns":6},{"damage":28,"enemies":"Centurion and Healer","floor":27,"turns":4},{"damage":4,"enemies":"Chosen and Byrds","floor":30,"turns":3},{"damage":89,"enemies":"Automaton","floor":33,"turns":8}],"seed_played":"-5839483489375809508","potions_obtained":[{"floor":7,"key":"Ancient Potion"},{"floor":12,"key":"AttackPotion"},{"floor":18,"key":"Poison Potion"}],"is_trial":false,"path_per_floor":["M","?","?","M","T","R","M","R","T","M","R","E","$","?","R","B",null,"M","?","$","M","M","R","E","R","T","M","?","?","M","?","R","B"],"character_chosen":"IRONCLAD","items_purchased":["Pommel Strike","Pantograph"],"campfire_rested":2,"item_purchase_floors":[13,20],"current_hp_per_floor":[80,55,80,78,78,78,80,80,80,80,80,59,59,57,57,30,80,80,80,80,69,71,71,10,34,34,12,12,12,14,14,53,0],"gold":266,"neow_bonus":"THREE_CARDS","is_prod":false,"is_daily":false,"chose_seed":false,"campfire_upgraded":5,"win_rate":0.0,"timestamp":1564799115,"path_taken":["M","?","?","M","?","R","M","R","T","M","R","E","?","?","R","BOSS","M","?","$","M","M","R","E","R","T","M","?","?","M","?","R","BOSS"],"build_version":"2019-07-17","purchased_purges":1,"victory":false,"max_hp_per_floor":[80,80,80,80,80,80,80,80,80,80,80,80,80,80,80,80,80,80,80,80,80,80,80,80,80,80,80,80,80,80,80,80,80],"card_choices":[{"not_picked":["Shrug It Off","Flame Barrier"],"picked":"Perfected Strike","floor":0},{"not_picked":["Clothesline","Shrug It Off"],"picked":"Twin Strike","floor":1},{"not_picked":["Spot Weakness","Thunderclap","Inflame"],"picked":"SKIP","floor":4},{"not_picked":["Rampage","Blood for Blood"],"picked":"Perfected Strike","floor":7},{"not_picked":["Entrench","Dual Wield","Flex"],"picked":"SKIP","floor":10},{"not_picked":["Flex","Fire Breathing","Heavy Blade"],"picked":"SKIP","floor":12},{"not_picked":["Shrug It Off","True Grit","Blood for Blood"],"picked":"SKIP","floor":18},{"not_picked":["Shrug It Off","Anger","Armaments"],"picked":"SKIP","floor":21},{"not_picked":["Second Wind+1","Hemokinesis","Clash+1"],"picked":"SKIP","floor":22},{"not_picked":["Sever Soul","Heavy Blade","Fire Breathing"],"picked":"SKIP","floor":24},{"not_picked":["Sword Boomerang","Limit Break"],"picked":"Perfected Strike","floor":27},{"not_picked":["Flex","Pummel"],"picked":"Perfected Strike","floor":30}],"player_experience":39560,"relics_obtained":[{"floor":5,"key":"Darkstone Periapt"},{"floor":9,"key":"Matryoshka"},{"floor":12,"key":"Orichalcum"},{"floor":14,"key":"Odd Mushroom"},{"floor":24,"key":"Bag of Marbles"},{"floor":26,"key":"Shuriken"},{"floor":26,"key":"Regal Pillow"}],"event_choices":[{"damage_healed":0,"gold_gain":0,"player_choice":"Success","damage_taken":25,"relics_obtained":["Charon\u0027s Ashes"],"max_hp_gain":0,"max_hp_loss":0,"event_name":"Scrap Ooze","floor":2,"gold_loss":0},{"damage_healed":26,"gold_gain":0,"player_choice":"Banana","damage_taken":0,"max_hp_gain":0,"max_hp_loss":0,"event_name":"Big Fish","floor":3,"gold_loss":0},{"damage_healed":0,"gold_gain":0,"player_choice":"Fought Mushrooms","damage_taken":0,"max_hp_gain":0,"max_hp_loss":0,"event_name":"Mushrooms","floor":14,"gold_loss":0},{"damage_healed":0,"gold_gain":0,"cards_transformed":["Defend_R","Defend_R"],"player_choice":"Became Test Subject","damage_taken":0,"max_hp_gain":0,"max_hp_loss":0,"event_name":"Drug Dealer","floor":19,"gold_loss":0,"cards_obtained":["Blood for Blood","Searing Blow"]},{"damage_healed":0,"gold_gain":0,"player_choice":"Ignored","damage_taken":0,"max_hp_gain":0,"max_hp_loss":0,"event_name":"The Mausoleum","floor":28,"gold_loss":0},{"damage_healed":0,"gold_gain":99,"player_choice":"Stole From Cult","damage_taken":0,"max_hp_gain":0,"max_hp_loss":0,"event_name":"Nest","floor":29,"gold_loss":0},{"damage_healed":0,"gold_gain":0,"player_choice":"Simplicity","damage_taken":0,"max_hp_gain":0,"max_hp_loss":0,"event_name":"Back to Basics","floor":31,"gold_loss":0,"cards_upgraded":["Strike_R","Strike_R","Strike_R","Strike_R","Defend_R","Defend_R"]}],"is_beta":false,"boss_relics":[{"not_picked":["Busted Crown","Coffee Dripper"],"picked":"Runic Pyramid"}],"items_purged_floors":[13],"is_endless":false,"potions_floor_spawned":[7,12,18,24,30],"killed_by":"Automaton","ascension_level":0}