{"gold_per_floor":[109,127,127,50,50,50,50,50,50,75,0,0,66,79,79,209,209,230,244,65,190,190,190,190,190,190,225,237,264,52,52,52,178,178,202,77,77,0,333,333,344,344,369,469,469,499,574,109,109,109],"floor_reached":51,"playtime":3827,"items_purged":["Pain","Strike_G","Strike_G","Defend_G"],"score":765,"play_id":"2f3e12c9-46c3-47cc-993e-2c09bd6344de","local_time":"20190204031547","is_ascension_mode":false,"campfire_choices":[{"data":"Caltrops","floor":6,"key":"SMITH"},{"data":"Neutralize","floor":8,"key":"SMITH"},{"floor":15,"key":"REST"},{"data":"Footwork","floor":23,"key":"SMITH"},{"data":"Dagger Spray","floor":25,"key":"SMITH"},{"floor":28,"key":"REST"},{"floor":32,"key":"REST"},{"data":"Noxious Fumes","floor":40,"key":"SMITH"},{"data":"Footwork","floor":42,"key":"SMITH"},{"data":"1","floor":49,"key":"LIFT"}],"neow_cost":"NONE","seed_source_timestamp":27295099376558,"circlet_count":0,"master_deck":["Defend_G","Defend_G","Defend_G+1","Defend_G","Strike_G","Strike_G+1","Survivor","Neutralize+1","Caltrops+1","Blur","Quick Slash","Leg Sweep","Dagger Spray+1","Phantasmal Killer","Terror","Footwork+1","Dash","Dodge and Roll","Tools of the Trade","Necronomicurse","Dodge and Roll+1","Noxious Fumes+1","Well Laid Plans","Underhanded Strike+1","Riddle With Holes+1","Footwork+1","Outmaneuver","Backstab","Burst"],"relics":["Ring of the Snake","NeowsBlessing","WarpedTongs","Kunai","FaceOfCleric","Tiny Chest","Sozu","Girya","Paper Crane","Necronomicon","MawBank","Philosopher\u0027s Stone","Thread and Needle","Anchor","Torii","Gremlin Horn","Ninja Scroll","Whetstone"],"potions_floor_usage":[13,16],"damage_taken":[{"damage":0,"enemies":"Cultist","floor":1,"turns":1},{"damage":0,"enemies":"Small Slimes","floor":2,"turns":1},{"damage":1,"enemies":"Jaw Worm","floor":10,"turns":1},{"damage":24,"enemies":"3 Sentries","floor":13,"turns":7},{"damage":3,"enemies":"Large Slime","floor":14,"turns":8},{"damage":4,"enemies":"Hexaghost","floor":16,"turns":9},{"damage":6,"enemies":"3 Byrds","floor":18,"turns":3},{"damage":2,"enemies":"Chosen","floor":19,"turns":4},{"damage":2,"enemies":"Colosseum Slavers","floor":21,"turns":4},{"damage":22,"enemies":"Colosseum Nobs","floor":21,"turns":5},{"damage":15,"enemies":"Snake Plant","floor":27,"turns":5},{"damage":0,"enemies":"Centurion and Healer","floor":29,"turns":7},{"damage":6,"enemies":"Champ","floor":33,"turns":12},{"damage":1,"enemies":"3 Shapes","floor":35,"turns":5},{"damage":0,"enemies":"Orb Walker","floor":41,"turns":2},{"damage":0,"enemies":"Mind Bloom Boss Battle","floor":44,"turns":6},{"damage":0,"enemies":"Giant Head","floor":46,"turns":9},{"damage":0,"enemies":"Awakened One","floor":50,"turns":12}],"seed_played":"-8857811065203757676","potions_obtained":[{"floor":1,"key":"Energy Potion"},{"floor":14,"key":"SkillPotion"}],"is_trial":false,"path_per_floor":["M","M","?","$","?","R","?","R","T","M","$","?","E","M","R","B",null,"M","M","$","?","?","R","T","R","T","M","R","M","$","?","R","B",null,"M","$","T","$","?","R","M","R","T","?","?","E","T","$","R","B",null],"character_chosen":"THE_SILENT","items_purchased":["Blur","Footwork","Dash","Dodge and Roll","Well Laid Plans","Underhanded Strike","Footwork","Burst","Whetstone"],"campfire_rested":3,"item_purchase_floors":[4,20,20,20,30,30,38,48,48],"current_hp_per_floor":[70,70,53,53,39,39,39,39,39,38,38,38,15,13,34,31,73,68,67,67,45,29,29,29,29,29,15,38,39,39,39,62,57,80,80,80,80,80,80,80,81,81,81,82,82,83,83,83,83,84],"gold":109,"neow_bonus":"THREE_ENEMY_KILL","is_prod":false,"is_daily":false,"chose_seed":false,"campfire_upgraded":6,"win_rate":0,"timestamp":1549246547,"path_taken":["M","?","?","$","?","R","?","R","T","?","$","?","E","?","R","BOSS","M","M","$","?","?","R","?","R","T","M","R","M","$","?","R","BOSS","M","$","?","?","?","R","?","R","T","?","?","E","?","$","R","BOSS"],"build_version":"2019-01-23","purchased_purges":4,"victory":true,"max_hp_per_floor":[70,70,70,70,70,70,70,70,70,70,70,70,71,72,72,73,73,74,75,75,77,77,77,77,77,77,78,78,79,79,79,79,80,80,81,81,81,81,81,81,82,82,82,83,83,84,84,84,84,85],"card_choices":[{"not_picked":["Setup","Slice"],"picked":"Backflip","floor":1},{"not_picked":["Slice","Catalyst"],"picked":"Caltrops","floor":2},{"not_picked":["Accuracy","Slice"],"picked":"Quick Slash","floor":10},{"not_picked":["Backflip","Flechettes"],"picked":"Leg Sweep","floor":13},{"not_picked":["Bane","Setup"],"picked":"Dagger Spray","floor":14},{"not_picked":["Wraith Form v2","After Image"],"picked":"Phantasmal Killer","floor":16},{"not_picked":["Backflip","Slice"],"picked":"Terror","floor":18},{"not_picked":["Heel Hook","Slice","Tactician"],"picked":"SKIP","floor":19},{"not_picked":["Concentrate+1","Bane"],"picked":"Tools of the Trade","floor":21},{"not_picked":["Quick Slash","Poisoned Stab+1"],"picked":"Dodge and Roll+1","floor":27},{"not_picked":["Acrobatics","Dagger Spray"],"picked":"Noxious Fumes","floor":29},{"not_picked":["PiercingWail+1","Deflect+1"],"picked":"Riddle With Holes","floor":35},{"not_picked":["Dodge and Roll+1","Dagger Spray"],"picked":"Outmaneuver","floor":41},{"not_picked":["Infinite Blades+1","Poisoned Stab"],"picked":"Backstab","floor":46}],"player_experience":720444,"relics_obtained":[{"floor":9,"key":"Kunai"},{"floor":13,"key":"Tiny Chest"},{"floor":21,"key":"Girya"},{"floor":21,"key":"Paper Crane"},{"floor":22,"key":"Necronomicon"},{"floor":26,"key":"MawBank"},{"floor":37,"key":"Thread and Needle"},{"floor":43,"key":"Anchor"},{"floor":44,"key":"Torii"},{"floor":46,"key":"Gremlin Horn"},{"floor":47,"key":"Ninja Scroll"}],"event_choices":[{"damage_healed":0,"gold_gain":0,"player_choice":"Take Damage","damage_taken":17,"relics_obtained":["Golden Idol"],"max_hp_gain":0,"max_hp_loss":0,"event_name":"Golden Idol","floor":3,"gold_loss":0},{"damage_healed":0,"gold_gain":0,"player_choice":"Entered Light","damage_taken":14,"max_hp_gain":0,"max_hp_loss":0,"event_name":"Shining Light","floor":5,"gold_loss":0,"cards_upgraded":["Strike_G","Defend_G"]},{"damage_healed":0,"gold_gain":0,"player_choice":"Rummage","damage_taken":0,"relics_obtained":["WarpedTongs"],"max_hp_gain":0,"max_hp_loss":0,"event_name":"Accursed Blacksmith","floor":7,"gold_loss":0,"cards_obtained":["Pain"]},{"damage_healed":0,"gold_gain":0,"player_choice":"Trade","damage_taken":0,"relics_obtained":["FaceOfCleric"],"max_hp_gain":0,"max_hp_loss":0,"event_name":"FaceTrader","floor":12,"gold_loss":0},{"damage_healed":0,"gold_gain":0,"player_choice":"Fight","damage_taken":0,"max_hp_gain":0,"max_hp_loss":0,"event_name":"Colosseum","floor":21,"gold_loss":0},{"damage_healed":0,"gold_gain":0,"player_choice":"Fought Nobs","damage_taken":0,"max_hp_gain":0,"max_hp_loss":0,"event_name":"Colosseum","floor":21,"gold_loss":0},{"damage_healed":0,"gold_gain":0,"player_choice":"Obtained Book","damage_taken":16,"max_hp_gain":0,"max_hp_loss":0,"event_name":"Cursed Tome","floor":22,"gold_loss":0},{"cards_removed":["Strike_G"],"damage_healed":0,"gold_gain":0,"player_choice":"Purged","damage_taken":0,"max_hp_gain":0,"max_hp_loss":0,"event_name":"Purifier","floor":31,"gold_loss":0},{"damage_healed":0,"gold_gain":333,"player_choice":"Gave Idol","damage_taken":0,"max_hp_gain":0,"max_hp_loss":0,"event_name":"The Moai Head","floor":39,"relics_lost":["Golden Idol"],"gold_loss":0},{"damage_healed":0,"gold_gain":0,"player_choice":"Fight","damage_taken":0,"max_hp_gain":0,"max_hp_loss":0,"event_name":"MindBloom","floor":44,"gold_loss":0},{"cards_removed":["Backflip"],"damage_healed":0,"gold_gain":0,"player_choice":"Removed Skill","damage_taken":0,"max_hp_gain":0,"max_hp_loss":0,"event_name":"Falling","floor":45,"gold_loss":0}],"is_beta":false,"boss_relics":[{"not_picked":["Lizard Tail","WristBlade"],"picked":"Sozu"},{"not_picked":["Velvet Choker","Cursed Key"],"picked":"Philosopher\u0027s Stone"}],"items_purged_floors":[11,30,36,48],"is_endless":false,"potions_floor_spawned":[1,14,18,21,41,44],"ascension_level":0}