{"gold_per_floor":[116,191,209,54,54,54,67,123,199,6,18,28,56,71,71,171,171,186,196,196,226,226],"floor_reached":22,"playtime":2905,"items_purged":["Strike_B"],"score":196,"play_id":"dd7cec71-4aab-4288-83b5-a87b3cdf6fae","local_time":"20180708131724","is_ascension_mode":false,"campfire_choices":[{"data":"Zap","floor":6,"key":"SMITH"},{"data":"Creative AI","floor":15,"key":"SMITH"}],"neow_cost":"","seed_source_timestamp":4411499837304,"circlet_count":0,"master_deck":["Strike_B","Strike_B","Strike_B","Defend_B","Defend_B","Defend_B","Zap+1","Dualcast","Sweeping Beam","Capacitor","Loop","BootSequence","Fusion","Coolheaded","Creative AI+1","Machine Learning","Self Repair","Auto Shields"],"relics":["Cracked Core","Tiny Chest","Mummified Hand","Lee\u0027s Waffle","Ancient Tea Set","Sozu","Red Mask"],"potions_floor_usage":[8,11,16,21],"damage_taken":[{"damage":0,"enemies":"Small Slimes","floor":1,"turns":3},{"damage":3,"enemies":"2 Louse","floor":3,"turns":3},{"damage":8,"enemies":"Jaw Worm","floor":7,"turns":4},{"damage":21,"enemies":"Gremlin Nob","floor":8,"turns":5},{"damage":2,"enemies":"3 Louse","floor":11,"turns":2},{"damage":0,"enemies":"Exordium Wildlife","floor":12,"turns":3},{"damage":21,"enemies":"3 Sentries","floor":13,"turns":6},{"damage":10,"enemies":"Looter","floor":14,"turns":3},{"damage":23,"enemies":"Hexaghost","floor":16,"turns":11},{"damage":7,"enemies":"Chosen","floor":18,"turns":6},{"damage":13,"enemies":"Shell Parasite","floor":19,"turns":6},{"damage":63,"floor":21,"turns":5},{"damage":17,"enemies":"Snake Plant","floor":22,"turns":3}],"seed_played":"-3398761807229027299","potions_obtained":[{"floor":7,"key":"Weak Potion"},{"floor":8,"key":"Explosive Potion"},{"floor":13,"key":"SpeedPotion"},{"floor":16,"key":"SpeedPotion"}],"is_trial":false,"path_per_floor":["M","?","M","$","?","R","M","E","T","$","M","M","E","M","R","B",null,"M","M","?","?"],"character_chosen":"DEFECT","items_purchased":["Loop","Lee\u0027s Waffle"],"campfire_rested":0,"item_purchase_floors":[4,10],"current_hp_per_floor":[75,64,61,61,54,54,46,25,25,82,80,80,59,49,49,26,82,75,69,69,13,0],"gold":226,"neow_bonus":"","is_prod":false,"is_daily":false,"chose_seed":false,"campfire_upgraded":2,"win_rate":0.0,"timestamp":1531048644,"path_taken":["M","?","M","$","?","R","M","E","T","?","M","?","E","M","R","BOSS","M","M","?","?","M"],"build_version":"2018-07-05","purchased_purges":1,"victory":false,"max_hp_per_floor":[75,75,75,75,75,75,75,75,75,82,82,82,82,82,82,82,82,82,82,82,82,82],"card_choices":[{"not_picked":["Conserve Battery","Ball Lightning"],"picked":"Sweeping Beam","floor":1},{"not_picked":["Loop","Stack"],"picked":"Capacitor","floor":3},{"not_picked":["Blizzard","Rebound"],"picked":"BootSequence","floor":7},{"not_picked":["Tempest","BootSequence"],"picked":"Fusion","floor":8},{"not_picked":["Leap","Reprogram"],"picked":"Coolheaded","floor":11},{"not_picked":["Blizzard","Loop","Coolheaded"],"picked":"SKIP","floor":12},{"not_picked":["Barrage","Streamline"],"picked":"Creative AI","floor":13},{"not_picked":["Melter","Go for the Eyes","Redo"],"picked":"SKIP","floor":14},{"not_picked":["Reboot","Biased Cognition"],"picked":"Machine Learning","floor":16},{"not_picked":["Rebound+1","Streamline"],"picked":"Self Repair","floor":18},{"not_picked":["Cold Snap","Steam","Coolheaded"],"picked":"SKIP","floor":19},{"not_picked":["Sweeping Beam","Compile Driver"],"picked":"Auto Shields","floor":21}],"player_experience":435009,"relics_obtained":[{"floor":8,"key":"Tiny Chest"},{"floor":9,"key":"Mummified Hand"},{"floor":13,"key":"Ancient Tea Set"},{"floor":21,"key":"Red Mask"}],"event_choices":[{"event_name":"World of Goop","player_choice":"Gather Gold","floor":2,"damage_taken":0},{"event_name":"Golden Wing","player_choice":"Card Removal","floor":5,"damage_taken":0},{"event_name":"Ghosts","player_choice":"Ignored","floor":20,"damage_taken":0},{"event_name":"Masked Bandits","player_choice":"Fought over 196 gold","floor":21,"damage_taken":0}],"boss_relics":[{"not_picked":["Empty Cage","Orrery"],"picked":"Sozu"}],"items_purged_floors":[4],"is_endless":false,"potions_floor_spawned":[7,8,13,16,18,19,21],"killed_by":"Snake Plant","ascension_level":0}