{"gold_per_floor":[109,184,184,109,128,128,128,128,128,141,158,158,190,207,207,309,309,326,341,341,341,91,91,119,19,19,33,53,53,53,63,63,63],"floor_reached":33,"playtime":1928,"items_purged":["Strike_R","Strike_R"],"score":275,"play_id":"324522c7-807b-47c5-9446-dc44121fdeae","local_time":"20190124190454","is_ascension_mode":false,"campfire_choices":[{"data":"Pommel Strike","floor":7,"key":"SMITH"},{"floor":15,"key":"REST"},{"data":"Defend_R","floor":23,"key":"PURGE"},{"data":"Defend_R","floor":30,"key":"PURGE"},{"data":"Fiend Fire","floor":32,"key":"SMITH"}],"neow_cost":"TEN_PERCENT_HP_LOSS","seed_source_timestamp":29829613582683,"circlet_count":0,"master_deck":["Strike_R","Defend_R","Bash","Spot Weakness","Heavy Blade","Pommel Strike+1","Feel No Pain","Pummel","Fiend Fire+1","Shrug It Off","Fiend Fire+1","Thunderclap+1","Flex","Second Wind","Battle Trance+1"],"relics":["Burning Blood","Peace Pipe","Bottled Lightning","Bottled Flame","Matryoshka","Bag of Marbles","Coffee Dripper","MutagenicStrength","Strange Spoon","PreservedInsect","Whetstone","Dodecahedron"],"potions_floor_usage":[5,11,13,27,31],"damage_taken":[{"damage":1,"enemies":"Jaw Worm","floor":1,"turns":3},{"damage":8,"enemies":"Small Slimes","floor":5,"turns":3},{"damage":36,"enemies":"Lagavulin","floor":6,"turns":5},{"damage":0,"enemies":"Cultist","floor":10,"turns":2},{"damage":3,"enemies":"Blue Slaver","floor":11,"turns":3},{"damage":25,"enemies":"3 Sentries","floor":13,"turns":6},{"damage":6,"enemies":"Large Slime","floor":14,"turns":3},{"damage":16,"enemies":"Slime Boss","floor":16,"turns":6},{"damage":10,"enemies":"3 Byrds","floor":18,"turns":5},{"damage":10,"enemies":"Chosen","floor":19,"turns":2},{"damage":38,"enemies":"Book of Stabbing","floor":24,"turns":4},{"damage":12,"enemies":"Centurion and Healer","floor":27,"turns":3},{"damage":0,"enemies":"Cultist and Chosen","floor":28,"turns":2},{"damage":0,"enemies":"Snecko","floor":31,"turns":1},{"damage":60,"enemies":"Champ","floor":33,"turns":6}],"seed_played":"8402851483864559490","potions_obtained":[{"floor":1,"key":"BloodPotion"},{"floor":5,"key":"EssenceOfSteel"},{"floor":11,"key":"BloodPotion"},{"floor":24,"key":"Energy Potion"},{"floor":28,"key":"Strength Potion"}],"is_trial":false,"path_per_floor":["M","?","?","$","M","E","R","?","T","M","M","?","E","M","R","B",null,"M","M","?","?","$","R","E","$","T","M","M","?","R","M","R","B"],"character_chosen":"IRONCLAD","items_purchased":["Strange Spoon","Thunderclap"],"campfire_rested":1,"item_purchase_floors":[22,22],"current_hp_per_floor":[72,61,61,61,66,36,36,36,36,42,45,27,15,15,36,26,72,68,64,64,64,64,64,32,32,32,26,32,32,32,38,38,0],"gold":63,"neow_bonus":"ONE_RARE_RELIC","is_prod":false,"is_daily":false,"chose_seed":false,"campfire_upgraded":2,"win_rate":0,"timestamp":1548353094,"path_taken":["M","?","?","?","M","E","R","?","T","M","?","?","E","M","R","BOSS","M","M","?","?","$","R","E","?","T","M","M","?","R","M","R","BOSS"],"build_version":"2019-01-23","purchased_purges":2,"victory":false,"max_hp_per_floor":[72,72,72,72,72,72,72,72,72,72,72,72,72,72,72,72,72,72,72,72,72,72,72,72,72,72,72,72,72,72,72,72,72],"card_choices":[{"not_picked":["Thunderclap","Armaments"],"picked":"Spot Weakness","floor":1},{"not_picked":["Rage","Seeing Red"],"picked":"Heavy Blade","floor":5},{"not_picked":["Uppercut","Feel No Pain"],"picked":"Pommel Strike","floor":6},{"not_picked":["Body Slam","Sentinel","Iron Wave"],"picked":"SKIP","floor":10},{"not_picked":["Twin Strike","Iron Wave"],"picked":"Pummel","floor":11},{"not_picked":["Clash","Pummel"],"picked":"Fiend Fire","floor":13},{"not_picked":["Twin Strike","Corruption"],"picked":"Shrug It Off","floor":14},{"not_picked":["Dark Embrace","Limit Break"],"picked":"Fiend Fire","floor":16},{"not_picked":["Clothesline+1","Sword Boomerang+1","Cleave"],"picked":"SKIP","floor":18},{"not_picked":["Burning Pact","Perfected Strike+1","Body Slam"],"picked":"SKIP","floor":19},{"not_picked":["Combust+1","Heavy Blade"],"picked":"Flex","floor":24},{"not_picked":["Thunderclap","Anger"],"picked":"Second Wind","floor":27},{"not_picked":["Hemokinesis","Armaments"],"picked":"Battle Trance+1","floor":28},{"not_picked":["Searing Blow","Body Slam+1","Blood for Blood"],"picked":"SKIP","floor":31}],"player_experience":603884,"relics_obtained":[{"floor":6,"key":"Bottled Lightning"},{"floor":9,"key":"Bottled Flame"},{"floor":13,"key":"Bag of Marbles"},{"floor":24,"key":"PreservedInsect"},{"floor":26,"key":"Whetstone"},{"floor":26,"key":"Dodecahedron"}],"event_choices":[{"damage_healed":0,"gold_gain":75,"player_choice":"Gather Gold","damage_taken":11,"max_hp_gain":0,"max_hp_loss":0,"event_name":"World of Goop","floor":2,"gold_loss":0},{"cards_removed":["Strike_R"],"damage_healed":0,"gold_gain":0,"player_choice":"Forget","damage_taken":0,"max_hp_gain":0,"max_hp_loss":0,"event_name":"Living Wall","floor":3,"gold_loss":0},{"damage_healed":0,"gold_gain":0,"cards_transformed":["Defend_R"],"player_choice":"Transformed","damage_taken":0,"max_hp_gain":0,"max_hp_loss":0,"event_name":"Transmorgrifier","floor":8,"gold_loss":0,"cards_obtained":["Feel No Pain"]},{"damage_healed":0,"gold_gain":0,"player_choice":"Success","damage_taken":18,"relics_obtained":["Matryoshka"],"max_hp_gain":0,"max_hp_loss":0,"event_name":"Scrap Ooze","floor":12,"gold_loss":0},{"damage_healed":0,"gold_gain":0,"player_choice":"Inject Mutagens","damage_taken":0,"relics_obtained":["MutagenicStrength"],"max_hp_gain":0,"max_hp_loss":0,"event_name":"Drug Dealer","floor":20,"gold_loss":0},{"cards_removed":["Strike_R"],"damage_healed":0,"gold_gain":0,"player_choice":"Elegance","damage_taken":0,"max_hp_gain":0,"max_hp_loss":0,"event_name":"Back to Basics","floor":21,"gold_loss":0},{"damage_healed":0,"gold_gain":0,"player_choice":"Ignored","damage_taken":0,"max_hp_gain":0,"max_hp_loss":0,"event_name":"Cursed Tome","floor":29,"gold_loss":0}],"is_beta":false,"boss_relics":[{"not_picked":["Snecko Eye","Sozu"],"picked":"Coffee Dripper"}],"items_purged_floors":[4,25],"is_endless":false,"potions_floor_spawned":[1,5,11,24,28],"killed_by":"Champ","ascension_level":0}