{"gold_per_floor":[119,119,130,145,145,145,162,162,187,212,224,256,256,275,275,275],"floor_reached":16,"playtime":2005,"items_purged":[],"score":224,"play_id":"c89b839e-756f-4823-8683-989a7a740b23","local_time":"20190806115343","is_ascension_mode":true,"campfire_choices":[{"data":"Bash","floor":6.0,"key":"SMITH"},{"data":"Twin Strike","floor":8.0,"key":"SMITH"},{"data":"True Grit","floor":15.0,"key":"SMITH"}],"neow_cost":"NONE","seed_source_timestamp":410129826593300,"circlet_count":0,"master_deck":["AscendersBane","Strike_R","Strike_R","Strike_R","Strike_R","Defend_R","Defend_R","Defend_R","Defend_R","Bash+1","Headbutt","Twin Strike","Twin Strike+1","Pummel","True Grit+1","Iron Wave","Battle Trance"],"special_seed":0,"relics":["Burning Blood","Potion Belt","Juzu Bracelet","Anchor","Self Forming Clay"],"potions_floor_usage":[16,16,16],"damage_taken":[{"damage":0.0,"enemies":"2 Louse","floor":1.0,"turns":5.0},{"damage":7.0,"enemies":"Cultist","floor":3.0,"turns":4.0},{"damage":9.0,"enemies":"Jaw Worm","floor":4.0,"turns":4.0},{"damage":3.0,"enemies":"3 Louse","floor":7.0,"turns":2.0},{"damage":50.0,"enemies":"Lagavulin","floor":10.0,"turns":7.0},{"damage":2.0,"enemies":"Looter","floor":11.0,"turns":3.0},{"damage":8.0,"enemies":"Gremlin Nob","floor":12.0,"turns":3.0},{"damage":3.0,"enemies":"Large Slime","floor":14.0,"turns":4.0},{"damage":44,"enemies":"The Guardian","floor":16,"turns":19}],"seed_played":"-2373407563610945922","potions_obtained":[{"floor":3.0,"key":"Fire Potion"},{"floor":4.0,"key":"SpeedPotion"},{"floor":7.0,"key":"Swift Potion"},{"floor":14.0,"key":"SteroidPotion"}],"is_trial":false,"path_per_floor":["M","?","M","M","?","R","M","R","T","E","M","E","?","M","R","B"],"character_chosen":"IRONCLAD","items_purchased":[],"campfire_rested":0,"item_purchase_floors":[],"current_hp_per_floor":[74,74,73,70,75,75,78,78,78,34,38,36,36,39,39,0],"gold":275,"neow_bonus":"RANDOM_COMMON_RELIC","is_prod":false,"is_daily":false,"chose_seed":false,"campfire_upgraded":3,"win_rate":0,"timestamp":1565106823,"path_taken":["M","?","M","?","?","R","M","R","T","E","M","E","?","M","R","BOSS"],"build_version":"2019-07-17","purchased_purges":0,"victory":false,"max_hp_per_floor":[75,75,75,75,80,80,80,80,80,80,80,80,80,80,80,80],"card_choices":[{"not_picked":["Wild Strike","Combust"],"picked":"Headbutt","floor":1.0},{"not_picked":["Shrug It Off","Flex"],"picked":"Twin Strike","floor":3.0},{"not_picked":["Ghostly Armor","Body Slam"],"picked":"Twin Strike","floor":4.0},{"not_picked":["True Grit","Warcry"],"picked":"Pummel","floor":7.0},{"not_picked":["Juggernaut","Headbutt"],"picked":"True Grit","floor":10.0},{"not_picked":["Twin Strike","Anger"],"picked":"Iron Wave","floor":11.0},{"not_picked":["Exhume","Rampage"],"picked":"Battle Trance","floor":12.0},{"not_picked":["True Grit","Anger","Clothesline"],"picked":"SKIP","floor":14.0}],"player_experience":2621789,"relics_obtained":[{"floor":9.0,"key":"Juzu Bracelet"},{"floor":10.0,"key":"Anchor"},{"floor":12.0,"key":"Self Forming Clay"}],"event_choices":[{"cards_removed":["Strike_R"],"damage_healed":0.0,"max_hp_gain":0.0,"max_hp_loss":0.0,"gold_gain":0.0,"event_name":"Purifier","player_choice":"Purged","floor":2.0,"gold_loss":0.0,"damage_taken":0.0},{"damage_healed":0.0,"max_hp_gain":5.0,"max_hp_loss":0.0,"gold_gain":0.0,"event_name":"Big Fish","player_choice":"Donut","floor":5.0,"gold_loss":0.0,"damage_taken":0.0},{"damage_healed":0.0,"max_hp_gain":0.0,"max_hp_loss":0.0,"gold_gain":0.0,"event_name":"Liars Game","player_choice":"Ignored","floor":13.0,"gold_loss":0.0,"damage_taken":0.0}],"is_beta":false,"boss_relics":[],"items_purged_floors":[],"is_endless":false,"potions_floor_spawned":[3,4,7,14],"killed_by":"The Guardian","ascension_level":20}