{"gold_per_floor":[114,114,114,128,128,128,153,168,168,168,8,24,24,24,24,126,126,144,144,162,172,191,191],"floor_reached":23,"playtime":1286,"items_purged":[],"score":287,"play_id":"65004f39-7925-4e06-bcf0-7a00e791b4f9","local_time":"20190907080912","is_ascension_mode":true,"campfire_choices":[{"floor":6.0,"key":"REST"},{"floor":15.0,"key":"REST"}],"neow_cost":"NONE","seed_source_timestamp":1818337756552200,"circlet_count":0,"master_deck":["AscendersBane","Strike_B","Strike_B+1","Strike_B+1","Defend_B","Defend_B","Defend_B","Defend_B","Zap","Dualcast","Redo","BootSequence","Ball Lightning","FTL","Rebound","Echo Form","Biased Cognition","White Noise","Heatsinks","Conserve Battery","Melter","Self Repair+1","Decay","White Noise","Undo","White Noise+1","Auto Shields"],"special_seed":0,"relics":["Cracked Core","Prayer Wheel","Mummified Hand","StoneCalendar","Sundial","CultistMask","Orrery"],"potions_floor_usage":[23],"damage_taken":[{"damage":1.0,"enemies":"2 Louse","floor":1.0,"turns":3.0},{"damage":2.0,"enemies":"Jaw Worm","floor":4.0,"turns":3.0},{"damage":28.0,"enemies":"Lagavulin","floor":7.0,"turns":6.0},{"damage":0.0,"enemies":"Small Slimes","floor":8.0,"turns":3.0},{"damage":4.0,"enemies":"2 Fungi Beasts","floor":12.0,"turns":3.0},{"damage":43.0,"enemies":"The Guardian","floor":16.0,"turns":11.0},{"damage":24.0,"enemies":"2 Thieves","floor":18.0,"turns":4.0},{"damage":13.0,"enemies":"3 Byrds","floor":20.0,"turns":3.0},{"damage":12.0,"enemies":"Shelled Parasite and Fungi","floor":21.0,"turns":5.0},{"damage":0.0,"enemies":"Chosen and Byrds","floor":22.0,"turns":6.0},{"damage":66,"enemies":"Book of Stabbing","floor":23,"turns":5}],"seed_played":"-4911845512244393558","potions_obtained":[{"floor":7.0,"key":"EssenceOfSteel"},{"floor":8.0,"key":"SneckoOil"},{"floor":22.0,"key":"Block Potion"}],"is_trial":false,"path_per_floor":["M","?","?","M","?","R","E","M","T","T","$","M","?","?","R","B",null,"M","?","M","M","M","E"],"character_chosen":"DEFECT","items_purchased":["Echo Form"],"campfire_rested":2,"item_purchase_floors":[11],"current_hp_per_floor":[74,56,40,38,38,62,34,34,34,34,34,30,23,23,47,4,63,39,39,46,44,54,0],"gold":191,"neow_bonus":"TEN_PERCENT_HP_BONUS","is_prod":false,"is_daily":false,"chose_seed":false,"campfire_upgraded":0,"win_rate":0,"timestamp":1567868952,"path_taken":["M","?","?","M","?","R","E","M","T","?","$","M","?","?","R","BOSS","M","?","M","M","M","E"],"build_version":"2019-07-17","purchased_purges":0,"victory":false,"max_hp_per_floor":[82,82,82,82,82,82,82,82,82,82,82,82,82,82,82,82,82,82,82,82,82,82,82],"card_choices":[{"not_picked":["Ball Lightning","Sweeping Beam"],"picked":"Redo","floor":1.0},{"not_picked":["Streamline","Beam Cell"],"picked":"BootSequence","floor":4.0},{"not_picked":["Hologram","Gash"],"picked":"Ball Lightning","floor":4.0},{"not_picked":["Gash","Turbo"],"picked":"FTL","floor":7.0},{"not_picked":["Cold Snap","Steam"],"picked":"Rebound","floor":8.0},{"not_picked":["Turbo","Ball Lightning","Amplify"],"picked":"SKIP","floor":8.0},{"not_picked":["Skim","Turbo","Steam Power"],"picked":"SKIP","floor":12.0},{"not_picked":["Turbo","Rip and Tear","Streamline"],"picked":"SKIP","floor":12.0},{"not_picked":["Thunder Strike","Fission"],"picked":"Biased Cognition","floor":16.0},{"not_picked":["Reinforced Body","Leap"],"picked":"White Noise","floor":17.0},{"not_picked":["Conserve Battery","Hologram"],"picked":"Heatsinks","floor":17.0},{"not_picked":["Redo","Rebound"],"picked":"Conserve Battery","floor":17.0},{"not_picked":["Chaos","Gash"],"picked":"Melter","floor":17.0},{"not_picked":["Fission","Ball Lightning"],"picked":"Self Repair+1","floor":18.0},{"not_picked":["Hello World+1","Consume","Beam Cell+1"],"picked":"SKIP","floor":18.0},{"not_picked":["Ball Lightning","Compile Driver"],"picked":"White Noise","floor":20.0},{"not_picked":["Streamline","Consume"],"picked":"Undo","floor":20.0},{"not_picked":["Sunder","Beam Cell"],"picked":"White Noise+1","floor":21.0},{"not_picked":["Chill","Reinforced Body+1"],"picked":"Auto Shields","floor":21.0},{"not_picked":["Hologram+1","Beam Cell","Turbo"],"picked":"SKIP","floor":22.0},{"not_picked":["Turbo","Leap+1","Steam"],"picked":"SKIP","floor":22.0}],"player_experience":279922,"relics_obtained":[{"floor":7.0,"key":"Mummified Hand"},{"floor":9.0,"key":"StoneCalendar"},{"floor":10.0,"key":"Sundial"}],"event_choices":[{"damage_healed":0.0,"max_hp_gain":0.0,"max_hp_loss":0.0,"gold_gain":0.0,"event_name":"Scrap Ooze","player_choice":"Success","floor":2.0,"gold_loss":0.0,"damage_taken":18.0,"relics_obtained":["Prayer Wheel"]},{"damage_healed":0.0,"max_hp_gain":0.0,"max_hp_loss":0.0,"gold_gain":0.0,"event_name":"Shining Light","player_choice":"Entered Light","floor":3.0,"gold_loss":0.0,"damage_taken":16.0,"cards_upgraded":["Strike_B","Strike_B"]},{"damage_healed":0.0,"max_hp_gain":0.0,"max_hp_loss":0.0,"gold_gain":0.0,"event_name":"Liars Game","player_choice":"Ignored","floor":5.0,"gold_loss":0.0,"damage_taken":0.0},{"cards_removed":["Strike_B"],"damage_healed":0.0,"max_hp_gain":0.0,"max_hp_loss":0.0,"gold_gain":0.0,"event_name":"Golden Wing","player_choice":"Card Removal","floor":13.0,"gold_loss":0.0,"damage_taken":7.0},{"damage_healed":0.0,"max_hp_gain":0.0,"max_hp_loss":0.0,"gold_gain":0.0,"event_name":"FaceTrader","player_choice":"Trade","floor":14.0,"gold_loss":0.0,"damage_taken":0.0,"relics_obtained":["CultistMask"]},{"damage_healed":0.0,"max_hp_gain":0.0,"max_hp_loss":0.0,"gold_gain":0.0,"event_name":"Wheel of Change","player_choice":"Cursed","floor":19.0,"gold_loss":0.0,"damage_taken":0.0,"cards_obtained":["Decay"]}],"is_beta":false,"boss_relics":[{"not_picked":["Cursed Key","Astrolabe"],"picked":"Orrery"}],"items_purged_floors":[],"is_endless":false,"potions_floor_spawned":[7,8,22],"killed_by":"Book of Stabbing","ascension_level":10}