{"gold_per_floor":[113,113,113,38,38,57,7,47,47,70,70,70,70,84,84,84],"floor_reached":16,"playtime":1271,"items_purged":["Strike_B"],"score":98,"play_id":"3b0845cb-0cca-4f42-954e-6331d86ee74a","local_time":"20180818015936","is_ascension_mode":false,"campfire_choices":[{"data":"Zap","floor":11,"key":"SMITH"},{"floor":13,"key":"REST"},{"data":"Streamline","floor":15,"key":"SMITH"}],"neow_cost":"","seed_source_timestamp":2900223617117,"circlet_count":0,"master_deck":["Strike_B","Strike_B","Defend_B","Defend_B","Defend_B","Defend_B","Zap+1","Dualcast","Streamline","Compile Driver","Turbo+1","Streamline+1","Coolheaded+1"],"relics":["Cracked Core","Toxic Egg 2","Golden Idol","Pear","Blue Candle","Frozen Egg 2"],"potions_floor_usage":[10,14,16],"damage_taken":[{"damage":3,"enemies":"Jaw Worm","floor":1,"turns":4},{"damage":7,"enemies":"Small Slimes","floor":6,"turns":3},{"damage":31,"enemies":"Lagavulin","floor":8,"turns":5},{"damage":0,"enemies":"2 Louse","floor":10,"turns":2},{"damage":11,"enemies":"Exordium Thugs","floor":14,"turns":3},{"damage":48,"enemies":"Slime Boss","floor":16,"turns":7}],"seed_played":"-5377352407390994408","potions_obtained":[{"floor":8,"key":"PowerPotion"},{"floor":10,"key":"Regen Potion"},{"floor":14,"key":"AttackPotion"}],"is_trial":false,"path_per_floor":["M","?","?","$","T","M","?","E","T","M","R","$","R","M","R"],"character_chosen":"DEFECT","items_purchased":[],"campfire_rested":1,"item_purchase_floors":[],"current_hp_per_floor":[72,54,54,54,64,57,57,26,26,26,26,26,49,47,47,0],"gold":84,"neow_bonus":"","is_prod":false,"is_daily":false,"chose_seed":false,"campfire_upgraded":2,"win_rate":0,"timestamp":1534550376,"path_taken":["M","?","?","$","?","M","?","E","T","M","R","?","R","M","R","BOSS"],"build_version":"2018-08-16","purchased_purges":1,"victory":false,"max_hp_per_floor":[75,75,69,69,79,79,79,79,79,79,79,79,79,79,79,79],"card_choices":[{"not_picked":["Gash","Rebound"],"picked":"Streamline","floor":1},{"not_picked":["Fusion+1","Chill+1"],"picked":"Compile Driver","floor":6},{"not_picked":["Stack+1","Steam+1"],"picked":"Turbo+1","floor":8},{"not_picked":["Barrage","Compile Driver"],"picked":"Streamline","floor":10},{"not_picked":["Lockon","Scrape"],"picked":"Coolheaded+1","floor":14}],"player_experience":482649,"relics_obtained":[{"floor":5,"key":"Pear"},{"floor":8,"key":"Blue Candle"},{"floor":9,"key":"Frozen Egg 2"}],"event_choices":[{"event_name":"Scrap Ooze","player_choice":"success","floor":2,"damage_taken":18},{"event_name":"Golden Idol","player_choice":"Lose Max HP","floor":3,"damage_taken":0},{"event_name":"The Cleric","player_choice":"Card Removal","floor":7,"damage_taken":0}],"is_beta":false,"boss_relics":[],"items_purged_floors":[4],"is_endless":false,"potions_floor_spawned":[8,10,14],"killed_by":"Slime Boss","ascension_level":0}