{"gold_per_floor":[111,121,121,140,215,215,248,248,248,258,283,283,296,311,311,410,410,425,301,317,333,152,179,104,284,337,9,9,27,27,37,37,135,135,149,164,264,283,144,144,72,84,84,54,69,88,88,107,107,107,107,107,60,90,90],"floor_reached":55,"playtime":5931,"items_purged":["Strike_G","Strike_G","Defend_G"],"score":726,"play_id":"fdce4b20-c273-419c-9ae4-120995f1efe5","local_time":"20190203014819","is_ascension_mode":false,"campfire_choices":[{"data":"Neutralize","floor":6,"key":"SMITH"},{"data":"Survivor","floor":8,"key":"SMITH"},{"data":"Footwork","floor":12,"key":"SMITH"},{"data":"Noxious Fumes","floor":15,"key":"SMITH"},{"floor":28,"key":"REST"},{"data":"Reflex","floor":30,"key":"SMITH"},{"floor":32,"key":"REST"},{"data":"Footwork","floor":40,"key":"SMITH"},{"data":"Burst","floor":47,"key":"SMITH"},{"floor":49,"key":"RECALL"},{"data":"Caltrops","floor":52,"key":"SMITH"}],"neow_cost":"NONE","seed_source_timestamp":29373402750719,"circlet_count":0,"master_deck":["Defend_G","Defend_G","Defend_G","Defend_G","Strike_G","Strike_G","Survivor+1","Neutralize+1","Sucker Punch","Terror","Unload","Prepared","Footwork+1","Footwork+1","Noxious Fumes+1","Dagger Spray","Reflex+1","Blur+1","Cloak And Dagger","Dagger Throw","Skewer","Dagger Spray+1","Expertise","Caltrops+1","Burst+1","Calculated Gamble","Well Laid Plans+1","Backflip+1","PiercingWail+1"],"relics":["Ring of the Snake","Bag of Preparation","Kunai","Tough Bandages","Meat on the Bone","Mercury Hourglass","Busted Crown","Boot","Oddly Smooth Stone","Black Star","Torii","Toxic Egg 2","Calipers","Bronze Scales"],"potions_floor_usage":[11,11,18,21,23,38,45,50,55,55,55],"damage_taken":[{"damage":0,"enemies":"Jaw Worm","floor":1,"turns":4},{"damage":0,"enemies":"Cultist","floor":2,"turns":3},{"damage":0,"enemies":"2 Louse","floor":4,"turns":3},{"damage":23,"enemies":"Lagavulin","floor":7,"turns":7},{"damage":7,"enemies":"Looter","floor":10,"turns":2},{"damage":9,"enemies":"3 Sentries","floor":11,"turns":8},{"damage":0,"enemies":"Lots of Slimes","floor":13,"turns":3},{"damage":0,"enemies":"3 Louse","floor":14,"turns":3},{"damage":7,"enemies":"Hexaghost","floor":16,"turns":9},{"damage":0,"enemies":"2 Thieves","floor":18,"turns":4},{"damage":7,"enemies":"Spheric Guardian","floor":20,"turns":5},{"damage":20,"enemies":"Centurion and Healer","floor":21,"turns":4},{"damage":17,"enemies":"Gremlin Leader","floor":23,"turns":6},{"damage":0,"enemies":"Snake Plant","floor":29,"turns":4},{"damage":0,"enemies":"Shelled Parasite and Fungi","floor":31,"turns":5},{"damage":0,"enemies":"Automaton","floor":33,"turns":11},{"damage":0,"enemies":"3 Shapes","floor":35,"turns":3},{"damage":0,"enemies":"Orb Walker","floor":36,"turns":5},{"damage":0,"enemies":"Mind Bloom Boss Battle","floor":37,"turns":8},{"damage":7,"enemies":"4 Shapes","floor":38,"turns":4},{"damage":22,"enemies":"Sphere and 2 Shapes","floor":42,"turns":6},{"damage":1,"enemies":"Writhing Mass","floor":45,"turns":8},{"damage":0,"enemies":"Maw","floor":46,"turns":8},{"damage":0,"enemies":"4 Shapes","floor":48,"turns":5},{"damage":2,"enemies":"Time Eater","floor":50,"turns":16},{"damage":22,"enemies":"Shield and Spear","floor":54,"turns":9},{"damage":71,"enemies":"The Heart","floor":55,"turns":9}],"seed_played":"2689200823099825710","potions_obtained":[{"floor":1,"key":"GamblersBrew"},{"floor":2,"key":"LiquidBronze"},{"floor":7,"key":"Regen Potion"},{"floor":10,"key":"Fire Potion"},{"floor":16,"key":"Weak Potion"},{"floor":20,"key":"AttackPotion"},{"floor":29,"key":"Dexterity Potion"},{"floor":35,"key":"SteroidPotion"},{"floor":37,"key":"Fire Potion"},{"floor":42,"key":"Swift Potion"},{"floor":44,"key":"Ancient Potion"},{"floor":44,"key":"Explosive Potion"},{"floor":48,"key":"FearPotion"},{"floor":54,"key":"PowerPotion"}],"is_trial":false,"path_per_floor":["M","M","?","M","?","R","E","R","T","M","E","R","M","M","R","B",null,"M","$","M","M","$","E","?","?","T","$","R","M","R","M","R","B",null,"M","M","?","M","$","R","$","M","T","?","M","M","R","M","R","B",null,"R","$","E","B"],"character_chosen":"THE_SILENT","items_purchased":["Dagger Spray","Reflex","Oddly Smooth Stone","Cloak And Dagger","Expertise","Caltrops","Burst","Backflip+1"],"campfire_rested":2,"item_purchase_floors":[19,22,27,27,39,39,41,53],"current_hp_per_floor":[70,70,70,70,59,59,36,36,36,41,47,47,47,47,47,40,70,70,70,63,43,43,38,38,17,17,17,38,38,38,38,59,59,70,70,70,70,63,63,63,63,41,41,41,40,40,40,40,40,38,70,70,70,48,0],"gold":90,"neow_bonus":"RANDOM_COMMON_RELIC","is_prod":false,"is_daily":false,"chose_seed":false,"campfire_upgraded":8,"win_rate":0,"timestamp":1549154899,"path_taken":["M","M","?","?","?","R","E","R","T","M","E","R","M","M","R","BOSS","M","$","M","M","$","E","?","?","T","$","R","M","R","M","R","BOSS","M","?","?","M","$","R","$","M","T","?","M","M","R","?","R","BOSS","R","$","E","BOSS"],"build_version":"2019-01-23","purchased_purges":3,"victory":false,"max_hp_per_floor":[70,70,70,70,70,70,70,70,70,70,70,70,70,70,70,70,70,70,70,70,70,70,70,70,70,70,70,70,70,70,70,70,70,70,70,70,70,70,70,70,70,70,70,70,70,70,70,70,70,70,70,70,70,70,70],"card_choices":[{"not_picked":["Skewer","Riddle With Holes"],"picked":"Sucker Punch","floor":1},{"not_picked":["Masterful Stab","Slice"],"picked":"Terror","floor":2},{"not_picked":["Flechettes","Deadly Poison","Slice"],"picked":"SKIP","floor":4},{"not_picked":["Choke","Blade Dance"],"picked":"Unload","floor":7},{"not_picked":["Distraction","All Out Attack"],"picked":"Prepared","floor":10},{"not_picked":["Adrenaline","Tactician"],"picked":"Footwork","floor":11},{"not_picked":["Cloak And Dagger","Dagger Spray"],"picked":"Footwork","floor":13},{"not_picked":["Reflex","Deadly Poison"],"picked":"Noxious Fumes","floor":14},{"not_picked":["Poisoned Stab"],"picked":"SKIP","floor":18},{"not_picked":["Dagger Spray"],"picked":"SKIP","floor":20},{"not_picked":["Concentrate"],"picked":"SKIP","floor":21},{"not_picked":[],"picked":"Blur+1","floor":23},{"not_picked":[],"picked":"Dagger Throw","floor":29},{"not_picked":[],"picked":"Skewer","floor":31},{"not_picked":["Terror+1"],"picked":"SKIP","floor":35},{"not_picked":["Deadly Poison"],"picked":"SKIP","floor":36},{"not_picked":[],"picked":"Dagger Spray+1","floor":38},{"not_picked":[],"picked":"Calculated Gamble","floor":42},{"not_picked":[],"picked":"Well Laid Plans+1","floor":45},{"not_picked":["Calculated Gamble+1"],"picked":"SKIP","floor":46},{"not_picked":["Slice+1"],"picked":"SKIP","floor":48},{"not_picked":[],"picked":"PiercingWail+1","floor":54}],"player_experience":704406,"relics_obtained":[{"floor":7,"key":"Tough Bandages"},{"floor":9,"key":"Meat on the Bone"},{"floor":11,"key":"Mercury Hourglass"},{"floor":23,"key":"Boot"},{"floor":37,"key":"Torii"},{"floor":43,"key":"Toxic Egg 2"},{"floor":54,"key":"Calipers"},{"floor":54,"key":"Bronze Scales"}],"event_choices":[{"damage_healed":0,"gold_gain":0,"player_choice":"Gave Potion","damage_taken":0,"relics_obtained":["Kunai"],"max_hp_gain":0,"max_hp_loss":0,"event_name":"WeMeetAgain","floor":3,"gold_loss":0},{"damage_healed":0,"gold_gain":75,"player_choice":"Gather Gold","damage_taken":11,"max_hp_gain":0,"max_hp_loss":0,"event_name":"World of Goop","floor":5,"gold_loss":0},{"cards_removed":["Strike_G"],"damage_healed":0,"gold_gain":0,"player_choice":"Gave Gold","damage_taken":0,"max_hp_gain":0,"max_hp_loss":0,"event_name":"Beggar","floor":24,"gold_loss":75},{"damage_healed":0,"gold_gain":180,"player_choice":"GOLD GOLD ","damage_taken":21,"max_hp_gain":0,"max_hp_loss":0,"event_name":"Knowing Skull","floor":25,"potions_obtained":[],"gold_loss":0,"cards_obtained":[]},{"damage_healed":0,"gold_gain":0,"player_choice":"Fight","damage_taken":0,"max_hp_gain":0,"max_hp_loss":0,"event_name":"MindBloom","floor":37,"gold_loss":0},{"damage_healed":0,"gold_gain":0,"player_choice":"Bought 2 Potions","damage_taken":0,"max_hp_gain":0,"max_hp_loss":0,"event_name":"The Woman in Blue","floor":44,"gold_loss":0}],"is_beta":false,"boss_relics":[{"not_picked":["Snecko Eye","Ectoplasm"],"picked":"Busted Crown"},{"not_picked":["Astrolabe","Tiny House"],"picked":"Black Star"}],"items_purged_floors":[19,22,27],"is_endless":false,"potions_floor_spawned":[1,2,7,10,16,20,29,35,37,42,48,54],"killed_by":"The Heart","ascension_level":0}