{"path_per_floor":["M","$","M","$","M","R","E","M","T","?","M","M","$","M","R","B",null,"M","M","M","?","M","R","E","R","T"],"character_chosen":"THE_SILENT","items_purchased":["Caltrops","Catalyst","Leg Sweep","Deflect"],"gold_per_floor":[115,3,13,13,28,28,57,69,69,69,89,100,12,26,26,130,130,149,159,171,171,183,183,210,210,210],"floor_reached":27,"campfire_rested":3,"playtime":3212,"current_hp_per_floor":[68,68,66,66,66,66,54,54,68,51,40,40,40,39,64,28,84,79,68,38,38,37,62,31,56,56],"items_purged":[],"gold":210,"score":237,"play_id":"2526d4e7-1f93-4b0f-99c5-c921e1e53d14","is_prod":false,"is_daily":false,"is_ascension_mode":false,"campfire_upgraded":1,"path_taken":["M","$","M","$","M","R","E","M","T","?","M","M","$","M","R","BOSS","M","M","M","?","?","R","E","R","T","E"],"build_version":"2018-02-12-PROD1","purchased_purges":0,"victory":false,"master_deck":["Survivor","Neutralize","Leg Sweep","Caltrops+1","Catalyst","Venomology","Escape Plan+1","Flying Knee+1","Acrobatics","Underhanded Strike","Quick Slash","Leg Sweep","Deflect","Noxious Fumes","A Thousand Cuts","Deadly Poison","Deadly Poison","Sucker Punch","Escape Plan","Underhanded Strike","Dodge and Roll","Underhanded Strike","Slice","Poisoned Stab","Malaise","All Out Attack","Quick Slash","Dagger Spray+1","Predator","Sucker Punch+1"],"max_hp_per_floor":[70,70,70,70,70,70,70,70,84,84,84,84,84,84,84,84,84,84,84,84,84,84,84,84,84,84],"relics":["Ring of the Snake","Art of War","Mango","Pandora\u0027s Box","Dodecahedron","Calipers"],"card_choices":[{"not_picked":["Dodge and Roll","Underhanded Strike"],"picked":"Leg Sweep"},{"not_picked":["Setup","Sucker Punch"],"picked":"Venomology"},{"not_picked":["Dagger Spray","Dodge and Roll"],"picked":"Escape Plan"},{"not_picked":["Deflect","Deadly Poison"],"picked":"Flying Knee"},{"not_picked":["Masterful Stab","Sucker Punch"],"picked":"Acrobatics"},{"not_picked":["Distraction","Well Laid Plans"],"picked":"Underhanded Strike"},{"not_picked":["Bane","Outmaneuver"],"picked":"Quick Slash"},{"not_picked":["Flying Knee","Adrenaline"],"picked":"Noxious Fumes"},{"not_picked":["Storm of Steel","Wraith Form"],"picked":"A Thousand Cuts"},{"not_picked":["Accuracy","Masterful Stab"],"picked":"All Out Attack"},{"not_picked":["Sucker Punch","Outmaneuver"],"picked":"Quick Slash"},{"not_picked":["PiercingWail","Leg Sweep"],"picked":"Dagger Spray"},{"not_picked":["Deadly Poison","Bouncing Flask"],"picked":"Predator"},{"not_picked":["Deadly Poison","Riddle With Holes"],"picked":"Sucker Punch"}],"player_experience":115883,"potions_floor_usage":[7,7,7,11,14,18,18,18,20,20,22,22,22,24,24,27],"damage_taken":[{"damage":2,"enemies":"Small Slimes","floor":1,"turns":4},{"damage":2,"enemies":"Jaw Worm","floor":3,"turns":8},{"damage":0,"enemies":"Cultist","floor":5,"turns":7},{"damage":12,"enemies":"3 Sentries","floor":7,"turns":10},{"damage":0,"enemies":"2 Fungi Beasts","floor":8,"turns":4},{"damage":11,"enemies":"Lots of Slimes","floor":11,"turns":4},{"damage":0,"enemies":"Red Slaver","floor":12,"turns":3},{"damage":1,"enemies":"Large Slime","floor":14,"turns":6},{"damage":36,"enemies":"Hexaghost","floor":16,"turns":11},{"damage":17,"enemies":"Chosen","floor":18,"turns":7},{"damage":11,"enemies":"3 Byrds","floor":19,"turns":2},{"damage":30,"enemies":"3 Cultists","floor":20,"turns":5},{"damage":1,"enemies":"Snake Plant","floor":22,"turns":5},{"damage":31,"enemies":"Gremlin Leader","floor":24,"turns":7},{"damage":63,"enemies":"Slavers","floor":27,"turns":5}],"event_choices":[{"event_name":"Shining Light","player_choice":"Entered Light","floor":10,"damage_taken":0},{"event_name":"Beggar","player_choice":"Ignored","floor":21,"damage_taken":0}],"boss_relics":[{"not_picked":["White Beast Statue","Ectoplasm"],"picked":"Pandora\u0027s Box"}],"potions_floor_spawned":[3,5,11,18,19,20,22],"seed_played":"-8467794674933377756","killed_by":"Slavers","ascension_level":0,"is_trial":false}