{"path_per_floor":["M","M","M","M","$","M","M","M","T","R","?","E","R","$","R","B",null,"M","?","?","?","M"],"character_chosen":"IRONCLAD","items_purchased":["Oddly Smooth Stone","Feel No Pain","Warcry"],"gold_per_floor":[112,127,147,157,5,22,41,55,55,55,55,96,96,7,7,135,135,159,159,159,159,178,178],"floor_reached":23,"campfire_rested":2,"playtime":3314,"current_hp_per_floor":[80,80,80,67,67,60,57,51,51,51,31,21,45,45,69,39,80,63,63,63,63,69,0],"items_purged":[],"gold":178,"score":193,"play_id":"f760641a-4e15-41f7-94f9-3b1551a6be72","local_time":"20180329135320","is_prod":false,"is_daily":false,"is_ascension_mode":false,"campfire_upgraded":1,"timestamp":1522324400,"path_taken":["M","M","M","M","$","M","M","M","T","R","?","E","R","$","R","BOSS","M","?","?","?","?","E"],"build_version":"2018-03-22v2","purchased_purges":0,"victory":false,"master_deck":["Strike_R","Strike_R","Strike_R","Strike_R","Strike_R","Defend_R","Defend_R","Defend_R","Defend_R","Bash","Wild Strike","Sever Soul","Uppercut+1","Dropkick","Feel No Pain","True Grit","Feel No Pain","Warcry","Juggernaut","True Grit","Normality","Evolve"],"max_hp_per_floor":[80,80,80,80,80,80,80,80,80,80,80,80,80,80,80,80,80,80,80,80,80,80,80],"relics":["Burning Blood","Champion Belt","Oddly Smooth Stone","Pantograph","Golden Idol","Bottled Flame","White Beast Statue","Prayer Wheel"],"card_choices":[{"not_picked":["Body Slam","Demon Form"],"picked":"Wild Strike","floor":1},{"not_picked":["Armaments","Thunderclap"],"picked":"Sever Soul","floor":2},{"not_picked":["Disarm","Battle Trance"],"picked":"Uppercut","floor":4},{"not_picked":["Power Through","Iron Wave"],"picked":"Dropkick","floor":7},{"not_picked":["Iron Wave","Sever Soul"],"picked":"Feel No Pain","floor":8},{"not_picked":["Havoc","Rampage"],"picked":"True Grit","floor":12},{"not_picked":["Bludgeon","Demon Form"],"picked":"Juggernaut","floor":16},{"not_picked":["Iron Wave","Battle Trance"],"picked":"True Grit","floor":18},{"not_picked":["Warcry","Iron Wave"],"picked":"Evolve","floor":22}],"player_experience":196100,"potions_floor_usage":[4,4,12,16],"damage_taken":[{"damage":2,"enemies":"2 Louse","floor":1,"turns":3},{"damage":3,"enemies":"Small Slimes","floor":2,"turns":3},{"damage":3,"enemies":"Jaw Worm","floor":3,"turns":2},{"damage":19,"enemies":"Large Slime","floor":4,"turns":5},{"damage":13,"enemies":"Looter","floor":6,"turns":3},{"damage":9,"enemies":"Blue Slaver","floor":7,"turns":3},{"damage":12,"enemies":"3 Louse","floor":8,"turns":4},{"damage":16,"enemies":"Lagavulin","floor":12,"turns":6},{"damage":47,"enemies":"Hexaghost","floor":16,"turns":12},{"damage":23,"enemies":"Shell Parasite","floor":18,"turns":12},{"damage":0,"enemies":"Chosen","floor":22,"turns":6},{"damage":75,"enemies":"Gremlin Leader","floor":23,"turns":7}],"event_choices":[{"event_name":"Golden Idol","player_choice":"Take Damage","floor":11,"damage_taken":0},{"event_name":"The Mausoleum","player_choice":"Yes","floor":19,"damage_taken":0},{"event_name":"Back to Basics","player_choice":"Elegance","floor":20,"damage_taken":0},{"event_name":"Transmorgrifier","player_choice":"Transform","floor":21,"damage_taken":0}],"boss_relics":[{"not_picked":["Astrolabe","Tiny House"],"picked":"White Beast Statue"}],"potions_floor_spawned":[2,3,7,12,18,22],"seed_played":"5484237672313420853","killed_by":"Gremlin Leader","ascension_level":0,"is_trial":false}