{"gold_per_floor":[111,130,142,142,153,153,169,204,204,234,234,459,1,16,16,119,119,135,151,201,166,241,241,291,291,291,353,353,384,394,413,413,515,515,527,577,129,139,189,189,239,239,239,239],"floor_reached":44,"playtime":2856,"items_purged":["Doubt"],"score":451,"play_id":"54bd704d-adab-4720-9cb9-4b252852f9c3","local_time":"20180902152452","is_ascension_mode":false,"campfire_choices":[{"data":"Steam Power","floor":6,"key":"SMITH"},{"floor":11,"key":"REST"},{"data":"Static Discharge","floor":15,"key":"SMITH"},{"data":"Self Repair","floor":23,"key":"SMITH"},{"data":"Dualcast","floor":25,"key":"SMITH"},{"data":"Thunder Strike","floor":28,"key":"SMITH"},{"data":"Zap","floor":32,"key":"SMITH"},{"data":"Machine Learning","floor":40,"key":"SMITH"},{"data":"Machine Learning","floor":42,"key":"SMITH"}],"neow_cost":"NONE","seed_source_timestamp":7643447034822,"circlet_count":0,"master_deck":["Strike_B","Strike_B","Defend_B","Defend_B","Defend_B","Dualcast+1","Gash","Steam Power+1","Self Repair+1","Static Discharge+1","Fission","BootSequence","Thunder Strike+1","Self Repair+1","Gash","Machine Learning+1","Tempest","Violence","Machine Learning+1"],"relics":["Cracked Core","NeowsBlessing","SsserpentHead","Emotion Chip","Bottled Lightning","Meat on the Bone","Sozu","Oddly Smooth Stone","Bronze Scales","Blue Candle","Calipers","Empty Cage","Gremlin Horn","Ginger","Art of War"],"potions_floor_usage":[7,8,8,16],"damage_taken":[{"damage":0,"enemies":"Cultist","floor":1,"turns":1},{"damage":0,"enemies":"Small Slimes","floor":2,"turns":1},{"damage":0,"enemies":"Jaw Worm","floor":3,"turns":1},{"damage":11,"enemies":"2 Fungi Beasts","floor":5,"turns":4},{"damage":15,"enemies":"Gremlin Gang","floor":7,"turns":4},{"damage":37,"enemies":"Gremlin Nob","floor":8,"turns":4},{"damage":16,"enemies":"Lots of Slimes","floor":14,"turns":4},{"damage":44,"enemies":"Slime Boss","floor":16,"turns":9},{"damage":17,"enemies":"Spheric Guardian","floor":18,"turns":4},{"damage":10,"enemies":"3 Byrds","floor":19,"turns":3},{"damage":23,"enemies":"Snecko","floor":27,"turns":5},{"damage":28,"enemies":"Slavers","floor":29,"turns":3},{"damage":13,"enemies":"Snake Plant","floor":30,"turns":3},{"damage":27,"enemies":"3 Cultists","floor":31,"turns":4},{"damage":47,"enemies":"Champ","floor":33,"turns":11},{"damage":24,"enemies":"3 Shapes","floor":35,"turns":4},{"damage":16,"enemies":"Orb Walker","floor":38,"turns":3},{"damage":24,"enemies":"Mind Bloom Boss Battle","floor":41,"turns":4},{"damage":64,"enemies":"2 Orb Walkers","floor":44,"turns":3}],"seed_played":"-5645859221668751080","potions_obtained":[{"floor":3,"key":"EssenceOfSteel"},{"floor":5,"key":"Explosive Potion"},{"floor":7,"key":"GamblersBrew"},{"floor":10,"key":"Swift Potion"}],"is_trial":false,"path_per_floor":["M","M","M","?","M","R","M","E","T","?","R","?","$","M","R","B",null,"M","M","?","?","T","R","?","R","T","M","R","E","M","M","R","B",null,"M","?","$","M","?","R","?","R","T"],"character_chosen":"DEFECT","items_purchased":["Meat on the Bone","Fission","Gremlin Horn","Violence"],"campfire_rested":1,"item_purchase_floors":[13,13,37,37],"current_hp_per_floor":[75,75,75,75,71,71,56,26,26,26,48,48,48,51,51,26,75,65,72,72,72,72,72,72,72,72,69,69,51,58,63,63,48,75,71,71,71,75,75,75,51,51,51,0],"gold":239,"neow_bonus":"THREE_ENEMY_KILL","is_prod":false,"is_daily":false,"chose_seed":false,"campfire_upgraded":8,"win_rate":0,"timestamp":1535894692,"path_taken":["M","M","?","?","M","R","M","E","T","?","R","?","$","M","R","BOSS","M","M","?","?","?","R","?","R","T","?","R","E","M","M","R","BOSS","M","?","$","M","?","R","?","R","T","E"],"build_version":"2018-08-30","purchased_purges":1,"victory":false,"max_hp_per_floor":[75,75,75,75,75,75,75,75,75,75,75,75,75,75,75,75,75,75,75,75,75,75,75,75,75,75,75,75,75,75,75,75,75,75,75,75,75,75,75,75,75,75,75,75],"card_choices":[{"not_picked":["Turbo","White Noise"],"picked":"Gash","floor":1},{"not_picked":["Aggregate","Hello World"],"picked":"Steam Power","floor":2},{"not_picked":["Beam Cell","Conserve Battery"],"picked":"Self Repair","floor":3},{"not_picked":["Compile Driver","Beam Cell","Cold Snap"],"picked":"SKIP","floor":5},{"not_picked":["Compile Driver","Darkness","Barrage"],"picked":"SKIP","floor":7},{"not_picked":["Undo","Streamline"],"picked":"Static Discharge","floor":8},{"not_picked":["Compile Driver","Streamline"],"picked":"BootSequence","floor":14},{"not_picked":["Biased Cognition","All For One"],"picked":"Thunder Strike","floor":16},{"not_picked":["Auto Shields","Turbo"],"picked":"Self Repair+1","floor":18},{"not_picked":["Force Field+1","Rebound","Double Energy"],"picked":"SKIP","floor":19},{"not_picked":["Barrage+1","Coolheaded+1","Rebound+1"],"picked":"SKIP","floor":27},{"not_picked":["Fusion","Core Surge","Melter"],"picked":"SKIP","floor":29},{"not_picked":["Go for the Eyes","Sweeping Beam+1"],"picked":"Gash","floor":30},{"not_picked":["Leap+1","Barrage","Hologram+1"],"picked":"SKIP","floor":31},{"not_picked":["Core Surge","Echo Form"],"picked":"Machine Learning","floor":33},{"not_picked":["Stack+1","Rebound+1"],"picked":"Tempest","floor":35},{"not_picked":["Leap","Redo","Auto Shields+1"],"picked":"SKIP","floor":38}],"player_experience":551693,"relics_obtained":[{"floor":8,"key":"Emotion Chip"},{"floor":9,"key":"Bottled Lightning"},{"floor":22,"key":"Bronze Scales"},{"floor":26,"key":"Blue Candle"},{"floor":29,"key":"Calipers"},{"floor":41,"key":"Ginger"},{"floor":43,"key":"Art of War"}],"event_choices":[{"event_name":"FaceTrader","player_choice":"Trade","floor":4,"damage_taken":0},{"event_name":"The Woman in Blue","player_choice":"Bought 1 Potion","floor":10,"damage_taken":0},{"event_name":"Liars Game","player_choice":"agreed","floor":12,"damage_taken":0},{"event_name":"The Lab","player_choice":"Got Potions","floor":20,"damage_taken":0},{"event_name":"Addict","player_choice":"Obtained Relic","floor":21,"damage_taken":0},{"event_name":"Back to Basics","player_choice":"Elegance","floor":24,"damage_taken":0},{"event_name":"Falling","player_choice":"Removed Skill","floor":36,"damage_taken":0},{"event_name":"Duplicator","player_choice":"One dupe","floor":39,"damage_taken":0},{"event_name":"MindBloom","player_choice":"Fight","floor":41,"damage_taken":0}],"is_beta":false,"boss_relics":[{"not_picked":["Coffee Dripper","Snecko Eye"],"picked":"Sozu"},{"not_picked":["Astrolabe","Pandora\u0027s Box"],"picked":"Empty Cage"}],"items_purged_floors":[13],"is_endless":false,"potions_floor_spawned":[3,5,7,27,29,31,35,38],"killed_by":"2 Orb Walkers","ascension_level":0}