{"path_per_floor":["M","?","$","?","M","R","M","E","T","$","E","?","R","?","R","B",null,"M","M","?"],"character_chosen":"THE_SILENT","items_purchased":["Outmaneuver","Prepared","Choke"],"gold_per_floor":[116,116,40,40,50,50,61,89,89,17,43,118,118,293,293,392,392,408,418,333],"floor_reached":21,"campfire_rested":1,"playtime":1931,"current_hp_per_floor":[70,70,70,70,64,64,64,42,42,42,42,31,52,52,52,20,70,33,11,11],"items_purged":[],"gold":333,"score":210,"play_id":"08e61c87-99ab-4c67-93ee-8b2b9c657648","is_prod":false,"is_daily":false,"is_ascension_mode":false,"campfire_upgraded":2,"path_taken":["M","?","$","?","M","R","M","E","T","$","E","?","R","?","R","BOSS","M","M","?","?"],"build_version":"2018-02-08-PROD1","purchased_purges":0,"victory":false,"master_deck":["Defend_G","Defend_G","Defend_G","Defend_G","Defend_G","Strike_G","Strike_G","Strike_G","Strike_G","Strike_G","Survivor","Neutralize","Tools of the Trade","Outmaneuver+1","Prepared","Quick Slash","Finisher+1","Phantasmal Killer","Choke","Bane+1","Doubt","Envenom","Bane+1","Flying Knee+1"],"max_hp_per_floor":[70,70,70,70,70,70,70,70,70,70,70,70,70,70,70,70,70,70,70,70],"relics":["Ring of the Snake","Lantern","Bag of Marbles","Tingsha","Molten Egg 2","Lizard Tail","Ninja Scroll"],"card_choices":[{"not_picked":["Acrobatics","Skewer"],"picked":"Tools of the Trade"},{"not_picked":["Dagger Throw","PiercingWail"],"picked":"Quick Slash"},{"not_picked":["Expertise","Sucker Punch"],"picked":"Finisher"},{"not_picked":["Bouncing Flask","Acrobatics"],"picked":"Phantasmal Killer"},{"not_picked":["PiercingWail","Catalyst"],"picked":"Bane"},{"not_picked":["Die Die Die","Corpse Explosion"],"picked":"Envenom"},{"not_picked":["Escape Plan","Poisoned Stab"],"picked":"Bane"},{"not_picked":["Deadly Poison","Dagger Throw"],"picked":"Flying Knee"}],"player_experience":14360,"potions_floor_usage":[],"damage_taken":[{"damage":3.0,"enemies":"Blue Slaver","floor":1.0,"turns":5.0},{"damage":6.0,"enemies":"Small Slimes","floor":5.0,"turns":5.0},{"damage":0.0,"enemies":"2 Louse","floor":7.0,"turns":2.0},{"damage":22.0,"enemies":"3 Sentries","floor":8.0,"turns":6.0},{"damage":0.0,"enemies":"Gremlin Nob","floor":11.0,"turns":3.0},{"damage":32.0,"enemies":"Hexaghost","floor":16.0,"turns":7.0},{"damage":37,"enemies":"2 Thieves","floor":18,"turns":5},{"damage":57,"enemies":"3 Byrds","floor":19,"turns":6},{"damage":13,"enemies":"Snake Plant","floor":21,"turns":1}],"event_choices":[{"event_name":"Big Fish","player_choice":"Box","floor":2.0,"damage_taken":0.0},{"event_name":"Purifier","player_choice":"One Purge","floor":4.0,"damage_taken":0.0},{"event_name":"World of Goop","player_choice":"Gather Gold","floor":12.0,"damage_taken":0.0},{"event_name":"Liars Game","player_choice":"agreed","floor":14.0,"damage_taken":0.0},{"event_name":"Addict","player_choice":"Obtained Relic","floor":20,"damage_taken":0}],"boss_relics":[{"not_picked":["Cursed Key","Snecko Eye"],"picked":"Lizard Tail"}],"potions_floor_spawned":[5,11,16],"seed_played":"-6174526711347581131","killed_by":"Snake Plant","ascension_level":0,"is_trial":false}