{"path_per_floor":["M","?","M","M","M","E","R","?","T","T","$","E","?","M","R","B",null,"M","?","M","?","?","R","T","E","T","M","R","?","E","M","R"],"character_chosen":"IRONCLAD","items_purchased":["Juzu Bracelet"],"gold_per_floor":[112,187,204,218,228,263,263,263,263,289,65,91,41,59,59,157,157,174,99,113,163,193,193,216,246,298,317,317,317,342,359,359,359],"floor_reached":33,"campfire_rested":0,"playtime":2641,"current_hp_per_floor":[73,62,61,61,52,58,58,58,58,58,58,55,55,54,54,43,80,80,80,82,82,82,82,82,67,67,74,74,74,87,68,68,0],"items_purged":["Defend_R"],"gold":359,"score":293,"play_id":"6a0c4ab0-c7d5-47b1-acf8-16ec7f4a7b7f","local_time":"20180329115734","is_prod":false,"is_daily":false,"is_ascension_mode":false,"campfire_upgraded":5,"timestamp":1522317454,"path_taken":["M","?","M","M","M","E","R","?","T","?","$","E","?","M","R","BOSS","M","?","M","?","?","R","?","E","T","M","R","?","E","M","R","BOSS"],"build_version":"2018-03-22v2","purchased_purges":1,"victory":false,"master_deck":["Strike_R","Strike_R","Strike_R","Strike_R","Strike_R","Defend_R","Bash","Pommel Strike+1","Perfected Strike+1","Pommel Strike+1","Fiend Fire+1","True Grit","Warcry+1","Feed+1","Writhe","Sentinel+1","Combust+1","Dual Wield+1"],"max_hp_per_floor":[80,80,80,80,80,80,80,80,80,80,80,80,80,80,80,80,80,80,80,83,83,83,83,83,83,83,86,86,86,90,94,94,94],"relics":["Black Blood","Happy Flower","Orichalcum","Unceasing Top","Ancient Tea Set","Juzu Bracelet","Meat on the Bone","Tiny Chest","Bag of Marbles","Darkstone Periapt","Regal Pillow","Anchor"],"card_choices":[{"not_picked":["Flame Barrier","Uppercut"],"picked":"Pommel Strike","floor":1},{"not_picked":["True Grit","Sword Boomerang"],"picked":"Perfected Strike","floor":4},{"not_picked":["Heavy Blade","Twin Strike"],"picked":"Pommel Strike","floor":5},{"not_picked":["Sword Boomerang","Whirlwind"],"picked":"Fiend Fire","floor":6},{"not_picked":["Heavy Blade","Blood for Blood"],"picked":"True Grit","floor":12},{"not_picked":["Iron Wave","Evolve"],"picked":"Warcry","floor":14},{"not_picked":["Reaper","Juggernaut"],"picked":"Feed","floor":16},{"not_picked":["Infernal Blade","Combust"],"picked":"Sentinel","floor":25},{"not_picked":["Ghostly Armor","Body Slam"],"picked":"Combust","floor":27},{"not_picked":["Headbutt","Armaments"],"picked":"Dual Wield","floor":30}],"player_experience":189856,"potions_floor_usage":[5,6,18,18,25,27,31,33],"damage_taken":[{"damage":13,"enemies":"Jaw Worm","floor":1,"turns":3},{"damage":7,"enemies":"2 Louse","floor":3,"turns":4},{"damage":6,"enemies":"Cultist","floor":4,"turns":3},{"damage":15,"enemies":"Large Slime","floor":5,"turns":5},{"damage":6,"enemies":"Gremlin Nob","floor":6,"turns":3},{"damage":9,"enemies":"3 Sentries","floor":12,"turns":6},{"damage":7,"enemies":"Blue Slaver","floor":14,"turns":2},{"damage":29,"enemies":"Slime Boss","floor":16,"turns":4},{"damage":0,"enemies":"Spheric Guardian","floor":18,"turns":1},{"damage":11,"enemies":"3 Byrds","floor":20,"turns":5},{"damage":25,"enemies":"Gremlin Leader","floor":25,"turns":5},{"damage":6,"enemies":"Slaver and Parasite","floor":27,"turns":2},{"damage":1,"enemies":"Slavers","floor":30,"turns":2},{"damage":45,"enemies":"Cultist and Chosen","floor":31,"turns":6},{"damage":72,"enemies":"Champ","floor":33,"turns":5}],"event_choices":[{"event_name":"World of Goop","player_choice":"Gather Gold","floor":2,"damage_taken":0},{"event_name":"The Lab","player_choice":"Got Potions","floor":8,"damage_taken":0},{"event_name":"The Cleric","player_choice":"Card Removal","floor":13,"damage_taken":0},{"event_name":"Beggar","player_choice":"Gave Gold","floor":19,"damage_taken":0},{"event_name":"The Joust","player_choice":"Bet on Murderer","floor":21,"damage_taken":0},{"event_name":"The Mausoleum","player_choice":"Yes","floor":22,"damage_taken":0},{"event_name":"Upgrade Shrine","player_choice":"Upgraded","floor":29,"damage_taken":0}],"boss_relics":[{"not_picked":["Astrolabe","Pandora\u0027s Box"],"picked":"Black Blood"}],"potions_floor_spawned":[4,5,20,25,31],"seed_played":"3441554359587434506","killed_by":"Champ","ascension_level":0,"is_trial":false}