{"path_per_floor":["M","M","M","$","M","E","M","M","T","?","R","M","E","M","R","B",null,"M","?","?","?","$"],"character_chosen":"IRONCLAD","items_purchased":["True Grit"],"gold_per_floor":[110,123,135,60,79,106,116,126,126,126,126,144,176,187,187,282,282,297,297,297,297,145,145],"floor_reached":23,"campfire_rested":0,"playtime":2418,"current_hp_per_floor":[80,77,77,77,63,53,65,64,64,64,64,48,44,37,37,10,94,39,39,39,39,39,0],"items_purged":["Defend_R","Regret"],"gold":145,"score":203,"play_id":"32156c6e-281f-4747-b381-5731b2663b08","local_time":"20180329111318","is_prod":false,"is_daily":false,"is_ascension_mode":false,"campfire_upgraded":2,"timestamp":1522314798,"path_taken":["M","M","M","$","M","E","M","M","T","?","R","M","E","M","R","BOSS","M","?","?","?","$","E"],"build_version":"2018-03-22v2","purchased_purges":2,"victory":false,"master_deck":["Strike_R","Strike_R","Strike_R","Strike_R+1","Strike_R","Defend_R","Defend_R","Defend_R","Bash+1","Heavy Blade","Thunderclap","Bludgeon+1","Reaper","Havoc","Sentinel","True Grit"],"max_hp_per_floor":[80,80,80,80,80,94,94,94,94,94,94,94,94,94,94,94,94,94,94,94,94,94,94],"relics":["Burning Blood","Mango","Sundial","Pen Nib","Regal Pillow","Cursed Key"],"card_choices":[{"not_picked":["Body Slam","Armaments"],"picked":"Heavy Blade","floor":1.0},{"not_picked":["Evolve","Dual Wield"],"picked":"Thunderclap","floor":3.0},{"not_picked":["Pommel Strike","Whirlwind"],"picked":"Bludgeon","floor":5.0},{"not_picked":["Anger","Sword Boomerang"],"picked":"Reaper","floor":6.0},{"not_picked":["Sentinel","Clothesline"],"picked":"Havoc","floor":13},{"not_picked":["Entrench","Sever Soul"],"picked":"Sentinel","floor":14}],"player_experience":187438,"potions_floor_usage":[13,16,16,16],"damage_taken":[{"damage":6.0,"enemies":"Jaw Worm","floor":1.0,"turns":5.0},{"damage":9.0,"enemies":"Small Slimes","floor":2.0,"turns":4.0},{"damage":6.0,"enemies":"Cultist","floor":3.0,"turns":3.0},{"damage":20.0,"enemies":"Looter","floor":5.0,"turns":3.0},{"damage":30.0,"enemies":"3 Sentries","floor":6.0,"turns":7.0},{"damage":0.0,"enemies":"Large Slime","floor":7.0,"turns":4.0},{"damage":15.0,"enemies":"2 Fungi Beasts","floor":8.0,"turns":3.0},{"damage":38.0,"enemies":"Gremlin Gang","floor":12.0,"turns":5.0},{"damage":10,"enemies":"Lagavulin","floor":13,"turns":3},{"damage":29,"enemies":"Lots of Slimes","floor":14,"turns":4},{"damage":39,"enemies":"Hexaghost","floor":16,"turns":7},{"damage":61,"enemies":"Shell Parasite","floor":18,"turns":7},{"damage":51,"enemies":"Gremlin Leader","floor":23,"turns":4}],"event_choices":[{"event_name":"Big Fish","player_choice":"Box","floor":10.0,"damage_taken":0.0},{"event_name":"The Woman in Blue","player_choice":"Bought 0 Potions","floor":19,"damage_taken":0},{"event_name":"Cursed Tome","player_choice":"Ignored","floor":20,"damage_taken":0},{"event_name":"Upgrade Shrine","player_choice":"Upgraded","floor":21,"damage_taken":0}],"boss_relics":[{"not_picked":["Eternal Feather","White Beast Statue"],"picked":"Cursed Key"}],"potions_floor_spawned":[5,7,8,12,14],"seed_played":"8028295002293375487","killed_by":"Gremlin Leader","ascension_level":0,"is_trial":false}