{"gold_per_floor":[117,128,138,40,59,59,72,83,106,106,134,134,134,147,147,252,252,271,282,56,56,72,72,88,88,113,28,28,43,63,37,37,133,133,148,162,174,190,205,205,205],"floor_reached":41,"playtime":4261,"items_purged":["Strike_G"],"score":401,"play_id":"e531e06e-024d-48d2-be6a-5afcb3638a26","local_time":"20190826025341","is_ascension_mode":false,"campfire_choices":[{"data":"Poisoned Stab","floor":6,"key":"SMITH"},{"data":"Noxious Fumes","floor":12,"key":"SMITH"},{"floor":15,"key":"REST"},{"data":"Calculated Gamble","floor":23,"key":"SMITH"},{"floor":25,"key":"REST"},{"floor":32,"key":"REST"},{"floor":40,"key":"REST"}],"neow_cost":"NONE","seed_source_timestamp":1046185510688925,"circlet_count":0,"master_deck":["Defend_G","Defend_G","Defend_G","Defend_G","Defend_G","Survivor","Neutralize","Escape Plan","Dagger Spray","Quick Slash","Deadly Poison","Noxious Fumes+1","Poisoned Stab+1","Calculated Gamble+1","Finisher","Doppelganger","Backstab","Unload","Underhanded Strike","Flying Knee","Noxious Fumes","Dagger Throw","Poisoned Stab","Crippling Poison+1","Flying Knee","PiercingWail","Acrobatics","Backflip","Wraith Form v2","Backstab+1","PiercingWail","Terror+1","Slice+1","Burst"],"relics":["Ring of the Snake","Anchor","Sundial","Philosopher\u0027s Stone","Bag of Marbles","Oddly Smooth Stone","Empty Cage"],"potions_floor_usage":[38],"damage_taken":[{"damage":0,"enemies":"Small Slimes","floor":1,"turns":5},{"damage":2,"enemies":"2 Louse","floor":2,"turns":5},{"damage":1,"enemies":"Cultist","floor":3,"turns":4},{"damage":4,"enemies":"Blue Slaver","floor":5,"turns":4},{"damage":7,"enemies":"Looter","floor":7,"turns":3},{"damage":0,"enemies":"Large Slime","floor":8,"turns":5},{"damage":15,"enemies":"3 Sentries","floor":11,"turns":6},{"damage":7,"enemies":"Gremlin Gang","floor":14,"turns":4},{"damage":25,"enemies":"Slime Boss","floor":16,"turns":9},{"damage":4,"enemies":"3 Byrds","floor":18,"turns":3},{"damage":8,"enemies":"Chosen","floor":19,"turns":4},{"damage":22,"enemies":"Sentry and Sphere","floor":22,"turns":5},{"damage":5,"enemies":"Snake Plant","floor":24,"turns":4},{"damage":0,"enemies":"Cultist and Chosen","floor":29,"turns":4},{"damage":1,"enemies":"3 Cultists","floor":30,"turns":4},{"damage":70,"enemies":"Collector","floor":33,"turns":7},{"damage":24,"enemies":"3 Shapes","floor":35,"turns":4},{"damage":6,"enemies":"3 Darklings","floor":36,"turns":5},{"damage":51,"enemies":"Writhing Mass","floor":37,"turns":5},{"damage":11,"enemies":"Transient","floor":38,"turns":5},{"damage":0,"enemies":"3 Darklings","floor":39,"turns":4},{"damage":45,"enemies":"Maw","floor":41,"turns":8}],"seed_played":"5817304929751075267","potions_obtained":[{"floor":1,"key":"FearPotion"},{"floor":5,"key":"FearPotion"},{"floor":8,"key":"Dexterity Potion"},{"floor":14,"key":"GhostInAJar"},{"floor":18,"key":"Poison Potion"},{"floor":33,"key":"Strength Potion"},{"floor":36,"key":"Regen Potion"},{"floor":39,"key":"Poison Potion"}],"is_trial":false,"path_per_floor":["M","M","M","$","M","R","M","M","T","?","E","R","?","M","R","B",null,"M","M","$","?","M","R","M","R","T","?","?","M","M","$","R","B",null,"M","M","M","M","M","R","M"],"character_chosen":"THE_SILENT","items_purchased":["Deadly Poison","Noxious Fumes","Noxious Fumes","Dagger Throw","Poisoned Stab","Backflip"],"campfire_rested":4,"item_purchase_floors":[4,4,20,20,20,31],"current_hp_per_floor":[77,75,74,74,70,70,63,63,63,68,53,53,53,46,70,45,82,78,70,70,70,48,48,43,67,67,67,67,67,66,66,82,12,82,58,52,1,5,5,29,0],"gold":205,"neow_bonus":"TEN_PERCENT_HP_BONUS","is_prod":false,"is_daily":false,"chose_seed":false,"campfire_upgraded":3,"win_rate":0.0,"timestamp":1566780821,"path_taken":["M","M","M","$","M","R","M","M","T","?","E","R","?","M","R","BOSS","M","?","$","?","M","R","M","R","T","?","?","?","M","?","R","BOSS","M","M","?","M","M","R","M"],"build_version":"2019-07-17","purchased_purges":1,"victory":false,"max_hp_per_floor":[77,77,77,77,77,77,77,77,77,82,82,82,82,82,82,82,82,82,82,82,82,82,82,82,82,82,82,82,82,82,82,82,82,82,82,82,82,82,82,82,82],"card_choices":[{"not_picked":["Sucker Punch","Dodge and Roll"],"picked":"Escape Plan","floor":1},{"not_picked":["PiercingWail","Leg Sweep"],"picked":"Dagger Spray","floor":2},{"not_picked":["Dagger Spray","Distraction"],"picked":"Quick Slash","floor":3},{"not_picked":["Slice","Flechettes"],"picked":"Poisoned Stab","floor":5},{"not_picked":["Endless Agony","Dodge and Roll"],"picked":"Calculated Gamble","floor":7},{"not_picked":["Dodge and Roll","Dagger Throw"],"picked":"Finisher","floor":8},{"not_picked":["Infinite Blades","Deadly Poison"],"picked":"Doppelganger","floor":11},{"not_picked":["Sucker Punch","Footwork"],"picked":"Backstab","floor":14},{"not_picked":["Doppelganger","Adrenaline"],"picked":"Unload","floor":16},{"not_picked":["Deadly Poison+1","Expertise"],"picked":"Underhanded Strike","floor":18},{"not_picked":["Slice","Deflect+1"],"picked":"Flying Knee","floor":19},{"not_picked":["Deadly Poison","Noxious Fumes"],"picked":"Crippling Poison+1","floor":22},{"not_picked":["Poisoned Stab","Bouncing Flask"],"picked":"Flying Knee","floor":24},{"not_picked":["Noxious Fumes","Underhanded Strike"],"picked":"PiercingWail","floor":29},{"not_picked":["Poisoned Stab","Choke"],"picked":"Acrobatics","floor":30},{"not_picked":["Tools of the Trade","Unload"],"picked":"Wraith Form v2","floor":33},{"not_picked":["Dagger Spray","Sucker Punch"],"picked":"Backstab+1","floor":35},{"not_picked":["Deadly Poison+1","Outmaneuver"],"picked":"PiercingWail","floor":36},{"not_picked":["Acrobatics+1","Prepared"],"picked":"Terror+1","floor":37},{"not_picked":["Poisoned Stab","Dagger Throw"],"picked":"Slice+1","floor":38},{"not_picked":["Dagger Spray+1","Distraction+1"],"picked":"Burst","floor":39}],"player_experience":9015,"relics_obtained":[{"floor":9,"key":"Anchor"},{"floor":11,"key":"Sundial"},{"floor":26,"key":"Bag of Marbles"}],"event_choices":[{"damage_healed":0,"gold_gain":0,"player_choice":"Donut","damage_taken":0,"max_hp_gain":5,"max_hp_loss":0,"event_name":"Big Fish","floor":10,"gold_loss":0},{"cards_removed":["Strike_G"],"damage_healed":0,"gold_gain":0,"player_choice":"Offered Basic","damage_taken":0,"max_hp_gain":0,"max_hp_loss":0,"event_name":"Bonfire Elementals","floor":13,"gold_loss":0},{"cards_removed":["Strike_G"],"damage_healed":0,"gold_gain":0,"player_choice":"Elegance","damage_taken":0,"max_hp_gain":0,"max_hp_loss":0,"event_name":"Back to Basics","floor":21,"gold_loss":0},{"damage_healed":0,"gold_gain":0,"player_choice":"Obtained Relic","damage_taken":0,"relics_obtained":["Oddly Smooth Stone"],"max_hp_gain":0,"max_hp_loss":0,"event_name":"Addict","floor":27,"gold_loss":85},{"damage_healed":0,"gold_gain":0,"player_choice":"Leave","damage_taken":0,"max_hp_gain":0,"max_hp_loss":0,"event_name":"FaceTrader","floor":28,"gold_loss":0}],"is_beta":false,"boss_relics":[{"not_picked":["Tiny House","Fusion Hammer"],"picked":"Philosopher\u0027s Stone"},{"not_picked":["WristBlade","Runic Pyramid"],"picked":"Empty Cage"}],"items_purged_floors":[20],"is_endless":false,"potions_floor_spawned":[1,5,8,14,16,18,22,24,33,36,39],"killed_by":"Maw","ascension_level":0}