{"path_per_floor":["M","?","?","M","M","R","M","M","T","R","?","E","M","M","R","B",null,"M","$","M","?","?","R","E","R","T","M","R","T","?","?","R","B",null,"M","?","?","M","$","R","E","R","T","?","?","?","R","?","R","B"],"character_chosen":"IRONCLAD","items_purchased":["Whirlwind"],"gold_per_floor":[110,60,235,247,261,261,277,289,344,344,344,374,385,395,395,493,493,511,436,450,450,450,450,475,475,499,511,511,592,592,592,592,697,697,707,707,753,773,591,591,624,624,624,624,624,624,624,624,624,624],"floor_reached":51,"campfire_rested":2,"playtime":3607,"current_hp_per_floor":[71,71,71,53,59,59,16,18,18,39,39,38,43,45,45,26,72,59,59,32,32,32,32,25,25,25,21,42,42,42,42,42,18,72,72,72,67,86,86,86,62,62,62,86,75,75,75,70,70,11],"items_purged":["Defend_R","Defend_R"],"gold":624,"score":755,"play_id":"355a262a-9efa-4d06-b836-7bd055310203","local_time":"20180405152348","is_prod":false,"is_daily":false,"is_ascension_mode":true,"campfire_upgraded":9,"timestamp":1522934628,"path_taken":["M","?","?","M","?","R","M","M","T","R","?","E","M","M","R","BOSS","M","$","M","?","?","R","E","R","T","M","R","?","?","?","R","BOSS","M","?","?","M","$","R","E","R","T","?","?","?","R","?","R","BOSS"],"build_version":"2018-03-29v2","purchased_purges":2,"victory":true,"master_deck":["Strike_R","Strike_R","Strike_R+1","Strike_R","Defend_R","Bash+1","Barricade+1","Body Slam+1","Iron Wave","Shrug It Off+1","Iron Wave","Brutality","Offering+1","Shrug It Off+1","Entrench+1","Reaper","Body Slam+1","Whirlwind+1","Madness","Madness","Offering+1","Purity","Deep Breath"],"max_hp_per_floor":[72,72,72,72,72,72,72,72,72,72,72,72,72,72,72,72,72,72,72,72,72,72,72,72,72,72,72,72,72,72,72,72,72,72,72,72,86,86,86,86,86,86,86,86,86,86,86,86,86,86],"relics":["Burning Blood","Juzu Bracelet","Whetstone","Sozu","Vajra","Oddly Smooth Stone","Shuriken","Velvet Choker","Mango","Gremlin Horn","Anchor"],"card_choices":[{"not_picked":["Demon Form","Offering"],"picked":"Barricade","floor":0},{"not_picked":["Warcry","Shrug It Off"],"picked":"Body Slam","floor":1},{"not_picked":["Dropkick","Twin Strike"],"picked":"Iron Wave","floor":4},{"not_picked":["Flex","Clash"],"picked":"Shrug It Off","floor":5},{"not_picked":["Wild Strike","Intimidate"],"picked":"Iron Wave","floor":12},{"not_picked":["Headbutt","Warcry"],"picked":"Brutality","floor":13},{"not_picked":["Twin Strike","Sword Boomerang"],"picked":"Body Slam","floor":14},{"not_picked":["Impervious","Brutality"],"picked":"Offering","floor":16},{"not_picked":["Warcry","Havoc"],"picked":"Shrug It Off","floor":20},{"not_picked":["Barricade","Dark Embrace"],"picked":"Reaper","floor":33},{"not_picked":["Seeing Red","Pummel"],"picked":"Body Slam","floor":38},{"not_picked":["Mind Blast","Good Instincts"],"picked":"Purity","floor":48},{"not_picked":["Enlightenment","Sadistic Nature"],"picked":"Deep Breath","floor":48}],"player_experience":305578,"potions_floor_usage":[12,12,14,27],"damage_taken":[{"damage":7,"enemies":"Small Slimes","floor":1,"turns":6},{"damage":24,"enemies":"Jaw Worm","floor":4,"turns":7},{"damage":0,"enemies":"2 Louse","floor":5,"turns":3},{"damage":49,"enemies":"Exordium Thugs","floor":7,"turns":8},{"damage":4,"enemies":"Red Slaver","floor":8,"turns":3},{"damage":22,"enemies":"3 Sentries","floor":12,"turns":11},{"damage":1,"enemies":"Looter","floor":13,"turns":3},{"damage":4,"enemies":"Exordium Thugs","floor":14,"turns":5},{"damage":25,"enemies":"Slime Boss","floor":16,"turns":10},{"damage":19,"enemies":"2 Thieves","floor":18,"turns":4},{"damage":33,"enemies":"Shell Parasite","floor":20,"turns":5},{"damage":13,"enemies":"Book of Stabbing","floor":24,"turns":4},{"damage":10,"enemies":"Snecko","floor":27,"turns":5},{"damage":30,"enemies":"Collector","floor":33,"turns":7},{"damage":4,"enemies":"Orb Walker","floor":35,"turns":2},{"damage":42,"enemies":"Mysterious Sphere","floor":37,"turns":6},{"damage":7,"enemies":"3 Shapes","floor":38,"turns":6},{"damage":30,"enemies":"Nemesis","floor":41,"turns":5},{"damage":71,"enemies":"Time Eater","floor":50,"turns":10}],"event_choices":[{"event_name":"The Cleric","player_choice":"Card Removal","floor":2,"damage_taken":0},{"event_name":"Liars Game","player_choice":"agreed","floor":3,"damage_taken":0},{"event_name":"Purifier","player_choice":"One Purge","floor":11,"damage_taken":0},{"event_name":"The Library","player_choice":"Read","floor":21,"damage_taken":0},{"event_name":"Back to Basics","player_choice":"Elegance","floor":22,"damage_taken":0},{"event_name":"Vampires","player_choice":"Ignored","floor":30,"damage_taken":0},{"event_name":"Drug Dealer","player_choice":"Ignored","floor":31,"damage_taken":0},{"event_name":"Mysterious Sphere","player_choice":"Fight","floor":37,"damage_taken":0},{"event_name":"Wheel of Change","player_choice":"Full Heal","floor":44,"damage_taken":0},{"event_name":"Winding Halls","player_choice":"Embrace Madness","floor":45,"damage_taken":0},{"event_name":"Duplicator","player_choice":"One dupe","floor":46,"damage_taken":0},{"event_name":"SensoryStone","player_choice":"Memory 2","floor":48,"damage_taken":0}],"boss_relics":[{"not_picked":["Orrery","Calling Bell"],"picked":"Sozu"},{"not_picked":["Cursed Key","Mark of Pain"],"picked":"Velvet Choker"}],"potions_floor_spawned":[4,8,13,14,24,33,37],"seed_played":"7059881836023761726","ascension_level":2,"is_trial":false}