{"path_per_floor":["M","$","M","?","?","E","R","E","T","?","M","M","R","M","R","B",null,"M","$","?","M","?","R","M","R","T","M","E","T","R","M","R","B",null,"M","$","?","?","M","R","M","M","T","R","M","?","R","M","R"],"character_chosen":"IRONCLAD","items_purchased":["Whirlwind","Peace Pipe"],"gold_per_floor":[118,39,53,53,53,84,84,118,164,164,179,190,190,202,202,307,307,318,32,32,51,51,51,71,71,122,141,167,190,190,208,208,305,305,324,249,249,300,312,312,323,339,339,339,351,351,351,365,365,365],"floor_reached":50,"campfire_rested":2,"playtime":3004,"current_hp_per_floor":[80,80,80,73,73,79,79,53,53,41,43,49,49,55,55,8,80,49,49,33,39,39,39,37,37,37,27,16,23,49,51,51,33,87,87,87,87,83,48,48,50,35,35,35,41,41,41,22,49,0],"items_purged":["Defend_R"],"gold":365,"score":600,"play_id":"27ef40e9-126d-4377-9f13-8363c72c0535","local_time":"20180503191720","is_prod":false,"is_daily":false,"chose_seed":false,"is_ascension_mode":true,"campfire_upgraded":5,"timestamp":1525367840,"path_taken":["M","$","M","?","?","E","R","E","T","?","M","M","R","M","R","BOSS","M","$","?","M","?","R","M","R","T","?","E","?","R","?","R","BOSS","M","$","?","?","M","R","?","M","T","R","M","?","R","?","R","BOSS"],"build_version":"2018-04-28v2","seed_source_timestamp":3955000496743,"purchased_purges":1,"victory":false,"master_deck":["Strike_R","Defend_R","Defend_R","Bash","Thunderclap","Whirlwind+1","Whirlwind","Offering","Flex+1","Seeing Red+1","Barricade","Body Slam+1","Necronomicurse","Shrug It Off","Entrench+1","Ghostly Armor","Entrench+1","Feed","Offering"],"max_hp_per_floor":[80,80,80,80,80,80,80,80,80,80,80,80,80,80,80,80,80,80,80,80,80,80,80,80,80,80,80,80,87,87,87,87,87,87,87,87,87,87,90,90,90,90,90,90,90,90,90,90,90,90],"relics":["Burning Blood","NeowsBlessing","Anchor","Oddly Smooth Stone","Art of War","Letter Opener","Lizard Tail","Peace Pipe","Necronomicon","Pen Nib","Orichalcum","Strawberry","Philosopher\u0027s Stone","Shovel","Dodecahedron","Thread and Needle"],"card_choices":[{"not_picked":["Armaments","Sword Boomerang"],"picked":"Thunderclap","floor":1},{"not_picked":["Havoc","Pummel"],"picked":"Whirlwind","floor":6},{"not_picked":["Shrug It Off","Clothesline"],"picked":"Offering","floor":8},{"not_picked":["Armaments","Cleave"],"picked":"Flex","floor":11},{"not_picked":["Anger","Burning Pact"],"picked":"Seeing Red","floor":12},{"not_picked":["Limit Break","Impervious"],"picked":"Barricade","floor":16},{"not_picked":["Perfected Strike","Cleave"],"picked":"Body Slam","floor":18},{"not_picked":["True Grit","Twin Strike"],"picked":"Entrench","floor":24},{"not_picked":["Feel No Pain","Heavy Blade"],"picked":"Ghostly Armor","floor":27},{"not_picked":["Shrug It Off","Cleave"],"picked":"Entrench","floor":31},{"not_picked":["Reaper","Brutality"],"picked":"Feed","floor":33}],"player_experience":397941,"potions_floor_usage":[16,16,16,21,28,33,38,41,41,42,42,50],"damage_taken":[{"damage":0,"enemies":"Jaw Worm","floor":1,"turns":1},{"damage":0,"enemies":"Small Slimes","floor":3,"turns":1},{"damage":0,"enemies":"Lagavulin","floor":6,"turns":1},{"damage":32,"enemies":"Gremlin Nob","floor":8,"turns":4},{"damage":4,"enemies":"2 Louse","floor":11,"turns":1},{"damage":0,"enemies":"2 Fungi Beasts","floor":12,"turns":2},{"damage":0,"enemies":"Red Slaver","floor":14,"turns":1},{"damage":53,"enemies":"The Guardian","floor":16,"turns":9},{"damage":37,"enemies":"Spheric Guardian","floor":18,"turns":4},{"damage":0,"enemies":"Shell Parasite","floor":21,"turns":1},{"damage":8,"enemies":"Centurion and Healer","floor":24,"turns":2},{"damage":16,"enemies":"Chosen and Byrds","floor":27,"turns":4},{"damage":17,"enemies":"Book of Stabbing","floor":28,"turns":4},{"damage":4,"enemies":"Cultist and Chosen","floor":31,"turns":3},{"damage":24,"enemies":"Champ","floor":33,"turns":9},{"damage":0,"enemies":"3 Darklings","floor":35,"turns":1},{"damage":10,"enemies":"Mysterious Sphere","floor":38,"turns":1},{"damage":44,"enemies":"3 Shapes","floor":39,"turns":3},{"damage":4,"enemies":"Maw","floor":41,"turns":7},{"damage":72,"enemies":"Sphere and 2 Shapes","floor":42,"turns":4},{"damage":0,"enemies":"3 Darklings","floor":45,"turns":3},{"damage":25,"enemies":"Maw","floor":48,"turns":4},{"damage":50,"enemies":"Donu and Deca","floor":50,"turns":4}],"event_choices":[{"event_name":"Golden Wing","player_choice":"Card Removal","floor":4,"damage_taken":0},{"event_name":"Bonfire Elementals","player_choice":"BASIC","floor":5,"damage_taken":0},{"event_name":"Scrap Ooze","player_choice":"success","floor":10,"damage_taken":12},{"event_name":"Cursed Tome","player_choice":"Obtained Book","floor":20,"damage_taken":0},{"event_name":"The Library","player_choice":"Read","floor":22,"damage_taken":0},{"event_name":"The Lab","player_choice":"Got Potions","floor":37,"damage_taken":0},{"event_name":"Mysterious Sphere","player_choice":"Fight","floor":38,"damage_taken":0},{"event_name":"Duplicator","player_choice":"One dupe","floor":46,"damage_taken":0}],"boss_relics":[{"not_picked":["Orrery","Runic Cube"],"picked":"Lizard Tail"},{"not_picked":["Runic Dome","Calling Bell"],"picked":"Philosopher\u0027s Stone"}],"potions_floor_spawned":[6,11,12,18,21,27,31,39,41,48],"seed_played":"8209230921711499738","killed_by":"Donu and Deca","ascension_level":3,"is_trial":false}