{"gold_per_floor":[215,45,64,64,88,100,144,156,213,225,268,293,319,350,362,478,490,522,534,170,183,194,194,209,240,240,240,240,250,270,281,281,385,385,403,403,403,503,503,503,300,300,300,312,312,312,312,322,322,322],"floor_reached":50,"playtime":5121,"items_purged":["Strike_G","Normality"],"score":497,"play_id":"94dd6605-2379-4b62-bbbf-d1e063808001","local_time":"20190204154749","is_ascension_mode":false,"campfire_choices":[{"data":"Sucker Punch","floor":6,"key":"SMITH"},{"data":"Neutralize","floor":8,"key":"SMITH"},{"floor":15,"key":"REST"},{"floor":23,"key":"RECALL"},{"data":"A Thousand Cuts","floor":27,"key":"SMITH"},{"floor":32,"key":"REST"},{"floor":40,"key":"REST"},{"data":"Noxious Fumes","floor":42,"key":"SMITH"},{"data":"Caltrops","floor":45,"key":"SMITH"},{"data":"Burst","floor":46,"key":"SMITH"},{"data":"Caltrops","floor":47,"key":"SMITH"},{"data":"Skewer","floor":49,"key":"SMITH"}],"neow_cost":"NONE","seed_source_timestamp":1892466678249,"circlet_count":0,"master_deck":["Defend_G","Defend_G","Defend_G","Defend_G","Defend_G","Strike_G","Strike_G","Survivor","Neutralize+1","Burst+1","Well Laid Plans","Sucker Punch+1","Blur","Caltrops+1","Predator","Adrenaline","Dagger Spray","Crippling Poison","Backflip+1","Caltrops+1","A Thousand Cuts+1","Flying Knee+1","Escape Plan","Terror","Backflip+1","Dramatic Entrance","Dash","Noxious Fumes+1","Skewer+1","Clumsy","Skewer+1"],"relics":["Ring of the Snake","MawBank","Paper Crane","Turnip","Cursed Key","Tough Bandages","Art of War","Dodecahedron","NlothsMask","Busted Crown","WingedGreaves"],"potions_floor_usage":[7,7,7,11,11,11,22,30,33,38,48,48],"damage_taken":[{"damage":7,"enemies":"Small Slimes","floor":1,"turns":5},{"damage":0,"enemies":"Jaw Worm","floor":3,"turns":6},{"damage":0,"enemies":"Cultist","floor":5,"turns":4},{"damage":0,"enemies":"Gremlin Nob","floor":7,"turns":3},{"damage":7,"enemies":"Lagavulin","floor":11,"turns":6},{"damage":0,"enemies":"Blue Slaver","floor":12,"turns":4},{"damage":5,"enemies":"Gremlin Gang","floor":13,"turns":10},{"damage":0,"enemies":"Exordium Wildlife","floor":14,"turns":4},{"damage":15,"enemies":"The Guardian","floor":16,"turns":17},{"damage":0,"enemies":"Shell Parasite","floor":18,"turns":8},{"damage":0,"enemies":"3 Byrds","floor":21,"turns":3},{"damage":0,"enemies":"Shelled Parasite and Fungi","floor":22,"turns":8},{"damage":0,"enemies":"Centurion and Healer","floor":24,"turns":12},{"damage":34,"enemies":"Slavers","floor":25,"turns":6},{"damage":16,"enemies":"3 Cultists","floor":29,"turns":4},{"damage":12,"enemies":"Snake Plant","floor":30,"turns":5},{"damage":2,"enemies":"Chosen and Byrds","floor":31,"turns":6},{"damage":5,"enemies":"Champ","floor":33,"turns":14},{"damage":30,"enemies":"3 Shapes","floor":35,"turns":3},{"damage":17,"enemies":"Mind Bloom Boss Battle","floor":38,"turns":5},{"damage":20,"enemies":"3 Darklings","floor":44,"turns":4},{"damage":1,"enemies":"Spire Growth","floor":48,"turns":6},{"damage":38,"enemies":"Awakened One","floor":50,"turns":3}],"seed_played":"-2295279497432322873","potions_obtained":[{"floor":1,"key":"SteroidPotion"},{"floor":3,"key":"SteroidPotion"},{"floor":5,"key":"FearPotion"},{"floor":10,"key":"AttackPotion"},{"floor":10,"key":"PowerPotion"},{"floor":10,"key":"Ancient Potion"},{"floor":21,"key":"Dexterity Potion"},{"floor":22,"key":"Ancient Potion"},{"floor":29,"key":"Swift Potion"},{"floor":31,"key":"SteroidPotion"},{"floor":33,"key":"Fire Potion"},{"floor":44,"key":"Regen Potion"}],"is_trial":false,"path_per_floor":["M","$","M","?","M","R","E","R","T","?","E","M","M","M","R","B",null,"M","?","$","M","M","R","M","E","T","R","?","M","M","M","R","B",null,"M","?","?","?","?","R","$","R","T","M","R","R","R","M","R","B"],"character_chosen":"THE_SILENT","items_purchased":["Burst","Well Laid Plans","Tough Bandages","Noxious Fumes","Skewer"],"campfire_rested":3,"item_purchase_floors":[2,2,20,41,41],"current_hp_per_floor":[63,63,63,51,51,51,51,51,51,51,44,44,39,39,60,45,70,70,70,70,70,70,70,70,36,36,36,36,20,8,6,27,22,70,40,40,40,23,23,44,44,44,44,24,24,24,24,38,38,0],"gold":322,"neow_bonus":"HUNDRED_GOLD","is_prod":false,"is_daily":false,"chose_seed":false,"campfire_upgraded":8,"win_rate":0,"timestamp":1549291669,"path_taken":["M","$","M","?","M","R","E","R","T","?","E","?","M","M","R","BOSS","M","?","$","M","?","R","M","E","T","R","?","M","?","?","R","BOSS","M","?","?","?","?","R","$","R","T","M","R","R","R","M","R","BOSS"],"build_version":"2019-01-23","purchased_purges":2,"victory":false,"max_hp_per_floor":[70,70,70,70,70,70,70,70,70,70,70,70,70,70,70,70,70,70,70,70,70,70,70,70,70,70,70,70,70,70,70,70,70,70,70,70,70,70,70,70,70,70,70,70,70,70,70,70,70,70],"card_choices":[{"not_picked":["Slice","Prepared","Blade Dance"],"picked":"SKIP","floor":1},{"not_picked":["Bane","Outmaneuver"],"picked":"Sucker Punch","floor":3},{"not_picked":["Wraith Form v2","Deadly Poison","Finisher"],"picked":"SKIP","floor":5},{"not_picked":["Cloak And Dagger","Blade Dance","Riddle With Holes"],"picked":"SKIP","floor":7},{"not_picked":["Deadly Poison","Sucker Punch"],"picked":"Blur","floor":11},{"not_picked":["Slice","Outmaneuver","Bane"],"picked":"SKIP","floor":12},{"not_picked":["Masterful Stab","PiercingWail"],"picked":"Caltrops","floor":13},{"not_picked":["Bane","Heel Hook"],"picked":"Predator","floor":14},{"not_picked":["Unload","Die Die Die"],"picked":"Adrenaline","floor":16},{"not_picked":["Prepared","Backflip"],"picked":"Dagger Spray","floor":18},{"not_picked":["Blade Dance","Slice"],"picked":"Crippling Poison","floor":21},{"not_picked":["Slice","Quick Slash+1"],"picked":"Backflip+1","floor":22},{"not_picked":["Slice","Well Laid Plans"],"picked":"Caltrops","floor":24},{"not_picked":["Flying Knee","Reflex+1"],"picked":"A Thousand Cuts","floor":25},{"not_picked":["Cloak And Dagger","Bane"],"picked":"Flying Knee+1","floor":29},{"not_picked":["Backflip","Slice"],"picked":"Escape Plan","floor":30},{"not_picked":["Deflect","Eviscerate+1"],"picked":"Terror","floor":31},{"not_picked":[],"picked":"Backflip+1","floor":35},{"not_picked":[],"picked":"Dramatic Entrance","floor":36},{"not_picked":[],"picked":"Dash","floor":38},{"not_picked":["Eviscerate"],"picked":"SKIP","floor":44},{"not_picked":[],"picked":"Skewer+1","floor":48}],"player_experience":736663,"relics_obtained":[{"floor":7,"key":"Paper Crane"},{"floor":11,"key":"Turnip"},{"floor":25,"key":"Art of War"},{"floor":26,"key":"Dodecahedron"},{"floor":38,"key":"WingedGreaves"}],"event_choices":[{"damage_healed":0,"gold_gain":0,"player_choice":"Success","damage_taken":12,"relics_obtained":["MawBank"],"max_hp_gain":0,"max_hp_loss":0,"event_name":"Scrap Ooze","floor":4,"gold_loss":0},{"damage_healed":0,"gold_gain":0,"player_choice":"Got Potions","damage_taken":0,"max_hp_gain":0,"max_hp_loss":0,"event_name":"Lab","floor":10,"gold_loss":0},{"cards_removed":["Strike_G"],"damage_healed":0,"gold_gain":0,"player_choice":"Card Removal","damage_taken":0,"max_hp_gain":0,"max_hp_loss":0,"event_name":"Wheel of Change","floor":19,"gold_loss":0},{"damage_healed":0,"gold_gain":0,"player_choice":"Trade","damage_taken":0,"relics_obtained":["NlothsMask"],"max_hp_gain":0,"max_hp_loss":0,"event_name":"FaceTrader","floor":28,"gold_loss":0},{"damage_healed":0,"gold_gain":0,"player_choice":"Memory 1","damage_taken":0,"max_hp_gain":0,"max_hp_loss":0,"event_name":"SensoryStone","floor":36,"gold_loss":0},{"cards_removed":["Strike_G"],"damage_healed":0,"gold_gain":0,"player_choice":"Removed Attack","damage_taken":0,"max_hp_gain":0,"max_hp_loss":0,"event_name":"Falling","floor":37,"gold_loss":0},{"damage_healed":0,"gold_gain":0,"player_choice":"Fight","damage_taken":0,"max_hp_gain":0,"max_hp_loss":0,"event_name":"MindBloom","floor":38,"gold_loss":0},{"damage_healed":0,"gold_gain":0,"player_choice":"Ignored","damage_taken":0,"max_hp_gain":0,"max_hp_loss":0,"event_name":"Mysterious Sphere","floor":39,"gold_loss":0}],"is_beta":false,"boss_relics":[{"not_picked":["HoveringKite","Runic Dome"],"picked":"Cursed Key"},{"not_picked":["Sozu","Eternal Feather"],"picked":"Busted Crown"}],"items_purged_floors":[20,41],"is_endless":false,"potions_floor_spawned":[1,3,5,21,22,29,31,33,44],"killed_by":"Awakened One","ascension_level":0}