{"path_per_floor":["M","M","?","?","M","E","M","R","T","?","R","$","E","M","R","B",null,"M","?","M","M","M","R","E","M","T","M"],"character_chosen":"THE_SILENT","items_purchased":["Unceasing Top","Dagger Spray","Quick Slash"],"gold_per_floor":[115,128,378,328,342,375,395,395,395,395,395,14,39,53,53,151,151,169,169,189,199,215,215,242,260,260,272],"floor_reached":28,"campfire_rested":3,"playtime":2835,"current_hp_per_floor":[70,70,70,70,68,44,43,64,64,61,61,61,58,58,70,23,70,70,70,70,60,31,52,36,14,14,12],"items_purged":[],"gold":272,"score":252,"play_id":"cfd9c04c-5ced-47f4-abe1-f7e691d91d60","is_prod":false,"is_daily":false,"is_ascension_mode":false,"campfire_upgraded":1,"path_taken":["M","M","?","?","M","E","M","R","T","?","R","$","E","M","R","BOSS","M","?","M","?","M","R","E","?","T","M","M"],"build_version":"2018-02-15-PROD1","purchased_purges":0,"victory":false,"master_deck":["Defend_G","Defend_G","Defend_G","Strike_G","Strike_G","Strike_G+1","Strike_G","Survivor","Neutralize+1","Slice","Riddle With Holes+1","Malaise","Dagger Throw","Dodge and Roll","All Out Attack","Dagger Spray","Quick Slash","Outmaneuver","Acrobatics","Flying Knee","Grand Finale","Infinite Blades+1","Blade Dance+1","Backstab+1","Blur","Heel Hook","Acrobatics+1","Blur","Prepared","Prepared+1","Prepared+1","Expertise"],"max_hp_per_floor":[70,70,70,70,70,70,70,70,70,70,70,70,70,70,70,70,70,70,70,70,70,70,70,70,70,70,70],"relics":["Ring of the Snake","Whetstone","Dream Catcher","Ice Cream","Gremlin Horn","Unceasing Top","Letter Opener","Astrolabe","Du-Vu Doll","Peace Pipe"],"card_choices":[{"not_picked":["Deflect","Outmaneuver"],"picked":"Slice"},{"not_picked":["Well Laid Plans","Crippling Poison"],"picked":"Riddle With Holes"},{"not_picked":["Bane","Cloak And Dagger"],"picked":"Malaise"},{"not_picked":["Slice","Eviscerate"],"picked":"Dagger Throw"},{"not_picked":["Deadly Poison","Poisoned Stab"],"picked":"Dodge and Roll"},{"not_picked":["Reflex","Masterful Stab"],"picked":"All Out Attack"},{"not_picked":["Dagger Throw","Venomology"],"picked":"Outmaneuver"},{"not_picked":["Calculated Gamble","Dagger Spray"],"picked":"Acrobatics"},{"not_picked":["Cloak And Dagger","Expertise"],"picked":"Flying Knee"},{"not_picked":["Burst","Die Die Die"],"picked":"Grand Finale"},{"not_picked":["PiercingWail","Underhanded Strike"],"picked":"Blur"},{"not_picked":["Cloak And Dagger","Slice"],"picked":"Heel Hook"},{"not_picked":["Poisoned Stab","Expertise"],"picked":"Acrobatics"},{"not_picked":["Flying Knee","Distraction"],"picked":"Blur"},{"not_picked":["Sucker Punch","Dodge and Roll"],"picked":"Prepared"},{"not_picked":["All Out Attack","Cloak And Dagger"],"picked":"Prepared"},{"not_picked":["Doppelganger","Acrobatics"],"picked":"Prepared"},{"not_picked":["Deadly Poison","Acrobatics"],"picked":"Expertise"}],"player_experience":119095,"potions_floor_usage":[16,18,20,21,22,24,27],"damage_taken":[{"damage":0,"enemies":"2 Louse","floor":1,"turns":3},{"damage":0,"enemies":"Blue Slaver","floor":2,"turns":4},{"damage":2,"enemies":"Small Slimes","floor":5,"turns":3},{"damage":24,"enemies":"Gremlin Nob","floor":6,"turns":5},{"damage":1,"enemies":"Looter","floor":7,"turns":3},{"damage":3,"enemies":"3 Sentries","floor":13,"turns":4},{"damage":0,"enemies":"3 Louse","floor":14,"turns":2},{"damage":47,"enemies":"The Guardian","floor":16,"turns":12},{"damage":0,"enemies":"3 Byrds","floor":18,"turns":3},{"damage":0,"enemies":"Chosen","floor":20,"turns":3},{"damage":10,"enemies":"Centurion and Healer","floor":21,"turns":5},{"damage":29,"enemies":"Chosen and Byrds","floor":22,"turns":5},{"damage":16,"enemies":"Book of Stabbing","floor":24,"turns":6},{"damage":22,"enemies":"Slaver and Parasite","floor":25,"turns":8},{"damage":2,"enemies":"Snecko","floor":27,"turns":4},{"damage":13,"enemies":"Centurion and Healer","floor":28,"turns":2}],"event_choices":[{"event_name":"Golden Shrine","player_choice":"Desecrate","floor":3,"damage_taken":0},{"event_name":"The Cleric","player_choice":"Card Removal","floor":4,"damage_taken":0},{"event_name":"Scrap Ooze","player_choice":"success","floor":10,"damage_taken":3},{"event_name":"Vampires","player_choice":"Ignored","floor":19,"damage_taken":0}],"boss_relics":[{"not_picked":["Orrery","Eternal Feather"],"picked":"Astrolabe"}],"potions_floor_spawned":[5,7,14,16,21,22,25],"seed_played":"-640368242345439081","killed_by":"Centurion and Healer","ascension_level":0,"is_trial":false}