{"path_per_floor":["M","M","M","$","?","R","M","M","T","M","E","M","R","M","R","B",null,"M","$","?","M","M","R","M","R","T","M","R","?","?","$","R","B",null,"M","?","?","?","M","R"],"character_chosen":"THE_SILENT","items_purchased":["Infinite Blades","Dagger Spray","Shuriken","Blade Dance","All Out Attack"],"gold_per_floor":[109,126,140,13,13,13,32,50,123,143,168,186,186,196,196,296,296,313,40,40,52,65,65,80,80,80,97,97,97,97,21,21,119,119,139,139,139,139,159,159],"floor_reached":41,"campfire_rested":7,"playtime":3252,"current_hp_per_floor":[70,65,65,65,65,65,54,42,42,29,15,13,34,34,55,33,70,48,48,48,31,14,35,27,48,48,16,37,37,37,37,58,8,70,70,70,61,61,23,44],"items_purged":[],"gold":159,"score":370,"play_id":"06419de8-ba1b-4b03-8d31-0fd1406ab75c","is_prod":false,"is_daily":false,"is_ascension_mode":false,"campfire_upgraded":1,"path_taken":["M","M","M","$","?","R","M","M","T","M","E","M","R","M","R","BOSS","M","$","?","M","M","R","?","R","T","M","R","?","?","$","R","BOSS","M","?","?","?","?","R","M"],"build_version":"2018-02-12-PROD1","purchased_purges":0,"victory":false,"master_deck":["Defend_G+1","Defend_G+1","Defend_G+1","Defend_G+1","Strike_G+1","Strike_G+1","Strike_G+1","Strike_G+1","Strike_G+1","Survivor","Neutralize","Outmaneuver","Masterful Stab","Predator+1","Infinite Blades+1","Dagger Spray","Deflect","Accuracy","Flying Knee","Endless Agony","Accuracy","Dagger Throw","Adrenaline","Flying Knee","Blade Dance","Finisher+1","Slice+1","Quick Slash","Deflect+1","Decay","All Out Attack","Storm of Steel","Escape Plan+1","Madness","Madness","Acrobatics"],"max_hp_per_floor":[70,70,70,70,70,70,70,70,70,70,70,70,70,70,70,70,70,70,70,70,70,70,70,70,70,70,70,70,70,70,70,70,70,70,70,70,70,70,70,70],"relics":["Ring of the Snake","Tough Bandages","Whetstone","Lizard Tail","Shuriken","Bottled Flame","Question Card","Oddly Smooth Stone"],"card_choices":[{"not_picked":["Dodge and Roll","Prepared"],"picked":"Outmaneuver"},{"not_picked":["Glass Knife","Quick Slash"],"picked":"Masterful Stab"},{"not_picked":["Riddle With Holes","Bouncing Flask"],"picked":"Predator"},{"not_picked":["Bouncing Flask","Flechettes"],"picked":"Deflect"},{"not_picked":["Bouncing Flask","Flying Knee"],"picked":"Accuracy"},{"not_picked":["All Out Attack","Deflect"],"picked":"Flying Knee"},{"not_picked":["Quick Slash","Slice"],"picked":"Endless Agony"},{"not_picked":["Acrobatics","Corpse Explosion"],"picked":"Accuracy"},{"not_picked":["Bane","PiercingWail"],"picked":"Dagger Throw"},{"not_picked":["Envenom","Bullet Time"],"picked":"Adrenaline"},{"not_picked":["Choke","Slice"],"picked":"Flying Knee"},{"not_picked":["Underhanded Strike","Dodge and Roll"],"picked":"Finisher"},{"not_picked":["Noxious Fumes","Poisoned Stab"],"picked":"Slice"},{"not_picked":["Escape Plan","Eviscerate"],"picked":"Quick Slash"},{"not_picked":["Footwork","Crippling Poison"],"picked":"Deflect"},{"not_picked":["Die Die Die","Glass Knife"],"picked":"Storm of Steel"},{"not_picked":["Dodge and Roll","Skewer","Choke"],"picked":"Escape Plan"},{"not_picked":["Masterful Stab","Quick Slash","Catalyst"],"picked":"Acrobatics"}],"player_experience":90518,"potions_floor_usage":[8,10,12,16,22,33,39],"damage_taken":[{"damage":0,"enemies":"Cultist","floor":1,"turns":4},{"damage":5,"enemies":"2 Louse","floor":2,"turns":3},{"damage":0,"enemies":"Small Slimes","floor":3,"turns":4},{"damage":11,"enemies":"2 Fungi Beasts","floor":7,"turns":3},{"damage":12,"enemies":"Exordium Thugs","floor":8,"turns":4},{"damage":13,"enemies":"Red Slaver","floor":10,"turns":3},{"damage":14,"enemies":"3 Sentries","floor":11,"turns":6},{"damage":2,"enemies":"3 Louse","floor":12,"turns":3},{"damage":0,"enemies":"Large Slime","floor":14,"turns":4},{"damage":22,"enemies":"Slime Boss","floor":16,"turns":8},{"damage":22,"enemies":"3 Byrds","floor":18,"turns":5},{"damage":17,"enemies":"2 Thieves","floor":21,"turns":3},{"damage":17,"enemies":"Centurion and Healer","floor":22,"turns":4},{"damage":8,"enemies":"3 Cultists","floor":24,"turns":4},{"damage":32,"enemies":"Snake Plant","floor":27,"turns":4},{"damage":86,"enemies":"Collector","floor":33,"turns":10},{"damage":0,"enemies":"Orb Walker","floor":35,"turns":3},{"damage":38,"enemies":"3 Darklings","floor":39,"turns":5},{"damage":47,"enemies":"4 Shapes","floor":41,"turns":5}],"event_choices":[{"event_name":"The Cleric","player_choice":"Leave","floor":5,"damage_taken":0},{"event_name":"Back to Basics","player_choice":"Simplicity","floor":20,"damage_taken":0},{"event_name":"Forgotten Altar","player_choice":"Smashed Altar","floor":29,"damage_taken":0},{"event_name":"Drug Dealer","player_choice":"Ignored","floor":30,"damage_taken":0},{"event_name":"Mysterious Sphere","player_choice":"Ignore","floor":36,"damage_taken":0},{"event_name":"Winding Halls","player_choice":"Embrace Madness","floor":37,"damage_taken":0},{"event_name":"Wheel of Change","player_choice":"Relic","floor":38,"damage_taken":0}],"boss_relics":[{"not_picked":["Runic Pyramid","Tiny House"],"picked":"Lizard Tail"},{"not_picked":["Runic Dome","Velvet Choker"],"picked":"Question Card"}],"potions_floor_spawned":[2,7,11,14,18,24,33],"seed_played":"2449996688386349487","killed_by":"4 Shapes","ascension_level":0,"is_trial":false}