{"gold_per_floor":[113,188,66,83,101,101,101,112,191,208,226,242,273,291,291,394,394,413,431,79,94,106,136,136,147,173,48,68,68,68,97,97,195,195,207,57,57,110,122,122,122,122,122,134,173,185,197,220,232,244],"floor_reached":50,"playtime":5364,"items_purged":["Strike_R","Strike_R","Strike_R","Corruption+1"],"score":514,"play_id":"2641bfa0-3312-47af-ac7a-2860814bdbf1","local_time":"20190907025030","is_ascension_mode":false,"campfire_choices":[{"data":"Headbutt","floor":6,"key":"SMITH"},{"data":"Flame Barrier","floor":15,"key":"SMITH"},{"floor":24,"key":"REST"},{"data":"True Grit","floor":30,"key":"SMITH"},{"floor":32,"key":"REST"},{"data":"Entrench","floor":40,"key":"SMITH"},{"floor":42,"key":"RECALL"},{"data":"Pommel Strike","floor":44,"key":"SMITH"},{"floor":47,"key":"REST"},{"floor":49,"key":"REST"}],"neow_cost":"NONE","seed_source_timestamp":4488000344793,"circlet_count":0,"master_deck":["Strike_R","Defend_R","Defend_R","Defend_R","Defend_R","Bash+1","Headbutt+1","Flame Barrier+1","True Grit+1","Dropkick","Fiend Fire","Reaper","Entrench+1","Barricade","Pommel Strike+1","Shrug It Off+1","Clothesline+1","Power Through","Juggernaut","Flame Barrier+1","Madness","Madness","Pommel Strike+1","Rampage+1","The Bomb"],"relics":["Burning Blood","Bronze Scales","Velvet Choker","Kunai","Mummified Hand","Happy Flower","Bag of Marbles","Philosopher\u0027s Stone","Regal Pillow","MawBank","Strawberry"],"potions_floor_usage":[8,11,16,16,19,21,22,31,33,45,50,50],"damage_taken":[{"damage":4,"enemies":"Cultist","floor":1,"turns":4},{"damage":0,"enemies":"2 Louse","floor":4,"turns":3},{"damage":0,"enemies":"Small Slimes","floor":5,"turns":4},{"damage":0,"enemies":"2 Fungi Beasts","floor":8,"turns":4},{"damage":0,"enemies":"Exordium Wildlife","floor":10,"turns":3},{"damage":4,"enemies":"Large Slime","floor":11,"turns":5},{"damage":26,"enemies":"Exordium Thugs","floor":12,"turns":6},{"damage":27,"enemies":"Gremlin Nob","floor":13,"turns":4},{"damage":15,"enemies":"2 Fungi Beasts","floor":14,"turns":3},{"damage":41,"enemies":"Slime Boss","floor":16,"turns":11},{"damage":2,"enemies":"Spheric Guardian","floor":18,"turns":8},{"damage":43,"enemies":"2 Thieves","floor":19,"turns":4},{"damage":26,"enemies":"Snake Plant","floor":21,"turns":6},{"damage":5,"enemies":"Cultist and Chosen","floor":22,"turns":9},{"damage":36,"enemies":"Gremlin Leader","floor":23,"turns":12},{"damage":0,"enemies":"Snecko","floor":25,"turns":6},{"damage":21,"enemies":"Snake Plant","floor":28,"turns":3},{"damage":53,"enemies":"Slavers","floor":31,"turns":6},{"damage":17,"enemies":"Champ","floor":33,"turns":25},{"damage":8,"enemies":"Orb Walker","floor":35,"turns":3},{"damage":0,"enemies":"3 Darklings","floor":39,"turns":6},{"damage":76,"enemies":"Reptomancer","floor":45,"turns":9},{"damage":34,"enemies":"Maw","floor":48,"turns":8},{"damage":99,"enemies":"Donu and Deca","floor":50,"turns":9}],"seed_played":"5340338816392164981","potions_obtained":[{"floor":5,"key":"SkillPotion"},{"floor":8,"key":"SpeedPotion"},{"floor":13,"key":"Swift Potion"},{"floor":14,"key":"SteroidPotion"},{"floor":16,"key":"SpeedPotion"},{"floor":18,"key":"PowerPotion"},{"floor":21,"key":"Regen Potion"},{"floor":25,"key":"Strength Potion"},{"floor":31,"key":"Ancient Potion"},{"floor":33,"key":"SpeedPotion"},{"floor":39,"key":"GamblersBrew"},{"floor":48,"key":"FearPotion"}],"is_trial":false,"path_per_floor":["M","?","$","M","M","R","?","M","T","M","M","M","E","M","R","B",null,"M","M","$","M","M","E","R","M","T","$","M","?","R","E","R","B",null,"M","$","?","T","M","R","?","R","T","R","E","?","R","M","R","B"],"character_chosen":"IRONCLAD","items_purchased":["Headbutt","Kunai"],"campfire_rested":4,"item_purchase_floors":[3,20],"current_hp_per_floor":[80,69,69,75,80,80,80,80,80,80,80,60,39,33,33,7,80,80,43,43,23,45,27,51,61,61,61,50,50,50,18,42,31,80,78,78,68,68,80,80,80,80,80,80,17,17,58,34,75,0],"gold":244,"neow_bonus":"UPGRADE_CARD","is_prod":false,"is_daily":false,"chose_seed":false,"campfire_upgraded":5,"win_rate":0,"timestamp":1567817430,"path_taken":["M","?","$","M","M","R","?","M","T","M","?","M","E","M","R","BOSS","M","M","$","M","M","E","R","M","T","$","M","?","R","E","R","BOSS","M","$","?","?","M","R","?","R","T","R","E","?","R","M","R","BOSS"],"build_version":"2019-07-17","purchased_purges":4,"victory":false,"max_hp_per_floor":[80,80,80,80,80,80,80,80,80,80,80,80,80,80,80,80,80,80,80,80,80,80,80,80,80,80,80,80,80,80,80,80,80,80,80,80,80,80,80,80,80,80,80,80,87,87,87,87,87,87],"card_choices":[{"not_picked":["Anger","Ghostly Armor","Twin Strike"],"picked":"SKIP","floor":1},{"not_picked":["Heavy Blade","Searing Blow"],"picked":"Flame Barrier","floor":4},{"not_picked":["Rage","Evolve","Inflame"],"picked":"SKIP","floor":5},{"not_picked":["Rage","Second Wind","Disarm"],"picked":"SKIP","floor":8},{"not_picked":["Rupture","Headbutt"],"picked":"True Grit","floor":10},{"not_picked":["Clash","Pommel Strike"],"picked":"Dropkick","floor":11},{"not_picked":["Perfected Strike","Heavy Blade"],"picked":"Fiend Fire","floor":12},{"not_picked":["Headbutt","Clash"],"picked":"Reaper","floor":13},{"not_picked":["Warcry","Twin Strike"],"picked":"Entrench","floor":14},{"not_picked":["Juggernaut","Dark Embrace"],"picked":"Barricade","floor":16},{"not_picked":["Sever Soul+1","Shockwave","Flex"],"picked":"SKIP","floor":18},{"not_picked":["Feel No Pain","Rampage","Clothesline"],"picked":"SKIP","floor":19},{"not_picked":["True Grit","Sword Boomerang"],"picked":"Pommel Strike","floor":21},{"not_picked":["Seeing Red","Inflame"],"picked":"Shrug It Off+1","floor":22},{"not_picked":["Inflame","Heavy Blade"],"picked":"Corruption+1","floor":23},{"not_picked":["Evolve","Entrench"],"picked":"Clothesline+1","floor":25},{"not_picked":["Perfected Strike","Clash","Havoc"],"picked":"SKIP","floor":28},{"not_picked":["Double Tap","True Grit"],"picked":"Power Through","floor":31},{"not_picked":["Demon Form","Double Tap"],"picked":"Juggernaut","floor":33},{"not_picked":["Havoc","Corruption+1"],"picked":"Flame Barrier+1","floor":35},{"not_picked":["Reckless Charge+1","True Grit"],"picked":"Pommel Strike+1","floor":39},{"not_picked":["Shrug It Off+1","Perfected Strike+1"],"picked":"Rampage+1","floor":45},{"not_picked":["Swift Strike","Enlightenment"],"picked":"The Bomb","floor":46},{"not_picked":["Flame Barrier","Havoc","Blood for Blood"],"picked":"SKIP","floor":48}],"player_experience":821930,"relics_obtained":[{"floor":13,"key":"Bronze Scales"},{"floor":23,"key":"Mummified Hand"},{"floor":26,"key":"Happy Flower"},{"floor":31,"key":"Bag of Marbles"},{"floor":38,"key":"Regal Pillow"},{"floor":43,"key":"MawBank"},{"floor":45,"key":"Strawberry"}],"event_choices":[{"damage_healed":0,"gold_gain":75,"player_choice":"Gather Gold","damage_taken":11,"max_hp_gain":0,"max_hp_loss":0,"event_name":"World of Goop","floor":2,"gold_loss":0},{"damage_healed":0,"gold_gain":0,"player_choice":"Ignored","damage_taken":0,"max_hp_gain":0,"max_hp_loss":0,"event_name":"NoteForYourself","floor":7,"gold_loss":0},{"damage_healed":0,"gold_gain":0,"player_choice":"Ignored","damage_taken":0,"max_hp_gain":0,"max_hp_loss":0,"event_name":"Vampires","floor":29,"gold_loss":0},{"damage_healed":0,"gold_gain":0,"player_choice":"Embrace Madness","damage_taken":10,"max_hp_gain":0,"max_hp_loss":0,"event_name":"Winding Halls","floor":37,"gold_loss":0,"cards_obtained":["Madness","Madness"]},{"cards_removed":["Strike_R"],"damage_healed":0,"gold_gain":0,"player_choice":"Removed Attack","damage_taken":0,"max_hp_gain":0,"max_hp_loss":0,"event_name":"Falling","floor":41,"gold_loss":0},{"damage_healed":0,"gold_gain":0,"player_choice":"Memory 1","damage_taken":0,"max_hp_gain":0,"max_hp_loss":0,"event_name":"SensoryStone","floor":46,"gold_loss":0}],"is_beta":false,"boss_relics":[{"not_picked":["Coffee Dripper","Runic Pyramid"],"picked":"Velvet Choker"},{"not_picked":["Snecko Eye","Black Blood"],"picked":"Philosopher\u0027s Stone"}],"items_purged_floors":[3,20,27,36],"is_endless":false,"potions_floor_spawned":[5,8,13,14,16,18,21,25,31,33,39,48],"killed_by":"Donu and Deca","ascension_level":0}