{"gold_per_floor":[215,234,247,247,15,15,15,15,39,49,49,63,82,114,114,213,213,230,410,424,134,147,173,173,190,217,217,250,267,70,85,85,182,182,197,212,212,261,261,295,197,197,252,82,97,97,97,30,30,30,30,30,30,60,60],"floor_reached":56,"playtime":6349,"items_purged":["Strike_G","Strike_G","Strike_G","Defend_G","Strike_G"],"score":1145,"play_id":"d9963351-e184-4102-b15e-fa8f2f1e48c1","local_time":"20190205055410","is_ascension_mode":false,"campfire_choices":[{"data":"Neutralize","floor":6,"key":"SMITH"},{"data":"Survivor","floor":8,"key":"SMITH"},{"data":"A Thousand Cuts","floor":15,"key":"SMITH"},{"floor":24,"key":"REST"},{"floor":27,"key":"RECALL"},{"floor":32,"key":"REST"},{"floor":47,"key":"REST"},{"data":"Footwork","floor":49,"key":"SMITH"},{"data":"Apotheosis","floor":52,"key":"SMITH"}],"neow_cost":"NONE","seed_source_timestamp":30602305185884,"circlet_count":0,"master_deck":["Defend_G","Defend_G","Defend_G","Defend_G","Survivor+1","Neutralize+1","Quick Slash","Noxious Fumes+1","Dagger Spray","A Thousand Cuts+1","Dodge and Roll","Well Laid Plans","Malaise","Cloak And Dagger","Apotheosis+1","Blade Dance","Terror+1","Leg Sweep","Grand Finale","Tools of the Trade","Accuracy+1","Acrobatics+1","Bane+1","Acrobatics","Madness","Madness","Footwork+1","Quick Slash","Reflex","Footwork","Underhanded Strike+1"],"relics":["Ring of the Serpent","Oddly Smooth Stone","Kunai","Orichalcum","Sozu","Smiling Mask","Bag of Marbles","Blood Vial","Snake Skull","Strawberry","Thread and Needle","Vajra","Paper Crane"],"potions_floor_usage":[14,14,14,16,33],"damage_taken":[{"damage":0,"enemies":"2 Louse","floor":1,"turns":3},{"damage":0,"enemies":"Jaw Worm","floor":2,"turns":4},{"damage":7,"enemies":"Small Slimes","floor":3,"turns":6},{"damage":0,"enemies":"Exordium Thugs","floor":10,"turns":6},{"damage":4,"enemies":"Exordium Wildlife","floor":12,"turns":3},{"damage":0,"enemies":"Looter","floor":13,"turns":5},{"damage":2,"enemies":"3 Sentries","floor":14,"turns":5},{"damage":1,"enemies":"Hexaghost","floor":16,"turns":9},{"damage":0,"enemies":"Chosen","floor":18,"turns":6},{"damage":14,"enemies":"2 Thieves","floor":20,"turns":4},{"damage":0,"enemies":"3 Cultists","floor":22,"turns":6},{"damage":1,"enemies":"Cultist and Chosen","floor":25,"turns":5},{"damage":25,"enemies":"Slavers","floor":28,"turns":4},{"damage":0,"enemies":"Snake Plant","floor":29,"turns":5},{"damage":6,"enemies":"Centurion and Healer","floor":31,"turns":7},{"damage":29,"enemies":"Champ","floor":33,"turns":9},{"damage":1,"enemies":"Orb Walker","floor":35,"turns":4},{"damage":6,"enemies":"3 Darklings","floor":36,"turns":6},{"damage":7,"enemies":"Giant Head","floor":40,"turns":9},{"damage":23,"enemies":"4 Shapes","floor":45,"turns":5},{"damage":50,"enemies":"Awakened One","floor":50,"turns":13},{"damage":19,"enemies":"Shield and Spear","floor":54,"turns":7},{"damage":38,"enemies":"The Heart","floor":55,"turns":12}],"seed_played":"7804983596257820829","potions_obtained":[{"floor":3,"key":"Energy Potion"},{"floor":10,"key":"LiquidBronze"},{"floor":13,"key":"Strength Potion"},{"floor":14,"key":"Strength Potion"},{"floor":16,"key":"GamblersBrew"}],"is_trial":false,"path_per_floor":["M","M","M","?","$","R","T","R","T","M","$","M","M","E","R","B",null,"M","?","M","$","M","T","R","M","T","R","E","M","$","M","R","B",null,"M","M","?","T","?","E","$","?","T","$","M","?","R","$","R","B",null,"R","$","E","B",null],"character_chosen":"THE_SILENT","items_purchased":["Oddly Smooth Stone","Apotheosis","Snake Skull","Acrobatics","Footwork","Quick Slash","Footwork"],"campfire_rested":3,"item_purchase_floors":[5,21,30,41,44,44,48],"current_hp_per_floor":[70,70,63,63,63,63,63,63,63,63,63,59,59,57,57,56,70,70,49,35,35,35,35,56,55,55,55,30,32,32,28,49,22,70,69,64,64,71,71,66,66,56,56,56,35,35,58,58,58,10,77,77,77,58,22],"gold":60,"neow_bonus":"HUNDRED_GOLD","is_prod":false,"is_daily":false,"chose_seed":false,"campfire_upgraded":5,"win_rate":0,"timestamp":1549342450,"path_taken":["M","M","M","?","$","R","?","R","T","M","$","M","M","E","R","BOSS","M","?","?","$","M","?","R","M","T","R","E","M","?","?","R","BOSS","M","M","?","?","?","E","$","?","T","$","M","?","R","$","R","BOSS","R","$","E","BOSS"],"build_version":"2019-01-23","purchased_purges":5,"victory":true,"max_hp_per_floor":[70,70,70,70,70,70,70,70,70,70,70,70,70,70,70,70,70,70,70,70,70,70,70,70,70,70,70,70,70,70,70,70,70,70,70,70,70,77,77,77,77,77,77,77,77,77,77,77,77,77,77,77,77,77,77],"card_choices":[{"not_picked":["Deadly Poison","Infinite Blades"],"picked":"Quick Slash","floor":1},{"not_picked":["Backflip","Poisoned Stab"],"picked":"Noxious Fumes","floor":2},{"not_picked":["Tactician","All Out Attack","Prepared"],"picked":"SKIP","floor":3},{"not_picked":["Crippling Poison","Accuracy"],"picked":"Dagger Spray","floor":10},{"not_picked":["PiercingWail","Dodge and Roll"],"picked":"A Thousand Cuts","floor":12},{"not_picked":["Prepared","Poisoned Stab"],"picked":"Dodge and Roll","floor":13},{"not_picked":["Quick Slash","Masterful Stab"],"picked":"Well Laid Plans","floor":14},{"not_picked":["Phantasmal Killer","Storm of Steel"],"picked":"Malaise","floor":16},{"not_picked":["Riddle With Holes","Quick Slash","All Out Attack"],"picked":"SKIP","floor":18},{"not_picked":["Well Laid Plans+1","Distraction"],"picked":"Cloak And Dagger","floor":20},{"not_picked":["Outmaneuver","Venomology"],"picked":"Blade Dance","floor":22},{"not_picked":["Bane","Poisoned Stab"],"picked":"Terror+1","floor":25},{"not_picked":["Blade Dance","Setup"],"picked":"Leg Sweep","floor":28},{"not_picked":["Quick Slash","Dodge and Roll+1","Deadly Poison"],"picked":"SKIP","floor":29},{"not_picked":["Cloak And Dagger","Riddle With Holes"],"picked":"Grand Finale","floor":31},{"not_picked":["Corpse Explosion","Wraith Form v2"],"picked":"Tools of the Trade","floor":33},{"not_picked":["Cloak And Dagger+1","Dagger Spray+1"],"picked":"Accuracy+1","floor":35},{"not_picked":["Distraction+1","Riddle With Holes"],"picked":"Acrobatics+1","floor":36},{"not_picked":["Quick Slash","Deadly Poison"],"picked":"Bane+1","floor":40},{"not_picked":["Flying Knee+1","Accuracy"],"picked":"Reflex","floor":45},{"not_picked":["Flechettes","PiercingWail+1"],"picked":"Underhanded Strike+1","floor":54}],"player_experience":755620,"relics_obtained":[{"floor":7,"key":"Kunai"},{"floor":14,"key":"Orichalcum"},{"floor":23,"key":"Smiling Mask"},{"floor":26,"key":"Bag of Marbles"},{"floor":28,"key":"Blood Vial"},{"floor":38,"key":"Strawberry"},{"floor":40,"key":"Thread and Needle"},{"floor":43,"key":"Vajra"},{"floor":54,"key":"Paper Crane"}],"event_choices":[{"damage_healed":0,"gold_gain":0,"player_choice":"Grow","damage_taken":0,"max_hp_gain":0,"max_hp_loss":0,"event_name":"Living Wall","floor":4,"gold_loss":0,"cards_upgraded":["Noxious Fumes"]},{"damage_healed":0,"gold_gain":180,"player_choice":"GOLD GOLD ","damage_taken":21,"max_hp_gain":0,"max_hp_loss":0,"event_name":"Knowing Skull","floor":19,"potions_obtained":[],"gold_loss":0,"cards_obtained":[]},{"cards_removed":["Strike_G"],"damage_healed":0,"gold_gain":0,"player_choice":"Removed Attack","damage_taken":0,"max_hp_gain":0,"max_hp_loss":0,"event_name":"Falling","floor":37,"gold_loss":0},{"damage_healed":0,"gold_gain":0,"player_choice":"Ignored","damage_taken":0,"max_hp_gain":0,"max_hp_loss":0,"event_name":"Tomb of Lord Red Mask","floor":39,"gold_loss":0},{"damage_healed":0,"gold_gain":0,"player_choice":"Embrace Madness","damage_taken":10,"max_hp_gain":0,"max_hp_loss":0,"event_name":"Winding Halls","floor":42,"gold_loss":0,"cards_obtained":["Madness","Madness"]},{"damage_healed":0,"gold_gain":0,"player_choice":"Ignored","damage_taken":0,"max_hp_gain":0,"max_hp_loss":0,"event_name":"Mysterious Sphere","floor":46,"gold_loss":0}],"is_beta":false,"boss_relics":[{"not_picked":["Empty Cage","Fusion Hammer"],"picked":"Sozu"},{"not_picked":["Cursed Key","Lizard Tail"],"picked":"Ring of the Serpent"}],"items_purged_floors":[5,21,30,41,44],"is_endless":false,"potions_floor_spawned":[3,10,13,14,16,22,28,40,45,54],"ascension_level":0}