{"path_per_floor":["M","M","M","$","?","E","R","M","T","R","?","?","E","M","R","B",null,"M","M","?","M"],"character_chosen":"THE_SILENT","items_purchased":["Blur"],"gold_per_floor":[117,134,145,73,73,103,103,114,114,114,171,171,200,215,215,310,340,352,363,363,382],"floor_reached":22,"campfire_rested":1,"playtime":2321,"current_hp_per_floor":[67,67,67,67,67,41,62,60,60,60,58,70,64,64,64,30,75,73,49,49,25],"items_purged":[],"gold":382,"score":196,"play_id":"9cde323b-897b-4419-8fc7-c5a86e8793bc","is_prod":false,"is_daily":false,"is_ascension_mode":false,"campfire_upgraded":2,"path_taken":["M","M","M","$","?","E","R","M","T","R","?","?","E","M","R","BOSS","M","M","?","M","M"],"build_version":"2018-02-12-PROD1","purchased_purges":0,"victory":false,"master_deck":["Survivor","Neutralize","Noxious Fumes+1","Sucker Punch","Caltrops+1","All Out Attack","Underhanded Strike","Dash","Masterful Stab","Backflip","Quick Slash","Predator","Expertise","Backstab","Acrobatics","Blur","Regret","Die Die Die","Dagger Spray","Terror+1","Parasite","Skewer","Blur+1","A Thousand Cuts","Slice","Choke","Flying Knee+1","Writhe","Cloak And Dagger+1"],"max_hp_per_floor":[70,70,70,70,70,70,70,70,70,70,70,70,70,70,70,70,75,75,75,75,75],"relics":["Pandora\u0027s Box","Toxic Egg 2","Ancient Tea Set","Orichalcum","Lantern","Art of War","Tiny House","Oddly Smooth Stone"],"card_choices":[{"not_picked":["Blur","Dagger Throw"],"picked":"Expertise"},{"not_picked":["Outmaneuver","Malaise"],"picked":"Backstab"},{"not_picked":["Cloak And Dagger","Phantasmal Killer"],"picked":"Acrobatics"},{"not_picked":["Terror","Deadly Poison"],"picked":"Die Die Die"},{"not_picked":["Underhanded Strike","Sucker Punch"],"picked":"Dagger Spray"},{"not_picked":["PiercingWail","Bouncing Flask"],"picked":"Terror"},{"not_picked":["Eviscerate","Reflex"],"picked":"Skewer"},{"not_picked":["Deadly Poison","Heel Hook"],"picked":"Blur"},{"not_picked":["Wraith Form","Burst"],"picked":"A Thousand Cuts"},{"not_picked":["PiercingWail","Backflip"],"picked":"Slice"},{"not_picked":["PiercingWail","Dodge and Roll"],"picked":"Choke"},{"not_picked":["Quick Slash","Acrobatics"],"picked":"Flying Knee"},{"not_picked":["Accuracy","Deflect"],"picked":"Cloak And Dagger"}],"player_experience":74169,"potions_floor_usage":[11,16,16,21,21],"damage_taken":[{"damage":3,"enemies":"Jaw Worm","floor":1,"turns":3},{"damage":0,"enemies":"Cultist","floor":2,"turns":3},{"damage":0,"enemies":"2 Louse","floor":3,"turns":2},{"damage":26,"enemies":"Lagavulin","floor":6,"turns":7},{"damage":2,"enemies":"Exordium Wildlife","floor":8,"turns":2},{"damage":11,"enemies":"3 Sentries","floor":11,"turns":4},{"damage":6,"enemies":"3 Sentries","floor":13,"turns":3},{"damage":0,"enemies":"Exordium Thugs","floor":14,"turns":3},{"damage":34,"enemies":"Slime Boss","floor":16,"turns":10},{"damage":2,"enemies":"3 Byrds","floor":18,"turns":3},{"damage":24,"enemies":"2 Thieves","floor":19,"turns":3},{"damage":24,"enemies":"Snake Plant","floor":21,"turns":2},{"damage":33,"enemies":"Sentry and Sphere","floor":22,"turns":5}],"event_choices":[{"event_name":"Big Fish","player_choice":"Box","floor":5,"damage_taken":0},{"event_name":"Dead Adventurer","player_choice":"Searched \u00272\u0027 times","floor":11,"damage_taken":0},{"event_name":"Mushrooms","player_choice":"Healed and dodged fight","floor":12,"damage_taken":0},{"event_name":"The Mausoleum","player_choice":"Yes","floor":20,"damage_taken":0}],"boss_relics":[{"not_picked":["Philosopher\u0027s Stone","Runic Pyramid"],"picked":"Tiny House"}],"potions_floor_spawned":[1,3,8,16],"seed_played":"-6472875202288370289","killed_by":"Sentry and Sphere","ascension_level":0,"is_trial":false}