{"gold_per_floor":[111,111,36,48,66,92,42,42,65,29,29,29,48,73,85,192,204,236,1,1,1,15,15,73,73,73,90,102,121,121],"floor_reached":30,"playtime":1859,"items_purged":["Pain","Strike_B"],"score":258,"play_id":"a15ead54-6484-4fb4-a167-490684fd176d","local_time":"20190120180546","is_ascension_mode":false,"campfire_choices":[{"data":"Zap","floor":12,"key":"SMITH"},{"data":"Thunder Strike","floor":15,"key":"SMITH"},{"data":"Machine Learning","floor":23,"key":"SMITH"},{"data":"Storm","floor":25,"key":"SMITH"}],"neow_cost":"TEN_PERCENT_HP_LOSS","seed_source_timestamp":15197228122087,"circlet_count":0,"master_deck":["Strike_B","Defend_B","Defend_B","Zap+1","Dualcast","Loop","Rip and Tear","Thunder Strike+1","Sunder","Steam Power","Machine Learning+1","Storm+1","Necronomicurse","Double Energy","Turbo+1","Hello World+1"],"relics":["Cracked Core","WarpedTongs","Juzu Bracelet","Orichalcum","MawBank","Eternal Feather","Happy Flower","CultistMask","Necronomicon","Tiny Chest","Ice Cream"],"potions_floor_usage":[13,14,14,18,30,30],"damage_taken":[{"damage":2,"enemies":"2 Louse","floor":1,"turns":2},{"damage":0,"enemies":"Cultist","floor":4,"turns":3},{"damage":0,"enemies":"Small Slimes","floor":5,"turns":3},{"damage":31,"enemies":"Lagavulin","floor":6,"turns":6},{"damage":3,"enemies":"Gremlin Gang","floor":13,"turns":2},{"damage":3,"enemies":"3 Sentries","floor":14,"turns":4},{"damage":24,"enemies":"Hexaghost","floor":16,"turns":8},{"damage":0,"enemies":"Chosen","floor":18,"turns":3},{"damage":9,"enemies":"2 Thieves","floor":22,"turns":3},{"damage":16,"enemies":"Book of Stabbing","floor":24,"turns":3},{"damage":18,"enemies":"Snake Plant","floor":27,"turns":3},{"damage":0,"enemies":"3 Cultists","floor":28,"turns":2},{"damage":9,"enemies":"Chosen and Byrds","floor":29,"turns":3},{"damage":15,"enemies":"Snake Plant","floor":30,"turns":2}],"seed_played":"-4239009371817604389","potions_obtained":[{"floor":4,"key":"LiquidBronze"},{"floor":11,"key":"Block Potion"},{"floor":11,"key":"SmokeBomb"},{"floor":13,"key":"SneckoOil"},{"floor":16,"key":"FearPotion"},{"floor":22,"key":"Ancient Potion"},{"floor":24,"key":"FearPotion"},{"floor":29,"key":"Poison Potion"}],"is_trial":false,"path_per_floor":["M","?","$","M","M","E","?","?","T","$","?","R","M","E","R","B",null,"M","$","?","?","M","R","E","R","T","M","M","M","M"],"character_chosen":"DEFECT","items_purchased":["Steam Power","Happy Flower"],"campfire_rested":0,"item_purchase_floors":[10,19],"current_hp_per_floor":[66,66,66,66,66,35,35,35,35,35,35,35,32,29,29,5,68,68,68,68,52,43,49,33,42,42,24,24,15,0],"gold":121,"neow_bonus":"TRANSFORM_TWO_CARDS","is_prod":false,"is_daily":false,"chose_seed":false,"campfire_upgraded":4,"win_rate":0,"timestamp":1548003946,"path_taken":["M","?","$","M","M","E","?","?","T","$","?","R","M","E","R","BOSS","M","?","?","?","M","R","E","R","T","M","M","M","M"],"build_version":"2019-01-17v2","purchased_purges":2,"victory":false,"max_hp_per_floor":[68,68,68,68,68,68,68,68,68,68,68,68,68,68,68,68,68,68,68,68,68,68,68,68,68,68,68,68,68,68],"card_choices":[{"not_picked":["Cold Snap","Steam","Force Field"],"picked":"SKIP","floor":1},{"not_picked":["Sweeping Beam","Hologram","Beam Cell"],"picked":"SKIP","floor":4},{"not_picked":["Cold Snap","Hologram"],"picked":"Thunder Strike","floor":5},{"not_picked":["Double Energy","Barrage"],"picked":"Sunder","floor":6},{"not_picked":["Reprogram","Steam Power","White Noise"],"picked":"SKIP","floor":13},{"not_picked":["Defragment","Undo","Leap"],"picked":"SKIP","floor":14},{"not_picked":["Meteor Strike","Electrodynamics"],"picked":"Machine Learning","floor":16},{"not_picked":["Barrage+1","Darkness"],"picked":"Storm","floor":18},{"not_picked":["Rebound","Glacier"],"picked":"Double Energy","floor":22},{"not_picked":["Conserve Battery","Beam Cell"],"picked":"Turbo+1","floor":24},{"not_picked":["Streamline","Beam Cell","Redo+1"],"picked":"SKIP","floor":27},{"not_picked":["Undo+1","Conserve Battery"],"picked":"Hello World+1","floor":28},{"not_picked":["Turbo+1","Compile Driver","Glacier"],"picked":"SKIP","floor":29},{"not_picked":["Turbo+1","Compile Driver","Glacier"],"picked":"SKIP","floor":29}],"player_experience":568307,"relics_obtained":[{"floor":6,"key":"Juzu Bracelet"},{"floor":9,"key":"Orichalcum"},{"floor":14,"key":"MawBank"},{"floor":21,"key":"Necronomicon"},{"floor":24,"key":"Tiny Chest"},{"floor":26,"key":"Ice Cream"}],"event_choices":[{"damage_healed":0,"gold_gain":0,"player_choice":"Rummage","damage_taken":0,"relics_obtained":["WarpedTongs"],"max_hp_gain":0,"max_hp_loss":0,"event_name":"Accursed Blacksmith","floor":2,"gold_loss":0,"cards_obtained":["Pain"]},{"cards_removed":["Defend_B"],"damage_healed":0,"gold_gain":0,"player_choice":"Card Removal","damage_taken":0,"max_hp_gain":0,"max_hp_loss":0,"event_name":"The Cleric","floor":7,"gold_loss":50},{"cards_removed":["Defend_B"],"damage_healed":0,"gold_gain":0,"player_choice":"Forget","damage_taken":0,"max_hp_gain":0,"max_hp_loss":0,"event_name":"Living Wall","floor":8,"gold_loss":0},{"damage_healed":0,"gold_gain":0,"player_choice":"Got Potions","damage_taken":0,"max_hp_gain":0,"max_hp_loss":0,"event_name":"Lab","floor":11,"gold_loss":0},{"damage_healed":0,"gold_gain":0,"player_choice":"Trade","damage_taken":0,"relics_obtained":["CultistMask"],"max_hp_gain":0,"max_hp_loss":0,"event_name":"FaceTrader","floor":20,"gold_loss":0},{"damage_healed":0,"gold_gain":0,"player_choice":"Obtained Book","damage_taken":16,"max_hp_gain":0,"max_hp_loss":0,"event_name":"Cursed Tome","floor":21,"gold_loss":0}],"is_beta":false,"boss_relics":[{"not_picked":["Coffee Dripper","Tiny House"],"picked":"Eternal Feather"}],"items_purged_floors":[3,19],"is_endless":false,"potions_floor_spawned":[4,13,16,22,24,29],"killed_by":"Snake Plant","ascension_level":0}