{"gold_per_floor":[114,114,39,56,76,151,151,167,236,236,256,271,283,293,293,389,389,407,419,18,18,28,28],"floor_reached":23,"playtime":1996,"items_purged":["Defend_B","Strike_B"],"score":187,"play_id":"794c8d99-722e-434c-9f50-8680e22c5023","local_time":"20190811115234","is_ascension_mode":false,"campfire_choices":[{"data":"Glacier","floor":10,"key":"SMITH"},{"floor":15,"key":"REST"}],"neow_cost":"NONE","seed_source_timestamp":1012524638662303,"circlet_count":0,"master_deck":["Strike_B","Strike_B","Defend_B","Defend_B","Defend_B","Zap","Dualcast","Hologram+1","Glacier+1","Blizzard","Hello World","Barrage","Sunder","Undo","Barrage","Echo Form","Auto Shields","Turbo+1","Sunder+1"],"relics":["Cracked Core","Sundial","Runic Dome","Ancient Tea Set","Dream Catcher"],"potions_floor_usage":[],"damage_taken":[{"damage":5,"enemies":"2 Louse","floor":1,"turns":3},{"damage":1,"enemies":"Jaw Worm","floor":4,"turns":4},{"damage":0,"enemies":"Small Slimes","floor":5,"turns":3},{"damage":3,"enemies":"Red Slaver","floor":8,"turns":3},{"damage":0,"enemies":"Large Slime","floor":11,"turns":6},{"damage":5,"enemies":"Looter","floor":12,"turns":3},{"damage":8,"enemies":"Lots of Slimes","floor":13,"turns":4},{"damage":0,"enemies":"3 Louse","floor":14,"turns":3},{"damage":21,"enemies":"The Guardian","floor":16,"turns":14},{"damage":14,"enemies":"3 Byrds","floor":18,"turns":5},{"damage":6,"enemies":"Spheric Guardian","floor":19,"turns":5},{"damage":25,"enemies":"Shelled Parasite and Fungi","floor":22,"turns":5},{"damage":47,"enemies":"Gremlin Leader","floor":23,"turns":7}],"seed_played":"6747278815234330880","potions_obtained":[{"floor":5,"key":"Fire Potion"},{"floor":12,"key":"LiquidBronze"},{"floor":13,"key":"FearPotion"}],"is_trial":false,"path_per_floor":["M","?","$","M","M","?","?","M","T","R","M","M","M","M","R","B",null,"M","M","$","?","M","E"],"character_chosen":"DEFECT","items_purchased":["Ancient Tea Set","Dream Catcher"],"campfire_rested":1,"item_purchase_floors":[20,20],"current_hp_per_floor":[77,77,77,76,76,65,65,62,62,62,62,57,49,49,73,52,82,68,62,62,62,37,0],"gold":28,"neow_bonus":"TEN_PERCENT_HP_BONUS","is_prod":false,"is_daily":false,"chose_seed":false,"campfire_upgraded":1,"win_rate":0,"timestamp":1565542354,"path_taken":["M","?","$","M","M","?","?","?","T","R","M","M","M","M","R","BOSS","M","M","$","?","M","E"],"build_version":"2019-07-17","purchased_purges":2,"victory":false,"max_hp_per_floor":[82,82,82,82,82,82,82,82,82,82,82,82,82,82,82,82,82,82,82,82,82,82,82],"card_choices":[{"not_picked":["Beam Cell","Rebound"],"picked":"Hologram","floor":1},{"not_picked":["Sweeping Beam","Double Energy"],"picked":"Glacier","floor":4},{"not_picked":["Leap","Aggregate"],"picked":"Blizzard","floor":5},{"not_picked":["Conserve Battery","Fission"],"picked":"Hello World","floor":8},{"not_picked":["Reprogram","Compile Driver"],"picked":"Barrage","floor":11},{"not_picked":["Conserve Battery","Redo"],"picked":"Sunder","floor":12},{"not_picked":["Sweeping Beam","Melter"],"picked":"Undo","floor":13},{"not_picked":["Storm","Blizzard"],"picked":"Barrage","floor":14},{"not_picked":["Seek","Fission"],"picked":"Echo Form","floor":16},{"not_picked":["Stack","Reprogram"],"picked":"Auto Shields","floor":18},{"not_picked":["Hello World","White Noise"],"picked":"Turbo+1","floor":19},{"not_picked":["Skim","Hello World"],"picked":"Sunder+1","floor":22}],"player_experience":119525,"relics_obtained":[{"floor":9,"key":"Sundial"}],"event_choices":[{"damage_healed":0,"gold_gain":0,"player_choice":"Grow","damage_taken":0,"max_hp_gain":0,"max_hp_loss":0,"event_name":"Living Wall","floor":2,"gold_loss":0,"cards_upgraded":["Hologram"]},{"damage_healed":0,"gold_gain":75,"player_choice":"Gather Gold","damage_taken":11,"max_hp_gain":0,"max_hp_loss":0,"event_name":"World of Goop","floor":6,"gold_loss":0},{"cards_removed":["Strike_B"],"damage_healed":0,"gold_gain":0,"player_choice":"Offered Basic","damage_taken":0,"max_hp_gain":0,"max_hp_loss":0,"event_name":"Bonfire Elementals","floor":7,"gold_loss":0},{"damage_healed":0,"gold_gain":0,"player_choice":"Ignored","damage_taken":0,"max_hp_gain":0,"max_hp_loss":0,"event_name":"Vampires","floor":21,"gold_loss":0}],"is_beta":false,"boss_relics":[{"not_picked":["Tiny House","Fusion Hammer"],"picked":"Runic Dome"}],"items_purged_floors":[3,20],"is_endless":false,"potions_floor_spawned":[5,12,13,19,22],"killed_by":"Gremlin Leader","ascension_level":0}