{"gold_per_floor":[116,131,141,151,168,168,199,219,219,219,245,258,273,273,273,377,377,396,414,1,11,111,145,145,161,185,197,97,12,12,12,12,117,117,136,236,250,250,261,261,280,280,280,280,280,298,312,327,327,327,327,327,46,75,75],"floor_reached":55,"playtime":6745,"items_purged":["Strike_G","Strike_G","Parasite"],"score":730,"play_id":"12b63977-465a-4c65-b7ca-43ceb1eb41cc","local_time":"20190202211422","is_ascension_mode":false,"campfire_choices":[{"data":"Dagger Spray","floor":6,"key":"SMITH"},{"data":"Skewer","floor":10,"key":"SMITH"},{"floor":15,"key":"REST"},{"data":"Footwork","floor":24,"key":"SMITH"},{"data":"Malaise","floor":30,"key":"SMITH"},{"data":"Neutralize","floor":32,"key":"SMITH"},{"data":"Reflex","floor":40,"key":"SMITH"},{"floor":42,"key":"RECALL"},{"floor":49,"key":"REST"},{"data":"Malaise","floor":52,"key":"SMITH"}],"neow_cost":"TEN_PERCENT_HP_LOSS","seed_source_timestamp":12157088478046,"circlet_count":0,"master_deck":["Defend_G","Defend_G","Defend_G","Defend_G","Strike_G","Strike_G","Survivor","Neutralize+1","Adrenaline","Terror","Skewer+1","Well Laid Plans","Sucker Punch","Dagger Spray+1","Leg Sweep","Footwork+1","Backflip","Quick Slash","Malaise+1","Apotheosis","Expertise","Die Die Die+1","Malaise+1","Reflex+1","Madness","Madness","Footwork+1","Dodge and Roll","Deflect+1"],"relics":["Ring of the Snake","Bag of Marbles","Ornamental Fan","Tough Bandages","Busted Crown","PreservedInsect","Molten Egg 2","Oddly Smooth Stone","HoveringKite","Torii","Letter Opener","Bronze Scales","Happy Flower"],"potions_floor_usage":[5,7,16,16,19,25,25,33,39,50,50,55],"damage_taken":[{"damage":1,"enemies":"Cultist","floor":1,"turns":4},{"damage":3,"enemies":"Jaw Worm","floor":2,"turns":3},{"damage":1,"enemies":"Small Slimes","floor":3,"turns":4},{"damage":2,"enemies":"Looter","floor":4,"turns":3},{"damage":1,"enemies":"Blue Slaver","floor":5,"turns":3},{"damage":18,"enemies":"Lagavulin","floor":7,"turns":4},{"damage":0,"enemies":"Lots of Slimes","floor":8,"turns":1},{"damage":30,"enemies":"Gremlin Nob","floor":11,"turns":4},{"damage":0,"enemies":"Large Slime","floor":12,"turns":2},{"damage":0,"enemies":"3 Louse","floor":13,"turns":4},{"damage":0,"enemies":"Slime Boss","floor":16,"turns":6},{"damage":9,"enemies":"Spheric Guardian","floor":18,"turns":7},{"damage":0,"enemies":"Shell Parasite","floor":19,"turns":7},{"damage":19,"enemies":"Cultist and Chosen","floor":21,"turns":5},{"damage":0,"enemies":"Gremlin Leader","floor":23,"turns":2},{"damage":12,"enemies":"Centurion and Healer","floor":25,"turns":5},{"damage":4,"enemies":"3 Cultists","floor":27,"turns":5},{"damage":24,"enemies":"Automaton","floor":33,"turns":11},{"damage":0,"enemies":"Orb Walker","floor":35,"turns":3},{"damage":0,"enemies":"Mind Bloom Boss Battle","floor":36,"turns":7},{"damage":1,"enemies":"3 Darklings","floor":37,"turns":4},{"damage":1,"enemies":"Spire Growth","floor":39,"turns":5},{"damage":12,"enemies":"4 Shapes","floor":41,"turns":2},{"damage":0,"enemies":"Writhing Mass","floor":46,"turns":6},{"damage":0,"enemies":"Spire Growth","floor":47,"turns":6},{"damage":0,"enemies":"4 Shapes","floor":48,"turns":1},{"damage":2,"enemies":"Awakened One","floor":50,"turns":26},{"damage":23,"enemies":"Shield and Spear","floor":54,"turns":9},{"damage":44,"enemies":"The Heart","floor":55,"turns":14}],"seed_played":"-5985561169127030703","potions_obtained":[{"floor":1,"key":"Poison Potion"},{"floor":2,"key":"GhostInAJar"},{"floor":8,"key":"FearPotion"},{"floor":12,"key":"SpeedPotion"},{"floor":13,"key":"Fire Potion"},{"floor":16,"key":"Regen Potion"},{"floor":18,"key":"Regen Potion"},{"floor":19,"key":"Regen Potion"},{"floor":27,"key":"Explosive Potion"},{"floor":33,"key":"GhostInAJar"},{"floor":37,"key":"FearPotion"},{"floor":39,"key":"Block Potion"},{"floor":41,"key":"SteroidPotion"}],"is_trial":false,"path_per_floor":["M","M","M","M","M","R","E","M","T","R","E","M","M","?","R","B",null,"M","M","$","M","?","E","R","M","T","M","$","?","R","$","R","B",null,"M","?","M","?","M","R","M","R","T","?","?","M","M","M","R","B",null,"R","$","E","B"],"character_chosen":"THE_SILENT","items_purchased":["Apotheosis","PreservedInsect","Bronze Scales"],"campfire_rested":2,"item_purchase_floors":[20,20,53],"current_hp_per_floor":[62,59,58,56,55,55,37,37,37,37,7,7,7,7,25,25,63,54,63,63,44,44,44,44,63,63,59,59,59,59,59,59,35,63,63,63,62,62,61,61,49,49,49,41,41,41,41,41,59,57,63,63,60,37,0],"gold":75,"neow_bonus":"THREE_RARE_CARDS","is_prod":false,"is_daily":false,"chose_seed":false,"campfire_upgraded":7,"win_rate":0,"timestamp":1549138462,"path_taken":["M","M","M","M","?","R","E","?","T","R","E","M","M","?","R","BOSS","M","M","$","M","?","E","R","M","T","?","$","?","R","$","R","BOSS","M","?","M","?","M","R","?","R","T","?","?","?","M","M","R","BOSS","R","$","E","BOSS"],"build_version":"2019-01-23","purchased_purges":3,"victory":false,"max_hp_per_floor":[63,63,63,63,63,63,63,63,63,63,63,63,63,63,63,63,63,63,63,63,63,63,63,63,63,63,63,63,63,63,63,63,63,63,63,63,63,63,63,63,63,63,63,63,63,63,63,63,63,63,63,63,60,60,60],"card_choices":[{"not_picked":["Bullet Time","Grand Finale"],"picked":"Adrenaline","floor":0},{"not_picked":["Dagger Throw","PiercingWail"],"picked":"Terror","floor":1},{"not_picked":["Finisher","Cloak And Dagger"],"picked":"Skewer","floor":2},{"not_picked":["Backflip","Bane"],"picked":"Well Laid Plans","floor":3},{"not_picked":["Bullet Time","Underhanded Strike"],"picked":"Sucker Punch","floor":4},{"not_picked":["Bane","Cloak And Dagger"],"picked":"Dagger Spray","floor":5},{"not_picked":["Dagger Throw","Eviscerate"],"picked":"Leg Sweep","floor":7},{"not_picked":["Crippling Poison","Terror","Dodge and Roll"],"picked":"SKIP","floor":8},{"not_picked":["Distraction","Bouncing Flask"],"picked":"Footwork","floor":11},{"not_picked":["Outmaneuver","Quick Slash"],"picked":"Backflip","floor":12},{"not_picked":["Heel Hook","Expertise"],"picked":"Quick Slash","floor":13},{"not_picked":["Grand Finale","Glass Knife"],"picked":"Malaise","floor":16},{"not_picked":["Prepared"],"picked":"SKIP","floor":18},{"not_picked":["Cloak And Dagger"],"picked":"SKIP","floor":19},{"not_picked":[],"picked":"Expertise","floor":21},{"not_picked":["Terror"],"picked":"SKIP","floor":23},{"not_picked":["Sucker Punch+1"],"picked":"SKIP","floor":25},{"not_picked":["Underhanded Strike+1"],"picked":"SKIP","floor":27},{"not_picked":[],"picked":"Die Die Die+1","floor":33},{"not_picked":["Quick Slash+1"],"picked":"SKIP","floor":35},{"not_picked":["Deadly Poison+1"],"picked":"SKIP","floor":37},{"not_picked":[],"picked":"Reflex","floor":39},{"not_picked":["Setup+1"],"picked":"SKIP","floor":41},{"not_picked":["Dagger Spray+1"],"picked":"SKIP","floor":46},{"not_picked":["Poisoned Stab+1"],"picked":"SKIP","floor":47},{"not_picked":[],"picked":"Dodge and Roll","floor":48},{"not_picked":[],"picked":"Deflect+1","floor":54}],"player_experience":689078,"relics_obtained":[{"floor":7,"key":"Bag of Marbles"},{"floor":9,"key":"Ornamental Fan"},{"floor":11,"key":"Tough Bandages"},{"floor":23,"key":"Molten Egg 2"},{"floor":36,"key":"Torii"},{"floor":43,"key":"Letter Opener"},{"floor":54,"key":"Happy Flower"}],"event_choices":[{"cards_removed":["Strike_G"],"damage_healed":0,"gold_gain":0,"player_choice":"Forget","damage_taken":0,"max_hp_gain":0,"max_hp_loss":0,"event_name":"Living Wall","floor":14,"gold_loss":0},{"damage_healed":0,"gold_gain":100,"player_choice":"Pray","damage_taken":0,"max_hp_gain":0,"max_hp_loss":0,"event_name":"Golden Shrine","floor":22,"gold_loss":0},{"damage_healed":0,"gold_gain":0,"player_choice":"Obtained Relic","damage_taken":0,"relics_obtained":["Oddly Smooth Stone"],"max_hp_gain":0,"max_hp_loss":0,"event_name":"Addict","floor":29,"gold_loss":85},{"damage_healed":0,"gold_gain":0,"player_choice":"Fight","damage_taken":0,"max_hp_gain":0,"max_hp_loss":0,"event_name":"MindBloom","floor":36,"gold_loss":0},{"damage_healed":0,"gold_gain":0,"cards_transformed":["Defend_G"],"player_choice":"Transformed","damage_taken":0,"max_hp_gain":0,"max_hp_loss":0,"event_name":"Transmorgrifier","floor":38,"gold_loss":0,"cards_obtained":["Malaise"]},{"damage_healed":0,"gold_gain":0,"player_choice":"Embrace Madness","damage_taken":8,"max_hp_gain":0,"max_hp_loss":0,"event_name":"Winding Halls","floor":44,"gold_loss":0,"cards_obtained":["Madness","Madness"]},{"damage_healed":0,"gold_gain":0,"player_choice":"Copied","damage_taken":0,"max_hp_gain":0,"max_hp_loss":0,"event_name":"Duplicator","floor":45,"gold_loss":0,"cards_obtained":["Footwork"]}],"is_beta":false,"boss_relics":[{"not_picked":["Calling Bell","WristBlade"],"picked":"Busted Crown"},{"not_picked":["Fusion Hammer","Empty Cage"],"picked":"HoveringKite"}],"items_purged_floors":[20,28,53],"is_endless":false,"potions_floor_spawned":[1,2,8,12,13,16,18,19,27,33,37,39,41,48],"killed_by":"The Heart","ascension_level":0}