{"gold_per_floor":[116,134,154,154,229,257,257,62,62,12,28,47,47,62,62,62],"floor_reached":16,"playtime":867,"items_purged":[],"score":102,"play_id":"9cb220f6-9d83-4681-bc85-11502af88a69","local_time":"20190122232144","is_ascension_mode":false,"campfire_choices":[{"data":"Pommel Strike","floor":7,"key":"SMITH"},{"data":"Thunderclap","floor":15,"key":"SMITH"}],"neow_cost":"NONE","seed_source_timestamp":34042136040811,"circlet_count":0,"master_deck":["Strike_R","Strike_R+1","Strike_R","Defend_R","Defend_R","Defend_R+1","Defend_R","Bash","Pommel Strike+1","Reaper","Thunderclap+1"],"relics":["Burning Blood","NeowsBlessing","Letter Opener","Chemical X","Matryoshka"],"potions_floor_usage":[6,6],"damage_taken":[{"damage":0,"enemies":"Jaw Worm","floor":1,"turns":1},{"damage":0,"enemies":"2 Louse","floor":2,"turns":1},{"damage":0,"enemies":"Small Slimes","floor":3,"turns":1},{"damage":22,"enemies":"3 Sentries","floor":6,"turns":10},{"damage":6,"enemies":"Blue Slaver","floor":11,"turns":3},{"damage":10,"enemies":"Looter","floor":12,"turns":3},{"damage":8,"enemies":"Red Slaver","floor":14,"turns":4},{"damage":51,"enemies":"Slime Boss","floor":16,"turns":8}],"seed_played":"-6745485151292611978","potions_obtained":[{"floor":2,"key":"Dexterity Potion"},{"floor":3,"key":"BloodPotion"}],"is_trial":false,"path_per_floor":["M","M","M","?","?","E","R","$","T","?","M","M","?","M","R","B"],"character_chosen":"IRONCLAD","items_purchased":["Chemical X"],"campfire_rested":0,"item_purchase_floors":[8],"current_hp_per_floor":[80,80,80,64,53,45,45,45,45,45,45,41,41,43,43,0],"gold":62,"neow_bonus":"THREE_ENEMY_KILL","is_prod":false,"is_daily":false,"chose_seed":false,"campfire_upgraded":2,"win_rate":0,"timestamp":1548195704,"path_taken":["M","M","M","?","?","E","R","?","T","?","M","?","?","M","R","BOSS"],"build_version":"2019-01-17v2","purchased_purges":0,"victory":false,"max_hp_per_floor":[80,80,80,80,80,80,80,80,80,80,80,80,80,80,80,80],"card_choices":[{"not_picked":["Perfected Strike","Blood for Blood","Sword Boomerang"],"picked":"SKIP","floor":1},{"not_picked":["Perfected Strike","Inflame"],"picked":"Pommel Strike","floor":2},{"not_picked":["Cleave","True Grit","Pommel Strike"],"picked":"SKIP","floor":3},{"not_picked":["Armaments","Havoc"],"picked":"Reaper","floor":6},{"not_picked":["Armaments","Power Through","Headbutt"],"picked":"SKIP","floor":11},{"not_picked":["Wild Strike","Reckless Charge","Clothesline"],"picked":"SKIP","floor":12},{"not_picked":["Perfected Strike","Limit Break"],"picked":"Thunderclap","floor":14}],"player_experience":581121,"relics_obtained":[{"floor":6,"key":"Letter Opener"},{"floor":9,"key":"Matryoshka"}],"event_choices":[{"damage_healed":0,"gold_gain":0,"player_choice":"Entered Light","damage_taken":16,"max_hp_gain":0,"max_hp_loss":0,"event_name":"Shining Light","floor":4,"gold_loss":0,"cards_upgraded":["Strike_R","Defend_R"]},{"damage_healed":0,"gold_gain":75,"player_choice":"Gather Gold","damage_taken":11,"max_hp_gain":0,"max_hp_loss":0,"event_name":"World of Goop","floor":5,"gold_loss":0},{"cards_removed":["Strike_R"],"damage_healed":0,"gold_gain":0,"player_choice":"Card Removal","damage_taken":0,"max_hp_gain":0,"max_hp_loss":0,"event_name":"The Cleric","floor":10,"gold_loss":50},{"cards_removed":["Strike_R"],"damage_healed":0,"gold_gain":0,"player_choice":"Offered Basic","damage_taken":0,"max_hp_gain":0,"max_hp_loss":0,"event_name":"Bonfire Elementals","floor":13,"gold_loss":0}],"is_beta":false,"boss_relics":[],"items_purged_floors":[],"is_endless":false,"potions_floor_spawned":[2,3],"killed_by":"Slime Boss","ascension_level":0}