{"gold_per_floor":[20,38,57,75,91,118,118,88,169,199,199,229,249,259,259,364,364,384,384,78,109,109,129,129,143,143,168,168,183,199,199,199,297,297,312,329,329,344,360,360,386,486,533,64,64,14,14,33,33,33,33,33,33,61,61],"floor_reached":55,"playtime":6282,"items_purged":["Strike_B","Injury","Parasite"],"score":764,"play_id":"9a28f637-fe4d-4843-ad21-29abee0a55ae","local_time":"20190909002006","is_ascension_mode":false,"campfire_choices":[{"data":"Zap","floor":7,"key":"SMITH"},{"data":"Dualcast","floor":11,"key":"SMITH"},{"floor":15,"key":"RECALL"},{"data":"Self Repair","floor":24,"key":"SMITH"},{"data":"Static Discharge","floor":28,"key":"SMITH"},{"data":"Go for the Eyes","floor":32,"key":"SMITH"},{"data":"Heatsinks","floor":40,"key":"SMITH"},{"data":"1","floor":49,"key":"LIFT"},{"data":"2","floor":52,"key":"LIFT"}],"neow_cost":"NO_GOLD","seed_source_timestamp":7874269526905,"circlet_count":0,"master_deck":["Strike_B","Defend_B","Defend_B","Defend_B","Defend_B","Zap+1","Dualcast+1","Sweeping Beam","Skim","Self Repair+1","Chill","All For One","Go for the Eyes+1","Amplify+1","Heatsinks","Static Discharge+1","Heatsinks+1","Redo+1","Chaos+1","Redo+1","Multi-Cast+1","Self Repair+1","Redo+1","Electrodynamics","Static Discharge","Apotheosis+1","Madness+1","Madness+1","Gash+1","Coolheaded+1"],"relics":["Cracked Core","Incense Burner","Toxic Egg 2","Bird Faced Urn","Orichalcum","Cursed Key","Potion Belt","Red Mask","Mercury Hourglass","Smiling Mask","Coffee Dripper","Bronze Scales","Girya","Ancient Tea Set","Mummified Hand","Sundial"],"potions_floor_usage":[6,10,10,16,16,27,27,30,38,38,48,50],"damage_taken":[{"damage":0,"enemies":"2 Louse","floor":1,"turns":2},{"damage":0,"enemies":"Cultist","floor":2,"turns":3},{"damage":1,"enemies":"Jaw Worm","floor":3,"turns":4},{"damage":10,"enemies":"Looter","floor":4,"turns":3},{"damage":11,"enemies":"Large Slime","floor":5,"turns":5},{"damage":16,"enemies":"Gremlin Nob","floor":6,"turns":4},{"damage":13,"enemies":"3 Sentries","floor":10,"turns":5},{"damage":26,"enemies":"Gremlin Nob","floor":12,"turns":4},{"damage":0,"enemies":"2 Fungi Beasts","floor":13,"turns":3},{"damage":4,"enemies":"Gremlin Gang","floor":14,"turns":3},{"damage":18,"enemies":"Slime Boss","floor":16,"turns":7},{"damage":15,"enemies":"2 Thieves","floor":18,"turns":4},{"damage":38,"enemies":"Masked Bandits","floor":21,"turns":5},{"damage":7,"enemies":"Spheric Guardian","floor":23,"turns":4},{"damage":0,"enemies":"Chosen and Byrds","floor":25,"turns":6},{"damage":16,"enemies":"Book of Stabbing","floor":27,"turns":4},{"damage":8,"enemies":"Centurion and Healer","floor":29,"turns":6},{"damage":11,"enemies":"Shelled Parasite and Fungi","floor":30,"turns":4},{"damage":48,"enemies":"Champ","floor":33,"turns":9},{"damage":20,"enemies":"3 Darklings","floor":35,"turns":5},{"damage":3,"enemies":"Orb Walker","floor":36,"turns":3},{"damage":7,"enemies":"Spire Growth","floor":38,"turns":3},{"damage":19,"enemies":"Sphere and 2 Shapes","floor":39,"turns":7},{"damage":40,"enemies":"Nemesis","floor":41,"turns":5},{"damage":13,"enemies":"Mind Bloom Boss Battle","floor":42,"turns":5},{"damage":0,"enemies":"4 Shapes","floor":48,"turns":4},{"damage":88,"enemies":"Time Eater","floor":50,"turns":8},{"damage":0,"enemies":"Shield and Spear","floor":54,"turns":2},{"damage":83,"enemies":"The Heart","floor":55,"turns":6}],"seed_played":"4302649945255010449","potions_obtained":[{"floor":3,"key":"Poison Potion"},{"floor":6,"key":"SteroidPotion"},{"floor":8,"key":"Regen Potion"},{"floor":8,"key":"Ancient Potion"},{"floor":12,"key":"FocusPotion"},{"floor":14,"key":"Poison Potion"},{"floor":18,"key":"Energy Potion"},{"floor":21,"key":"FocusPotion"},{"floor":23,"key":"Strength Potion"},{"floor":33,"key":"Poison Potion"},{"floor":36,"key":"Strength Potion"},{"floor":48,"key":"Block Potion"}],"is_trial":false,"path_per_floor":["M","M","M","M","M","E","R","?","T","E","R","E","M","M","R","B",null,"M","?","$","?","?","M","R","M","T","E","R","M","M","?","R","B",null,"M","M","?","M","M","R","E","?","T","$","?","$","?","M","R","B",null,"R","$","E","B"],"character_chosen":"DEFECT","items_purchased":["Static Discharge","Potion Belt","Mummified Hand","Apotheosis+1"],"campfire_rested":0,"item_purchase_floors":[20,20,44,44],"current_hp_per_floor":[75,75,74,71,67,58,58,58,58,66,66,49,58,63,63,54,75,60,60,60,44,44,52,52,70,70,70,70,75,75,75,75,55,75,67,75,75,75,75,75,75,75,75,75,66,66,66,72,72,22,72,72,72,72,0],"gold":61,"neow_bonus":"ONE_RARE_RELIC","is_prod":false,"is_daily":false,"chose_seed":false,"campfire_upgraded":6,"win_rate":0,"timestamp":1567981206,"path_taken":["M","M","M","M","M","E","R","?","T","E","R","E","M","M","R","BOSS","M","?","$","?","?","M","R","M","T","E","R","M","M","?","R","BOSS","M","M","?","M","?","R","E","?","T","$","?","$","?","M","R","BOSS","R","$","E","BOSS"],"build_version":"2019-07-17","purchased_purges":3,"victory":false,"max_hp_per_floor":[75,75,75,75,75,75,75,75,75,75,75,75,75,75,75,75,75,75,75,75,75,75,75,75,75,75,75,75,75,75,75,75,75,75,75,75,75,75,75,75,75,75,75,75,75,72,72,72,72,72,72,72,72,72,72],"card_choices":[{"not_picked":["Streamline","Loop"],"picked":"Sweeping Beam","floor":1},{"not_picked":["Steam Power","Redo"],"picked":"Skim","floor":2},{"not_picked":["Coolheaded","Sweeping Beam"],"picked":"Self Repair","floor":3},{"not_picked":["Reprogram","Turbo"],"picked":"Chill","floor":4},{"not_picked":["Defragment","Buffer","Conserve Battery"],"picked":"SKIP","floor":5},{"not_picked":["Cold Snap","Steam","Sweeping Beam"],"picked":"SKIP","floor":6},{"not_picked":["Barrage","Go for the Eyes"],"picked":"All For One","floor":10},{"not_picked":["Self Repair","Double Energy+1"],"picked":"Go for the Eyes","floor":12},{"not_picked":["Stack+1","Ball Lightning","Hologram+1"],"picked":"SKIP","floor":13},{"not_picked":["Rip and Tear","Conserve Battery+1","Doom and Gloom"],"picked":"SKIP","floor":14},{"not_picked":["Hyperbeam","Thunder Strike"],"picked":"Amplify+1","floor":16},{"not_picked":["Compile Driver","Melter"],"picked":"Heatsinks","floor":18},{"not_picked":["Cold Snap","Sweeping Beam"],"picked":"Heatsinks","floor":21},{"not_picked":["Sweeping Beam","Compile Driver","Hologram+1"],"picked":"SKIP","floor":23},{"not_picked":["Auto Shields+1","White Noise+1"],"picked":"Chaos+1","floor":25},{"not_picked":["Darkness+1","Compile Driver","Leap+1"],"picked":"SKIP","floor":27},{"not_picked":["Ball Lightning","Lockon+1"],"picked":"Redo+1","floor":29},{"not_picked":["Barrage","Coolheaded+1","Hyperbeam"],"picked":"SKIP","floor":30},{"not_picked":["Rainbow+1","Core Surge"],"picked":"Multi-Cast+1","floor":33},{"not_picked":["Steam+1","Stack+1","Streamline"],"picked":"SKIP","floor":35},{"not_picked":["Coolheaded+1","Chill+1","Steam+1"],"picked":"SKIP","floor":36},{"not_picked":["Aggregate+1","Ball Lightning+1"],"picked":"Self Repair+1","floor":38},{"not_picked":["Melter","Cold Snap+1"],"picked":"Redo+1","floor":39},{"not_picked":["Rip and Tear+1","Leap+1"],"picked":"Electrodynamics","floor":41},{"not_picked":["Scrape","Compile Driver+1"],"picked":"Static Discharge","floor":42},{"not_picked":["Cold Snap+1","Biased Cognition"],"picked":"Gash+1","floor":48},{"not_picked":["Genetic Algorithm+1","Steam+1"],"picked":"Coolheaded+1","floor":54}],"player_experience":851242,"relics_obtained":[{"floor":6,"key":"Toxic Egg 2"},{"floor":10,"key":"Bird Faced Urn"},{"floor":12,"key":"Orichalcum"},{"floor":21,"key":"Red Mask"},{"floor":26,"key":"Mercury Hourglass"},{"floor":27,"key":"Smiling Mask"},{"floor":41,"key":"Bronze Scales"},{"floor":42,"key":"Girya"},{"floor":43,"key":"Ancient Tea Set"},{"floor":54,"key":"Sundial"}],"event_choices":[{"damage_healed":0,"gold_gain":0,"player_choice":"Bought 2 Potions","damage_taken":0,"max_hp_gain":0,"max_hp_loss":0,"event_name":"The Woman in Blue","floor":8,"gold_loss":0},{"cards_removed":["Strike_B"],"damage_healed":0,"gold_gain":0,"player_choice":"Elegance","damage_taken":0,"max_hp_gain":0,"max_hp_loss":0,"event_name":"Back to Basics","floor":19,"gold_loss":0},{"damage_healed":0,"gold_gain":0,"player_choice":"Fought Bandits","damage_taken":0,"max_hp_gain":0,"max_hp_loss":0,"event_name":"Masked Bandits","floor":21,"gold_loss":0},{"damage_healed":0,"gold_gain":0,"player_choice":"Read","damage_taken":0,"max_hp_gain":0,"max_hp_loss":0,"event_name":"The Library","floor":22,"gold_loss":0,"cards_obtained":["Redo"]},{"damage_healed":0,"gold_gain":0,"player_choice":"Ignored","damage_taken":0,"max_hp_gain":0,"max_hp_loss":0,"event_name":"Ghosts","floor":31,"gold_loss":0},{"damage_healed":0,"gold_gain":0,"player_choice":"Ignored","damage_taken":0,"max_hp_gain":0,"max_hp_loss":0,"event_name":"NoteForYourself","floor":37,"gold_loss":0},{"damage_healed":0,"gold_gain":0,"player_choice":"Fight","damage_taken":0,"max_hp_gain":0,"max_hp_loss":0,"event_name":"MindBloom","floor":42,"gold_loss":0},{"damage_healed":0,"gold_gain":0,"player_choice":"Embrace Madness","damage_taken":9,"max_hp_gain":0,"max_hp_loss":0,"event_name":"Winding Halls","floor":45,"gold_loss":0,"cards_obtained":["Madness","Madness"]},{"cards_removed":["Strike_B"],"damage_healed":0,"gold_gain":0,"player_choice":"Removed Attack","damage_taken":0,"max_hp_gain":0,"max_hp_loss":0,"event_name":"Falling","floor":47,"gold_loss":0}],"is_beta":false,"boss_relics":[{"not_picked":["Busted Crown","White Beast Statue"],"picked":"Cursed Key"},{"not_picked":["Runic Pyramid","Orrery"],"picked":"Coffee Dripper"}],"items_purged_floors":[20,44,46],"is_endless":false,"potions_floor_spawned":[3,6,12,14,18,21,23,33,36,48],"killed_by":"The Heart","ascension_level":0}