{"gold_per_floor":[15,28,44,61,76,108,35,35,35,35,35,53,53,68,68,173,173,185,185,202,149,168,168,187,187,259,270,270,294,325,325],"floor_reached":31,"playtime":3208,"items_purged":[],"score":279,"play_id":"3b3398fb-380b-462a-9ab2-76c61ac4b9c6","local_time":"20190127023337","is_ascension_mode":false,"campfire_choices":[{"data":"Noxious Fumes","floor":8,"key":"SMITH"},{"data":"Neutralize","floor":11,"key":"SMITH"},{"data":"Footwork","floor":13,"key":"SMITH"},{"data":"Survivor","floor":15,"key":"SMITH"},{"floor":25,"key":"REST"}],"neow_cost":"NO_GOLD","seed_source_timestamp":30774696707647,"circlet_count":0,"master_deck":["Defend_G","Defend_G","Defend_G","Defend_G","Strike_G","Strike_G","Survivor+1","Neutralize+1","Noxious Fumes+1","Backflip","Dash","Flying Knee","Skewer","Footwork+1","Grand Finale","Caltrops+1","Dagger Spray","Sucker Punch","Backflip","Dagger Throw","Catalyst"],"relics":["Ring of the Snake","Dream Catcher","Matryoshka","Empty Cage","Frozen Egg 2","Snake Skull","Ancient Tea Set","Centennial Puzzle"],"potions_floor_usage":[14,20,23,30,31],"damage_taken":[{"damage":0,"enemies":"Jaw Worm","floor":1,"turns":5},{"damage":0,"enemies":"Cultist","floor":2,"turns":4},{"damage":0,"enemies":"Small Slimes","floor":3,"turns":3},{"damage":4,"enemies":"Gremlin Gang","floor":4,"turns":6},{"damage":2,"enemies":"Looter","floor":5,"turns":4},{"damage":10,"enemies":"3 Sentries","floor":6,"turns":9},{"damage":0,"enemies":"Red Slaver","floor":12,"turns":4},{"damage":0,"enemies":"Exordium Thugs","floor":14,"turns":6},{"damage":11,"enemies":"Hexaghost","floor":16,"turns":10},{"damage":9,"enemies":"Chosen","floor":18,"turns":6},{"damage":19,"enemies":"2 Thieves","floor":20,"turns":5},{"damage":10,"enemies":"Centurion and Healer","floor":22,"turns":9},{"damage":0,"enemies":"Book of Stabbing","floor":23,"turns":3},{"damage":3,"enemies":"Shelled Parasite and Fungi","floor":24,"turns":9},{"damage":7,"enemies":"Snake Plant","floor":27,"turns":5},{"damage":32,"enemies":"Slavers","floor":30,"turns":5},{"damage":22,"enemies":"3 Cultists","floor":31,"turns":4}],"seed_played":"-3907408617153892787","potions_obtained":[{"floor":3,"key":"GhostInAJar"},{"floor":6,"key":"SteroidPotion"},{"floor":10,"key":"FairyPotion"},{"floor":10,"key":"SmokeBomb"},{"floor":14,"key":"Dexterity Potion"},{"floor":22,"key":"Swift Potion"},{"floor":27,"key":"SkillPotion"},{"floor":30,"key":"Poison Potion"}],"is_trial":false,"path_per_floor":["M","M","M","M","M","E","$","R","T","?","R","M","R","M","R","B",null,"M","$","M","$","M","E","M","R","T","M","?","T","E","M"],"character_chosen":"THE_SILENT","items_purchased":["Skewer","Sucker Punch"],"campfire_rested":1,"item_purchase_floors":[7,21],"current_hp_per_floor":[70,70,70,66,64,54,54,54,54,54,54,54,54,54,54,43,70,61,61,42,42,32,32,29,50,50,43,43,43,11,0],"gold":325,"neow_bonus":"REMOVE_TWO","is_prod":false,"is_daily":false,"chose_seed":false,"campfire_upgraded":4,"win_rate":0,"timestamp":1548552817,"path_taken":["M","M","M","M","M","E","$","R","T","?","R","M","R","M","R","BOSS","M","$","M","$","?","E","M","R","T","?","?","?","E","?"],"build_version":"2019-01-23","purchased_purges":0,"victory":false,"max_hp_per_floor":[70,70,70,70,70,70,70,70,70,70,70,70,70,70,70,70,70,70,70,70,70,70,70,70,70,70,70,70,70,70,70],"card_choices":[{"not_picked":["Outmaneuver","Underhanded Strike"],"picked":"Noxious Fumes","floor":1},{"not_picked":["Catalyst","Poisoned Stab"],"picked":"Backflip","floor":2},{"not_picked":["Deflect","Masterful Stab"],"picked":"Dash","floor":3},{"not_picked":["Prepared","Deadly Poison","Crippling Poison"],"picked":"SKIP","floor":4},{"not_picked":["Slice","Acrobatics"],"picked":"Flying Knee","floor":5},{"not_picked":["Flying Knee","Setup","Acrobatics"],"picked":"SKIP","floor":6},{"not_picked":["Predator","Tools of the Trade"],"picked":"Footwork","floor":12},{"not_picked":["Dagger Throw","Poisoned Stab","Riddle With Holes"],"picked":"SKIP","floor":14},{"not_picked":["Night Terror","Die Die Die"],"picked":"Grand Finale","floor":16},{"not_picked":["PiercingWail","Prepared"],"picked":"Caltrops+1","floor":18},{"not_picked":["Concentrate","Blade Dance"],"picked":"Dagger Spray","floor":20},{"not_picked":["Concentrate+1","PiercingWail","Masterful Stab+1"],"picked":"SKIP","floor":22},{"not_picked":["Deadly Poison","Eviscerate"],"picked":"Backflip","floor":24},{"not_picked":["Heel Hook+1","Predator"],"picked":"Dagger Throw","floor":27},{"not_picked":["Sucker Punch","Leg Sweep"],"picked":"Catalyst","floor":30}],"player_experience":669369,"relics_obtained":[{"floor":6,"key":"Dream Catcher"},{"floor":9,"key":"Matryoshka"},{"floor":26,"key":"Frozen Egg 2"},{"floor":29,"key":"Snake Skull"},{"floor":29,"key":"Ancient Tea Set"},{"floor":30,"key":"Centennial Puzzle"}],"event_choices":[{"damage_healed":0,"gold_gain":0,"player_choice":"Got Potions","damage_taken":0,"max_hp_gain":0,"max_hp_loss":0,"event_name":"Lab","floor":10,"gold_loss":0},{"damage_healed":0,"gold_gain":0,"player_choice":"Ignored","damage_taken":0,"max_hp_gain":0,"max_hp_loss":0,"event_name":"Vampires","floor":28,"gold_loss":0}],"is_beta":false,"boss_relics":[{"not_picked":["HoveringKite","White Beast Statue"],"picked":"Empty Cage"}],"items_purged_floors":[],"is_endless":false,"potions_floor_spawned":[3,6,12,14,22,23,27,30],"killed_by":"3 Cultists","ascension_level":0}