{"gold_per_floor":[110,185,335,335,355,355,380,380,380,60,91,56,56,66,66,139,139,151,178,178,178,19,19,19,19,45,74,74,74,74,74,74,74],"floor_reached":33,"playtime":1084,"items_purged":["Strike_R","Strike_R"],"score":487,"play_id":"5392b768-69fd-4da0-b654-cbf72a0845ee","local_time":"20190907141334","is_ascension_mode":true,"campfire_choices":[{"data":"Infernal Blade","floor":6,"key":"SMITH"},{"data":"Metallicize","floor":13,"key":"SMITH"},{"data":"Iron Wave","floor":15,"key":"SMITH"},{"data":"Ghostly","floor":23,"key":"SMITH"},{"data":"Shockwave","floor":25,"key":"SMITH"},{"data":"Ghostly","floor":28,"key":"SMITH"},{"data":"Ghostly","floor":30,"key":"SMITH"},{"floor":32,"key":"REST"}],"neow_cost":"NONE","seed_source_timestamp":284039492615500,"circlet_count":0,"master_deck":["AscendersBane","Strike_R","Defend_R","Defend_R","Defend_R","Defend_R","Bash+1","Iron Wave+1","Infernal Blade+1","Spot Weakness","Metallicize+1","Rampage","Feed","Shockwave+1","Ghostly+1","Ghostly+1","Ghostly+1","Body Slam","RitualDagger"],"relics":["Burning Blood","Art of War","Kunai","Strawberry","Bird Faced Urn","Velvet Choker","Vajra","Bronze Scales"],"potions_floor_usage":[11,33,33,33],"damage_taken":[{"damage":7,"enemies":"Jaw Worm","floor":1,"turns":3},{"damage":7,"enemies":"Small Slimes","floor":5,"turns":4},{"damage":31,"enemies":"Gremlin Nob","floor":7,"turns":5},{"damage":18,"enemies":"3 Sentries","floor":11,"turns":9},{"damage":0,"enemies":"Cultist","floor":14,"turns":3},{"damage":30,"enemies":"The Guardian","floor":16,"turns":9},{"damage":36,"enemies":"3 Byrds","floor":18,"turns":6},{"damage":27,"enemies":"Gremlin Leader","floor":27,"turns":7},{"damage":51,"enemies":"Automaton","floor":33,"turns":6}],"seed_played":"1180959934817683919","potions_obtained":[{"floor":5,"key":"BloodPotion"},{"floor":16,"key":"EntropicBrew"},{"floor":18,"key":"Swift Potion"}],"is_trial":false,"path_per_floor":["M","?","?","?","M","R","E","?","T","$","E","?","R","M","R","B",null,"M","T","?","?","$","R","$","R","T","E","R","?","R","$","R","B"],"character_chosen":"IRONCLAD","items_purchased":["Strawberry","Metallicize","Body Slam"],"campfire_rested":1,"item_purchase_floors":[10,10,22],"current_hp_per_floor":[67,56,56,56,55,55,30,23,23,30,38,58,58,66,66,44,73,45,45,45,41,41,41,41,41,41,22,22,16,16,16,28,0],"gold":74,"neow_bonus":"UPGRADE_CARD","is_prod":false,"is_daily":false,"chose_seed":false,"campfire_upgraded":7,"win_rate":0,"timestamp":1567890814,"path_taken":["M","?","?","?","?","R","E","?","T","?","E","?","R","?","R","BOSS","M","?","?","?","$","R","?","R","T","E","R","?","R","?","R","BOSS"],"build_version":"2019-07-17","purchased_purges":2,"victory":false,"max_hp_per_floor":[75,75,75,75,75,75,75,75,75,82,82,82,82,82,82,82,82,82,82,82,41,41,41,41,41,41,41,41,41,41,41,41,41],"card_choices":[{"not_picked":["Flex","True Grit"],"picked":"Iron Wave","floor":1},{"not_picked":["Sentinel","Wild Strike"],"picked":"Infernal Blade","floor":5},{"not_picked":["Uppercut","Clash"],"picked":"Spot Weakness","floor":7},{"not_picked":["Reckless Charge","Spot Weakness"],"picked":"Rampage","floor":11},{"not_picked":["Flex","Burning Pact","Perfected Strike"],"picked":"SKIP","floor":14},{"not_picked":["Impervious","Brutality"],"picked":"Feed","floor":16},{"not_picked":["Anger","Iron Wave"],"picked":"Shockwave","floor":18},{"not_picked":["Hemokinesis","Shockwave","Headbutt"],"picked":"SKIP","floor":27}],"player_experience":1405616,"relics_obtained":[{"floor":7,"key":"Art of War"},{"floor":9,"key":"Kunai"},{"floor":11,"key":"Bird Faced Urn"},{"floor":26,"key":"Vajra"},{"floor":27,"key":"Bronze Scales"}],"event_choices":[{"damage_healed":0,"gold_gain":75,"player_choice":"Gather Gold","damage_taken":11,"max_hp_gain":0,"max_hp_loss":0,"event_name":"World of Goop","floor":2,"gold_loss":0},{"damage_healed":0,"gold_gain":150,"player_choice":"AGREE","damage_taken":0,"max_hp_gain":0,"max_hp_loss":0,"event_name":"Liars Game","floor":3,"gold_loss":0,"cards_obtained":["Doubt"]},{"cards_removed":["Doubt"],"damage_healed":0,"gold_gain":0,"player_choice":"Forget","damage_taken":0,"max_hp_gain":0,"max_hp_loss":0,"event_name":"Living Wall","floor":4,"gold_loss":0},{"cards_removed":["Strike_R"],"damage_healed":0,"gold_gain":0,"player_choice":"Card Removal","damage_taken":7,"max_hp_gain":0,"max_hp_loss":0,"event_name":"Golden Wing","floor":8,"gold_loss":0},{"damage_healed":20,"gold_gain":0,"player_choice":"Healed","damage_taken":0,"max_hp_gain":0,"max_hp_loss":0,"event_name":"The Cleric","floor":12,"gold_loss":35},{"cards_removed":["Strike_R"],"damage_healed":0,"gold_gain":0,"player_choice":"Elegance","damage_taken":0,"max_hp_gain":0,"max_hp_loss":0,"event_name":"Back to Basics","floor":20,"gold_loss":0},{"damage_healed":0,"gold_gain":0,"player_choice":"Became a Ghost","damage_taken":0,"max_hp_gain":0,"max_hp_loss":41,"event_name":"Ghosts","floor":21,"gold_loss":0,"cards_obtained":["Ghostly","Ghostly","Ghostly"]},{"damage_healed":0,"gold_gain":0,"player_choice":"Joined the Cult","damage_taken":6,"max_hp_gain":0,"max_hp_loss":0,"event_name":"Nest","floor":29,"gold_loss":0,"cards_obtained":["RitualDagger"]}],"is_beta":false,"boss_relics":[{"not_picked":["Cursed Key","Mark of Pain"],"picked":"Velvet Choker"}],"items_purged_floors":[10,22],"is_endless":false,"potions_floor_spawned":[5,16,18],"killed_by":"Automaton","ascension_level":17}