{"gold_per_floor":[114,131,145,159,31,65,65,82,132,32,43,43,43,54,54,153,153,168,368,378,394,124,159,159,176,253,268,284,45,45,45,45,45],"floor_reached":33,"playtime":4241,"items_purged":["Strike_R","Strike_R","Strike_R","Corruption"],"score":271,"play_id":"d749ad56-7482-48b3-ab53-65c3ccf408f9","local_time":"20190826002047","is_ascension_mode":false,"campfire_choices":[{"floor":7,"key":"REST"},{"data":"Anger","floor":15,"key":"SMITH"},{"floor":24,"key":"REST"},{"floor":30,"key":"REST"},{"floor":32,"key":"REST"}],"neow_cost":"","seed_source_timestamp":1037031758062916,"circlet_count":0,"master_deck":["Defend_R","Defend_R","Defend_R","Defend_R","Bash","Anger+1","Battle Trance","Iron Wave","Cleave","Iron Wave","Pummel","Metallicize","Sever Soul","Juggernaut","Headbutt","Body Slam","Rage","Reaper","Fire Breathing","Burning Pact","Clothesline+1","Pommel Strike","Metallicize","Armaments","RitualDagger"],"relics":["Burning Blood","Boot","Centennial Puzzle","Empty Cage","Darkstone Periapt","Sundial"],"potions_floor_usage":[23],"damage_taken":[{"damage":1,"enemies":"2 Louse","floor":1,"turns":5},{"damage":7,"enemies":"Small Slimes","floor":2,"turns":3},{"damage":4,"enemies":"Cultist","floor":3,"turns":4},{"damage":15,"enemies":"Red Slaver","floor":4,"turns":4},{"damage":30,"enemies":"Lagavulin","floor":6,"turns":7},{"damage":0,"enemies":"Large Slime","floor":8,"turns":3},{"damage":10,"enemies":"3 Louse","floor":11,"turns":2},{"damage":0,"enemies":"Blue Slaver","floor":14,"turns":4},{"damage":65,"enemies":"The Guardian","floor":16,"turns":11},{"damage":8,"enemies":"Shell Parasite","floor":18,"turns":6},{"damage":0,"enemies":"Chosen","floor":20,"turns":4},{"damage":19,"enemies":"3 Cultists","floor":21,"turns":5},{"damage":35,"enemies":"Slavers","floor":23,"turns":4},{"damage":29,"enemies":"Cultist and Chosen","floor":25,"turns":8},{"damage":27,"enemies":"Snecko","floor":27,"turns":6},{"damage":16,"enemies":"3 Cultists","floor":28,"turns":5},{"damage":79,"enemies":"Champ","floor":33,"turns":15}],"seed_played":"-2360029315904056033","potions_obtained":[{"floor":1,"key":"LiquidBronze"},{"floor":2,"key":"SteroidPotion"},{"floor":3,"key":"Explosive Potion"},{"floor":8,"key":"Ancient Potion"},{"floor":21,"key":"SpeedPotion"},{"floor":25,"key":"SneckoOil"},{"floor":27,"key":"Weak Potion"}],"is_trial":false,"path_per_floor":["M","M","M","M","$","E","R","M","T","$","M","?","?","M","R","B",null,"M","?","M","M","$","E","R","M","T","M","M","$","R","?","R","B"],"character_chosen":"IRONCLAD","items_purchased":["Iron Wave","Reaper","Fire Breathing","Metallicize","Armaments"],"campfire_rested":4,"item_purchase_floors":[5,22,22,29,29],"current_hp_per_floor":[80,79,80,71,71,47,71,77,77,77,73,66,66,72,72,13,80,78,78,80,67,67,38,62,39,39,24,24,24,48,42,66,0],"gold":45,"neow_bonus":"","is_prod":false,"is_daily":false,"chose_seed":false,"campfire_upgraded":1,"win_rate":0.0,"timestamp":1566771647,"path_taken":["M","M","M","M","$","E","R","M","T","$","M","?","?","M","R","BOSS","M","?","M","M","$","E","R","M","T","M","?","?","R","?","R","BOSS"],"build_version":"2019-07-17","purchased_purges":4,"victory":false,"max_hp_per_floor":[80,80,80,80,80,80,80,80,80,80,80,80,80,80,80,80,80,80,80,80,80,80,80,80,80,80,80,80,80,80,80,80,80],"card_choices":[{"not_picked":["Dropkick","Blood for Blood"],"picked":"Anger","floor":1},{"not_picked":["Entrench","Sword Boomerang"],"picked":"Battle Trance","floor":2},{"not_picked":["Uppercut","Thunderclap"],"picked":"Iron Wave","floor":3},{"not_picked":["Warcry","Shrug It Off"],"picked":"Cleave","floor":4},{"not_picked":["Reckless Charge","Inflame"],"picked":"Pummel","floor":6},{"not_picked":["Cleave","Iron Wave"],"picked":"Warcry","floor":8},{"not_picked":["Carnage","Intimidate"],"picked":"Metallicize","floor":11},{"not_picked":["Searing Blow","Body Slam"],"picked":"Sever Soul","floor":14},{"not_picked":["Bludgeon","Fiend Fire"],"picked":"Juggernaut","floor":16},{"not_picked":["Battle Trance","Perfected Strike"],"picked":"Headbutt","floor":18},{"not_picked":["Anger","Intimidate"],"picked":"Body Slam","floor":20},{"not_picked":["Sword Boomerang","Battle Trance"],"picked":"Rage","floor":21},{"not_picked":["Perfected Strike+1","Clash"],"picked":"Burning Pact","floor":23},{"not_picked":["Sword Boomerang","Iron Wave+1"],"picked":"Clothesline+1","floor":25},{"not_picked":["Uppercut","Bloodletting+1"],"picked":"Corruption","floor":27},{"not_picked":["Thunderclap","Clothesline"],"picked":"Pommel Strike","floor":28}],"player_experience":0,"relics_obtained":[{"floor":6,"key":"Boot"},{"floor":9,"key":"Centennial Puzzle"},{"floor":23,"key":"Darkstone Periapt"},{"floor":26,"key":"Sundial"}],"event_choices":[{"cards_removed":["Strike_R"],"damage_healed":0,"gold_gain":0,"player_choice":"Card Removal","damage_taken":7,"max_hp_gain":0,"max_hp_loss":0,"event_name":"Golden Wing","floor":12,"gold_loss":0},{"damage_healed":0,"gold_gain":0,"player_choice":"Fled","damage_taken":0,"max_hp_gain":0,"max_hp_loss":0,"event_name":"Scrap Ooze","floor":13,"gold_loss":0},{"damage_healed":0,"gold_gain":200,"player_choice":"Gold","damage_taken":0,"max_hp_gain":0,"max_hp_loss":0,"event_name":"Wheel of Change","floor":19,"gold_loss":0},{"damage_healed":0,"gold_gain":0,"player_choice":"Joined the Cult","damage_taken":6,"max_hp_gain":0,"max_hp_loss":0,"event_name":"Nest","floor":31,"gold_loss":0,"cards_obtained":["RitualDagger"]}],"is_beta":false,"boss_relics":[{"not_picked":["Eternal Feather","Fusion Hammer"],"picked":"Empty Cage"}],"items_purged_floors":[5,10,22,29],"is_endless":false,"potions_floor_spawned":[1,2,3,8,16,21,25,27],"killed_by":"Champ","ascension_level":0}