{"gold_per_floor":[113,63,138,138,63,63,94,194,262,274,274,286,286,318,318,420,420,436,436,132,150,160,160,160,160,184,59,59,159,159,178,178,279,329,346,127,145,157,157,157,157,157,157,157,157,168,203,203,203,203],"floor_reached":50,"playtime":2555,"items_purged":["Defend_R","Strike_R","Strike_R","Defend_R"],"score":497,"play_id":"be07ec48-d292-47a9-88cb-552c3f78c9b1","local_time":"20190907150931","is_ascension_mode":false,"campfire_choices":[{"data":"Whirlwind","floor":6,"key":"SMITH"},{"data":"Seeing Red","floor":11,"key":"SMITH"},{"data":"Offering","floor":13,"key":"SMITH"},{"floor":15,"key":"REST"},{"data":"Shockwave","floor":23,"key":"SMITH"},{"floor":28,"key":"RECALL"},{"data":"1","floor":32,"key":"LIFT"},{"data":"Disarm","floor":40,"key":"SMITH"},{"data":"2","floor":44,"key":"LIFT"},{"data":"Bash","floor":49,"key":"SMITH"}],"neow_cost":"PERCENT_DAMAGE","seed_source_timestamp":5374048668527,"circlet_count":0,"master_deck":["Defend_R+1","Bash+1","Whirlwind+1","Clothesline","Seeing Red+1","Offering+1","Brutality","Shockwave+1","Body Slam+1","Clothesline+1","Disarm+1","Headbutt+1","Burning Pact"],"relics":["Burning Blood","Orichalcum","Charon\u0027s Ashes","Busted Crown","Brimstone","Juzu Bracelet","Girya","Matryoshka","Tiny House","Bag of Preparation","Strawberry","Art of War","Dodecahedron","Frozen Egg 2","Meat on the Bone"],"potions_floor_usage":[14,16,22,29,33,38,46,50,50],"damage_taken":[{"damage":13,"enemies":"Jaw Worm","floor":1,"turns":3},{"damage":26,"enemies":"3 Sentries","floor":7,"turns":5},{"damage":0,"enemies":"2 Louse","floor":10,"turns":2},{"damage":2,"enemies":"Small Slimes","floor":12,"turns":2},{"damage":19,"enemies":"Lagavulin","floor":14,"turns":3},{"damage":26,"enemies":"Hexaghost","floor":16,"turns":9},{"damage":14,"enemies":"2 Thieves","floor":18,"turns":2},{"damage":9,"enemies":"Chosen","floor":21,"turns":2},{"damage":6,"enemies":"Snake Plant","floor":22,"turns":1},{"damage":19,"enemies":"Colosseum Slavers","floor":29,"turns":2},{"damage":7,"enemies":"Colosseum Nobs","floor":29,"turns":2},{"damage":6,"enemies":"3 Cultists","floor":31,"turns":1},{"damage":13,"enemies":"Collector","floor":33,"turns":4},{"damage":15,"enemies":"3 Shapes","floor":35,"turns":1},{"damage":7,"enemies":"3 Darklings","floor":37,"turns":2},{"damage":9,"enemies":"Maw","floor":38,"turns":4},{"damage":7,"enemies":"Spire Growth","floor":46,"turns":2},{"damage":35,"enemies":"Nemesis","floor":47,"turns":3},{"damage":73,"enemies":"Donu and Deca","floor":50,"turns":4}],"seed_played":"-6161627465986052705","potions_obtained":[{"floor":7,"key":"FearPotion"},{"floor":10,"key":"Energy Potion"},{"floor":16,"key":"SteroidPotion"},{"floor":21,"key":"GamblersBrew"},{"floor":29,"key":"SkillPotion"},{"floor":30,"key":"SkillPotion"},{"floor":30,"key":"EssenceOfSteel"},{"floor":31,"key":"SteroidPotion"},{"floor":33,"key":"Swift Potion"},{"floor":34,"key":"EssenceOfSteel"},{"floor":46,"key":"Dexterity Potion"}],"is_trial":false,"path_per_floor":["M","?","?","?","$","R","E","?","T","M","R","M","R","E","R","B",null,"M","?","$","M","M","R","?","?","T","$","R","?","?","M","R","B",null,"M","$","M","M","$","R","T","T","T","R","$","M","E","?","R","B"],"character_chosen":"IRONCLAD","items_purchased":["Brimstone","Disarm"],"campfire_rested":1,"item_purchase_floors":[20,36],"current_hp_per_floor":[65,65,54,47,47,47,27,27,27,33,33,37,37,24,52,32,96,88,88,88,85,85,85,85,85,85,85,85,71,71,71,71,64,101,92,92,91,88,88,88,95,95,95,95,95,94,65,65,65,0],"gold":203,"neow_bonus":"TWENTY_PERCENT_HP_BONUS","is_prod":false,"is_daily":false,"chose_seed":false,"campfire_upgraded":6,"win_rate":0,"timestamp":1567861771,"path_taken":["M","?","?","?","$","R","E","?","T","?","R","M","R","E","R","BOSS","M","?","$","M","M","R","?","?","T","$","R","?","?","M","R","BOSS","M","$","M","M","?","R","?","?","T","R","$","M","E","?","R","BOSS"],"build_version":"2019-07-17","purchased_purges":4,"victory":false,"max_hp_per_floor":[96,96,96,96,96,96,96,96,96,96,96,96,96,96,96,96,96,96,96,96,96,96,96,96,96,96,96,96,96,96,96,96,96,101,101,101,101,101,101,101,108,108,108,108,108,108,108,108,108,108],"card_choices":[{"not_picked":["Heavy Blade","Flex"],"picked":"Whirlwind","floor":1},{"not_picked":["Body Slam","Second Wind"],"picked":"Clothesline","floor":7},{"not_picked":["Carnage","Power Through"],"picked":"Seeing Red","floor":10},{"not_picked":["Havoc","Sentinel"],"picked":"Offering","floor":12},{"not_picked":["Body Slam","Warcry","Armaments"],"picked":"SKIP","floor":14},{"not_picked":["Exhume","Juggernaut"],"picked":"Brutality","floor":16},{"not_picked":[],"picked":"Shockwave","floor":18},{"not_picked":["Cleave"],"picked":"SKIP","floor":21},{"not_picked":[],"picked":"Body Slam+1","floor":22},{"not_picked":["Headbutt"],"picked":"SKIP","floor":31},{"not_picked":[],"picked":"Clothesline+1","floor":34},{"not_picked":["Shockwave+1"],"picked":"SKIP","floor":35},{"not_picked":[],"picked":"Headbutt+1","floor":37},{"not_picked":["Armaments+1"],"picked":"SKIP","floor":38},{"not_picked":[],"picked":"Burning Pact","floor":46},{"not_picked":["Exhume"],"picked":"SKIP","floor":47}],"player_experience":830770,"relics_obtained":[{"floor":7,"key":"Orichalcum"},{"floor":14,"key":"Charon\u0027s Ashes"},{"floor":26,"key":"Juzu Bracelet"},{"floor":29,"key":"Girya"},{"floor":29,"key":"Matryoshka"},{"floor":41,"key":"Bag of Preparation"},{"floor":41,"key":"Strawberry"},{"floor":42,"key":"Art of War"},{"floor":42,"key":"Dodecahedron"},{"floor":43,"key":"Frozen Egg 2"},{"floor":47,"key":"Meat on the Bone"}],"event_choices":[{"cards_removed":["Strike_R"],"damage_healed":0,"gold_gain":0,"player_choice":"Card Removal","damage_taken":0,"max_hp_gain":0,"max_hp_loss":0,"event_name":"The Cleric","floor":2,"gold_loss":50},{"damage_healed":0,"gold_gain":75,"player_choice":"Gather Gold","damage_taken":11,"max_hp_gain":0,"max_hp_loss":0,"event_name":"World of Goop","floor":3,"gold_loss":0},{"cards_removed":["Strike_R"],"damage_healed":0,"gold_gain":0,"player_choice":"Card Removal","damage_taken":7,"max_hp_gain":0,"max_hp_loss":0,"event_name":"Golden Wing","floor":4,"gold_loss":0},{"damage_healed":0,"gold_gain":100,"player_choice":"Pray","damage_taken":0,"max_hp_gain":0,"max_hp_loss":0,"event_name":"Golden Shrine","floor":8,"gold_loss":0},{"damage_healed":0,"gold_gain":0,"player_choice":"Ignored","damage_taken":0,"max_hp_gain":0,"max_hp_loss":0,"event_name":"Vampires","floor":19,"gold_loss":0},{"damage_healed":0,"gold_gain":0,"player_choice":"Ignored","damage_taken":0,"max_hp_gain":0,"max_hp_loss":0,"event_name":"Ghosts","floor":24,"gold_loss":0},{"cards_removed":["Strike_R"],"damage_healed":0,"gold_gain":0,"player_choice":"Elegance","damage_taken":0,"max_hp_gain":0,"max_hp_loss":0,"event_name":"Back to Basics","floor":25,"gold_loss":0},{"damage_healed":0,"gold_gain":0,"player_choice":"Fight","damage_taken":0,"max_hp_gain":0,"max_hp_loss":0,"event_name":"Colosseum","floor":29,"gold_loss":0},{"damage_healed":0,"gold_gain":0,"player_choice":"Fought Nobs","damage_taken":0,"max_hp_gain":0,"max_hp_loss":0,"event_name":"Colosseum","floor":29,"gold_loss":0},{"damage_healed":0,"gold_gain":0,"player_choice":"Got Potions","damage_taken":0,"max_hp_gain":0,"max_hp_loss":0,"event_name":"Lab","floor":30,"gold_loss":0},{"cards_removed":["Defend_R"],"damage_healed":0,"gold_gain":0,"player_choice":"Removed Skill","damage_taken":0,"max_hp_gain":0,"max_hp_loss":0,"event_name":"Falling","floor":48,"gold_loss":0}],"is_beta":false,"boss_relics":[{"not_picked":["White Beast Statue","Sozu"],"picked":"Busted Crown"},{"not_picked":["Astrolabe","Eternal Feather"],"picked":"Tiny House"}],"items_purged_floors":[5,20,27,36],"is_endless":false,"potions_floor_spawned":[7,10,16,21,29,31,33,46],"killed_by":"Donu and Deca","ascension_level":0}