{"gold_per_floor":[110,110,126,146,157,187,157,157,157,172,172,192,209,220,220,323,323,336,336,347,347,362,362],"floor_reached":23,"playtime":2139,"items_purged":[],"score":197,"play_id":"7b512a5a-81d4-4e36-b4b6-1092af70665e","local_time":"20190127141849","is_ascension_mode":false,"campfire_choices":[{"floor":8,"key":"REST"},{"floor":11,"key":"REST"},{"floor":15,"key":"REST"}],"neow_cost":"NONE","seed_source_timestamp":1573951734788,"circlet_count":0,"master_deck":["Defend_G","Defend_G","Defend_G","Defend_G","Defend_G","Strike_G","Strike_G","Strike_G","Strike_G","Strike_G","Survivor","Neutralize","Caltrops","Regret","Escape Plan","Escape Plan","Escape Plan","Noxious Fumes","Quick Slash","Backflip","Flying Knee","Dash","Glass Knife","Sucker Punch","Footwork","Footwork","Caltrops+1"],"relics":["Ring of the Snake","Potion Belt","Question Card","Kunai","The Courier","Philosopher\u0027s Stone"],"potions_floor_usage":[5,6,6,13,18],"damage_taken":[{"damage":2,"enemies":"Jaw Worm","floor":1,"turns":5},{"damage":1,"enemies":"Small Slimes","floor":3,"turns":4},{"damage":2,"enemies":"Cultist","floor":4,"turns":4},{"damage":6,"enemies":"2 Fungi Beasts","floor":5,"turns":5},{"damage":52,"enemies":"Gremlin Nob","floor":6,"turns":6},{"damage":3,"enemies":"Looter","floor":7,"turns":4},{"damage":6,"enemies":"Red Slaver","floor":10,"turns":4},{"damage":5,"enemies":"Exordium Wildlife","floor":12,"turns":4},{"damage":4,"enemies":"Blue Slaver","floor":13,"turns":4},{"damage":37,"enemies":"Gremlin Gang","floor":14,"turns":5},{"damage":12,"enemies":"Hexaghost","floor":16,"turns":12},{"damage":4,"enemies":"3 Byrds","floor":18,"turns":4},{"damage":27,"enemies":"Shell Parasite","floor":20,"turns":7},{"damage":8,"enemies":"Snecko","floor":22,"turns":6},{"damage":19,"enemies":"Book of Stabbing","floor":23,"turns":4}],"seed_played":"-3005898102211157879","potions_obtained":[{"floor":3,"key":"Strength Potion"},{"floor":4,"key":"LiquidBronze"},{"floor":5,"key":"Weak Potion"},{"floor":12,"key":"Regen Potion"},{"floor":16,"key":"Block Potion"}],"is_trial":false,"path_per_floor":["M","?","M","M","M","E","M","R","T","M","R","M","M","M","R","B",null,"M","?","M","?","M","E"],"character_chosen":"THE_SILENT","items_purchased":[],"campfire_rested":3,"item_purchase_floors":[],"current_hp_per_floor":[68,68,67,65,59,7,4,25,25,19,40,35,43,6,27,15,70,66,53,26,26,18,0],"gold":362,"neow_bonus":"RANDOM_COMMON_RELIC","is_prod":false,"is_daily":false,"chose_seed":false,"campfire_upgraded":0,"win_rate":0,"timestamp":1548595129,"path_taken":["M","?","M","M","M","E","M","R","T","M","R","M","M","M","R","BOSS","M","?","M","?","?","E"],"build_version":"2019-01-23","purchased_purges":0,"victory":false,"max_hp_per_floor":[70,70,70,70,70,70,70,70,70,70,70,70,70,70,70,70,70,70,75,75,75,75,75],"card_choices":[{"not_picked":["Deadly Poison","Blade Dance"],"picked":"Caltrops","floor":1},{"not_picked":["Backstab","Underhanded Strike","Poisoned Stab"],"picked":"Escape Plan","floor":3},{"not_picked":["Bane","Acrobatics","Deflect"],"picked":"Escape Plan","floor":4},{"not_picked":["Dodge and Roll","Crippling Poison","Deflect"],"picked":"Escape Plan","floor":5},{"not_picked":["Caltrops","Quick Slash","Envenom"],"picked":"Noxious Fumes","floor":6},{"not_picked":["Underhanded Strike","Bane","Predator"],"picked":"Quick Slash","floor":7},{"not_picked":["Heel Hook","Blade Dance","Bane"],"picked":"Backflip","floor":10},{"not_picked":["Masterful Stab","Cloak And Dagger","Outmaneuver"],"picked":"Flying Knee","floor":12},{"not_picked":["Outmaneuver","PiercingWail","Concentrate","Wraith Form v2"],"picked":"SKIP","floor":13},{"not_picked":["Expertise","Dodge and Roll","Acrobatics"],"picked":"Dash","floor":14},{"not_picked":["Venomology","Doppelganger","Wraith Form v2"],"picked":"Glass Knife","floor":16},{"not_picked":["Eviscerate","Bouncing Flask","Acrobatics+1"],"picked":"Sucker Punch","floor":18},{"not_picked":["Sucker Punch+1","Outmaneuver","Setup"],"picked":"Footwork","floor":20},{"not_picked":["Sucker Punch","Infinite Blades","Cloak And Dagger"],"picked":"Caltrops+1","floor":22}],"player_experience":672577,"relics_obtained":[{"floor":6,"key":"Kunai"},{"floor":9,"key":"The Courier"}],"event_choices":[{"damage_healed":0,"gold_gain":0,"player_choice":"Box","damage_taken":0,"relics_obtained":["Question Card"],"max_hp_gain":0,"max_hp_loss":0,"event_name":"Big Fish","floor":2,"gold_loss":0,"cards_obtained":["Regret"]},{"damage_healed":0,"gold_gain":0,"player_choice":"Shed Blood","damage_taken":18,"max_hp_gain":5,"max_hp_loss":0,"event_name":"Forgotten Altar","floor":19,"gold_loss":0},{"damage_healed":0,"gold_gain":0,"player_choice":"Copied","damage_taken":0,"max_hp_gain":0,"max_hp_loss":0,"event_name":"Duplicator","floor":21,"gold_loss":0,"cards_obtained":["Footwork"]}],"is_beta":false,"boss_relics":[{"not_picked":["Orrery","Tiny House"],"picked":"Philosopher\u0027s Stone"}],"items_purged_floors":[],"is_endless":false,"potions_floor_spawned":[3,4,5,12,16],"killed_by":"Book of Stabbing","ascension_level":0}