{"path_per_floor":["M","M","?","$","M","R","M","M","T","E","M","M","M","$","R","B",null,"M","M","$","M"],"character_chosen":"THE_SILENT","items_purchased":["Backstab","Quick Slash","Choke","Calculated Gamble","Skewer","Flying Knee","Prepared","Dagger Spray","Outmaneuver"],"gold_per_floor":[113,127,127,46,65,65,85,109,135,169,183,197,211,21,21,142,142,162,177,4,27],"floor_reached":22,"campfire_rested":1,"playtime":2432,"current_hp_per_floor":[68,67,67,67,67,67,65,61,61,47,42,40,35,35,56,11,70,46,18,18,9],"items_purged":[],"gold":27,"score":217,"play_id":"cffedbc8-aa4d-4581-bfd7-b64ecad6d7b3","is_prod":false,"is_daily":false,"is_ascension_mode":false,"campfire_upgraded":1,"path_taken":["M","?","?","?","M","R","?","M","T","E","M","M","M","$","R","BOSS","M","M","$","M","M"],"build_version":"2018-02-08-PROD1","purchased_purges":0,"victory":false,"master_deck":["Defend_G","Defend_G","Defend_G","Defend_G","Defend_G","Strike_G","Strike_G","Survivor","Neutralize","Outmaneuver","Dagger Spray","Injury","Backstab","Quick Slash","Infinite Blades+1","Backstab","Wraith Form","Backflip","Blur","Bouncing Flask","Bane+1","Choke+1","Calculated Gamble","Skewer+1","After Image","Riddle With Holes+1","Tools of the Trade+1","Infinite Blades+1","Prepared+1","Adrenaline","Flying Knee+1","Prepared","Dagger Spray+1","Outmaneuver","Quick Slash+1"],"max_hp_per_floor":[70,70,70,70,70,70,70,70,70,70,70,70,70,70,70,70,70,70,70,70,70],"relics":["Ring of the Snake","Golden Idol","Vajra","Molten Egg 2","Astrolabe"],"card_choices":[{"not_picked":["Slice","Flying Knee"],"picked":"Outmaneuver"},{"not_picked":["Dodge and Roll","Dagger Throw"],"picked":"Dagger Spray"},{"not_picked":["Deflect","Poisoned Stab"],"picked":"Infinite Blades"},{"not_picked":["Well Laid Plans","Predator"],"picked":"Backstab"},{"not_picked":["Dodge and Roll","Dagger Throw"],"picked":"Wraith Form"},{"not_picked":["Dodge and Roll","Deadly Poison"],"picked":"Backflip"},{"not_picked":["Deflect","Sucker Punch"],"picked":"Blur"},{"not_picked":["Catalyst","Backstab"],"picked":"Bouncing Flask"},{"not_picked":["Heel Hook","Flechettes"],"picked":"Bane"},{"not_picked":["Unload","Bullet Time"],"picked":"After Image"},{"not_picked":["Leg Sweep","Dash"],"picked":"Prepared"},{"not_picked":["Deadly Poison","Prepared"],"picked":"Adrenaline"},{"not_picked":["Bane","Catalyst"],"picked":"Quick Slash"}],"player_experience":17387,"potions_floor_usage":[7,11,16,21,21,21],"damage_taken":[{"damage":2,"enemies":"Blue Slaver","floor":1,"turns":5},{"damage":1,"enemies":"Cultist","floor":2,"turns":4},{"damage":0,"enemies":"Jaw Worm","floor":5,"turns":3},{"damage":2,"enemies":"Exordium Thugs","floor":7,"turns":3},{"damage":4,"enemies":"Red Slaver","floor":8,"turns":2},{"damage":14,"enemies":"3 Sentries","floor":10,"turns":6},{"damage":5,"enemies":"Gremlin Gang","floor":11,"turns":3},{"damage":2,"enemies":"Exordium Wildlife","floor":12,"turns":5},{"damage":5,"enemies":"Lots of Slimes","floor":13,"turns":4},{"damage":45,"enemies":"The Guardian","floor":16,"turns":8},{"damage":24,"enemies":"Shell Parasite","floor":18,"turns":4},{"damage":28,"enemies":"2 Thieves","floor":19,"turns":3},{"damage":9,"enemies":"Snecko","floor":21,"turns":4},{"damage":14,"enemies":"Sentry and Sphere","floor":22,"turns":3}],"event_choices":[{"event_name":"Golden Idol","player_choice":"Take Wound","floor":3,"damage_taken":0}],"boss_relics":[{"not_picked":["Cursed Key","Eternal Feather"],"picked":"Astrolabe"}],"potions_floor_spawned":[2,5,10,12,16,18],"seed_played":"-7703180143890387634","killed_by":"Sentry and Sphere","ascension_level":0,"is_trial":false}