{"gold_per_floor":[118,118,83,98,113,141,141,153,153,153,163,163,176,186,186,287,287,287,287,287,5,5,5,5,5,5,5,5,5,5,5,5,5,5,5,5,5,5,5,5,5,5,5,5,5,5,5,5,5,5],"floor_reached":50,"playtime":6721,"items_purged":["Defend_B"],"score":580,"play_id":"2da53b5e-390b-4c09-bd4e-1ed00b2d3da5","local_time":"20190826235953","is_ascension_mode":true,"campfire_choices":[{"floor":7,"key":"REST"},{"floor":10,"key":"RECALL"},{"data":"BootSequence","floor":15,"key":"SMITH"},{"floor":24,"key":"REST"},{"floor":32,"key":"REST"},{"floor":40,"key":"REST"},{"floor":42,"key":"REST"},{"floor":44,"key":"REST"},{"floor":49,"key":"REST"}],"neow_cost":"PERCENT_DAMAGE","seed_source_timestamp":82006559263000,"circlet_count":0,"master_deck":["Strike_B+1","Strike_B","Defend_B","Defend_B","Zap+1","Dualcast","Genetic Algorithm","Sunder","Coolheaded","BootSequence+1","Leap","Ball Lightning","All For One","Go for the Eyes","Biased Cognition","Double Energy+1","Cold Snap","Heatsinks","Coolheaded+1","Redo","Sunder","Barrage+1","Hologram+1","Core Surge","Lockon+1","Consume+1","Rebound+1","Coolheaded+1","Go for the Eyes+1","Machine Learning","Reprogram","Meteor Strike","Loop+1","Turbo+1","Darkness+1","Good Instincts"],"relics":["Cracked Core","Letter Opener","Matryoshka","Pear","Ectoplasm","Strange Spoon","MawBank","Thread and Needle","Bottled Lightning","Astrolabe","Meat on the Bone","Symbiotic Virus","Kunai"],"potions_floor_usage":[16,16,33,33,33,47,50],"damage_taken":[{"damage":0,"enemies":"2 Louse","floor":1,"turns":1},{"damage":0,"enemies":"Small Slimes","floor":4,"turns":2},{"damage":2,"enemies":"Jaw Worm","floor":5,"turns":3},{"damage":25,"enemies":"3 Sentries","floor":6,"turns":13},{"damage":1,"enemies":"Blue Slaver","floor":8,"turns":3},{"damage":2,"enemies":"Looter","floor":11,"turns":3},{"damage":0,"enemies":"Large Slime","floor":13,"turns":4},{"damage":0,"enemies":"Lots of Slimes","floor":14,"turns":2},{"damage":33,"enemies":"The Guardian","floor":16,"turns":14},{"damage":10,"enemies":"3 Byrds","floor":18,"turns":4},{"damage":0,"enemies":"Chosen","floor":20,"turns":4},{"damage":31,"enemies":"Snecko","floor":22,"turns":6},{"damage":14,"enemies":"Colosseum Slavers","floor":27,"turns":4},{"damage":35,"enemies":"Colosseum Nobs","floor":27,"turns":5},{"damage":0,"enemies":"Snake Plant","floor":28,"turns":4},{"damage":2,"enemies":"Chosen and Byrds","floor":29,"turns":6},{"damage":3,"enemies":"Snecko","floor":30,"turns":5},{"damage":0,"enemies":"Centurion and Healer","floor":31,"turns":7},{"damage":53,"enemies":"Collector","floor":33,"turns":13},{"damage":50,"enemies":"3 Darklings","floor":35,"turns":6},{"damage":0,"enemies":"3 Shapes","floor":36,"turns":4},{"damage":23,"enemies":"3 Darklings","floor":37,"turns":6},{"damage":23,"enemies":"Sphere and 2 Shapes","floor":39,"turns":5},{"damage":27,"enemies":"Reptomancer","floor":41,"turns":7},{"damage":36,"enemies":"Spire Growth","floor":45,"turns":7},{"damage":26,"enemies":"Jaw Worm Horde","floor":46,"turns":4},{"damage":21,"enemies":"Maw","floor":47,"turns":7},{"damage":52,"enemies":"Time Eater","floor":50,"turns":6}],"seed_played":"7190284243545876381","potions_obtained":[{"floor":1,"key":"Weak Potion"},{"floor":4,"key":"Strength Potion"},{"floor":11,"key":"Fire Potion"},{"floor":18,"key":"FocusPotion"},{"floor":20,"key":"Poison Potion"},{"floor":33,"key":"SkillPotion"},{"floor":36,"key":"FearPotion"},{"floor":39,"key":"PowerPotion"}],"is_trial":false,"path_per_floor":["M","?","?","M","M","E","R","M","T","R","M","?","M","M","R","B",null,"M","?","M","$","M","?","R","$","T","?","M","M","M","M","R","B",null,"M","M","M","?","M","R","E","R","T","R","M","M","M","?","R","B"],"character_chosen":"DEFECT","items_purchased":["Strange Spoon"],"campfire_rested":7,"item_purchase_floors":[21],"current_hp_per_floor":[68,50,72,72,70,45,71,70,70,70,68,71,71,71,71,38,99,89,89,89,89,58,58,87,87,87,38,38,36,33,33,62,9,99,49,49,26,26,3,32,5,34,34,63,39,25,16,16,45,0],"gold":5,"neow_bonus":"TWENTY_PERCENT_HP_BONUS","is_prod":false,"is_daily":false,"chose_seed":false,"campfire_upgraded":1,"win_rate":0,"timestamp":1566881993,"path_taken":["M","?","?","M","M","E","R","M","T","R","M","?","M","M","R","BOSS","M","?","M","$","M","?","R","$","T","?","M","M","M","M","R","BOSS","M","M","M","?","M","R","E","R","T","R","?","M","M","?","R","BOSS"],"build_version":"2019-07-17","purchased_purges":1,"victory":false,"max_hp_per_floor":[89,89,89,89,89,89,89,89,89,89,89,99,99,99,99,99,99,99,99,99,99,99,99,99,99,99,99,99,99,99,99,99,99,99,99,99,99,99,99,99,99,99,99,99,99,99,99,99,99,99],"card_choices":[{"not_picked":["Lockon","Consume"],"picked":"Genetic Algorithm","floor":1},{"not_picked":["Go for the Eyes","Coolheaded"],"picked":"Sunder","floor":4},{"not_picked":["Turbo","FTL"],"picked":"Coolheaded","floor":5},{"not_picked":["Reprogram","Rip and Tear"],"picked":"BootSequence","floor":6},{"not_picked":["Redo","Beam Cell"],"picked":"Leap","floor":8},{"not_picked":["Streamline","Beam Cell"],"picked":"Ball Lightning","floor":11},{"not_picked":["Redo","Conserve Battery"],"picked":"All For One","floor":13},{"not_picked":["Steam","Conserve Battery"],"picked":"Go for the Eyes","floor":14},{"not_picked":["Creative AI","Rainbow"],"picked":"Biased Cognition","floor":16},{"not_picked":["Force Field","Barrage"],"picked":"Double Energy+1","floor":18},{"not_picked":["Steam Power","Darkness"],"picked":"Cold Snap","floor":20},{"not_picked":["Turbo","Leap+1"],"picked":"Heatsinks","floor":22},{"not_picked":["Consume","Streamline"],"picked":"Coolheaded+1","floor":27},{"not_picked":["Streamline","Beam Cell"],"picked":"Redo","floor":28},{"not_picked":["Go for the Eyes","Lockon"],"picked":"Sunder","floor":29},{"not_picked":["Compile Driver","Self Repair"],"picked":"Barrage+1","floor":30},{"not_picked":["Heatsinks","Sweeping Beam"],"picked":"Hologram+1","floor":31},{"not_picked":["Rainbow","Hyperbeam"],"picked":"Core Surge","floor":33},{"not_picked":["Genetic Algorithm","Darkness"],"picked":"Coolheaded+1","floor":35},{"not_picked":["Turbo","Compile Driver+1"],"picked":"Go for the Eyes+1","floor":36},{"not_picked":["Stack+1","Compile Driver+1"],"picked":"Machine Learning","floor":37},{"not_picked":["Streamline","Steam"],"picked":"Reprogram","floor":39},{"not_picked":["Compile Driver","Streamline"],"picked":"Meteor Strike","floor":41},{"not_picked":["Compile Driver","White Noise"],"picked":"Loop+1","floor":45},{"not_picked":["Stack","Steam"],"picked":"Turbo+1","floor":46},{"not_picked":["Sunder","Steam+1"],"picked":"Darkness+1","floor":47},{"not_picked":["Trip","Purity"],"picked":"Good Instincts","floor":48}],"player_experience":211305,"relics_obtained":[{"floor":6,"key":"Letter Opener"},{"floor":9,"key":"Matryoshka"},{"floor":26,"key":"MawBank"},{"floor":27,"key":"Thread and Needle"},{"floor":27,"key":"Bottled Lightning"},{"floor":41,"key":"Meat on the Bone"},{"floor":43,"key":"Symbiotic Virus"},{"floor":43,"key":"Kunai"}],"event_choices":[{"damage_healed":0,"gold_gain":0,"player_choice":"Entered Light","damage_taken":18,"max_hp_gain":0,"max_hp_loss":0,"event_name":"Shining Light","floor":2,"gold_loss":0,"cards_upgraded":["Zap","Strike_B"]},{"damage_healed":22,"gold_gain":0,"player_choice":"Healed","damage_taken":0,"max_hp_gain":0,"max_hp_loss":0,"event_name":"The Cleric","floor":3,"gold_loss":35},{"damage_healed":0,"gold_gain":0,"player_choice":"Success","damage_taken":7,"relics_obtained":["Pear"],"max_hp_gain":0,"max_hp_loss":0,"event_name":"Scrap Ooze","floor":12,"gold_loss":0},{"damage_healed":0,"gold_gain":0,"player_choice":"Ignored","damage_taken":0,"max_hp_gain":0,"max_hp_loss":0,"event_name":"Ghosts","floor":19,"gold_loss":0},{"damage_healed":0,"gold_gain":0,"player_choice":"Fight","damage_taken":0,"max_hp_gain":0,"max_hp_loss":0,"event_name":"Colosseum","floor":27,"gold_loss":0},{"damage_healed":0,"gold_gain":0,"player_choice":"Fought Nobs","damage_taken":0,"max_hp_gain":0,"max_hp_loss":0,"event_name":"Colosseum","floor":27,"gold_loss":0},{"damage_healed":0,"gold_gain":0,"player_choice":"Ignored","damage_taken":0,"max_hp_gain":0,"max_hp_loss":0,"event_name":"SecretPortal","floor":38,"gold_loss":0},{"damage_healed":0,"gold_gain":0,"player_choice":"Memory 1","damage_taken":0,"max_hp_gain":0,"max_hp_loss":0,"event_name":"SensoryStone","floor":48,"gold_loss":0}],"is_beta":false,"boss_relics":[{"not_picked":["Black Star","Tiny House"],"picked":"Ectoplasm"},{"not_picked":["Orrery","White Beast Statue"],"picked":"Astrolabe"}],"items_purged_floors":[21],"is_endless":false,"potions_floor_spawned":[1,4,11,13,18,20,28,30,33,36,39,41,46],"killed_by":"Time Eater","ascension_level":2}