{"path_per_floor":["M","?","$","M","?","R","M","R","T","E","$","?","M","M","R","B",null,"M","?","M","?","?","E","R","$","T","R","M","M","$","M","R","B",null,"M","M","$","?","M","R","E","M","T","R","E","$","M","M","R"],"character_chosen":"IRONCLAD","items_purchased":[],"gold_per_floor":[112,112,37,53,53,53,68,68,68,102,2,2,15,29,29,133,133,143,143,156,156,156,183,183,58,85,85,102,115,115,129,129,234,234,249,264,114,114,130,130,165,177,177,177,211,36,48,60,60,60],"floor_reached":50,"campfire_rested":1,"playtime":2625,"current_hp_per_floor":[72,72,72,72,72,72,72,72,79,66,66,50,56,62,62,37,79,63,63,69,69,69,39,39,39,39,39,34,16,16,16,39,39,79,42,37,37,37,43,43,36,42,42,42,44,44,46,44,44,0],"items_purged":["Strike_R","Defend_R","Strike_R","Clash","Defend_R"],"gold":60,"score":629,"play_id":"410a67d3-9d63-4a67-ad60-9f970d3eb913","local_time":"20180418163350","is_prod":false,"is_daily":false,"chose_seed":false,"is_ascension_mode":true,"campfire_upgraded":8,"timestamp":1524062030,"path_taken":["M","?","$","M","?","R","M","R","T","E","$","?","M","M","R","BOSS","M","?","M","?","?","E","R","$","T","R","M","M","$","M","R","BOSS","M","?","$","?","?","R","E","M","T","R","E","$","M","?","R","BOSS"],"build_version":"2018-04-12","seed_source_timestamp":22589581103196,"purchased_purges":5,"victory":false,"master_deck":["Strike_R+1","Bash+1","Seeing Red+1","Pommel Strike+1","Whirlwind+1","Battle Trance","Limit Break+1","Flex+1","Demon Form","Flex+1","Whirlwind+1","Offering+1","Thunderclap+1"],"max_hp_per_floor":[72,72,72,72,72,72,72,72,79,79,79,79,79,79,79,79,79,79,79,79,79,79,79,79,79,79,79,79,79,79,79,79,79,79,79,79,79,79,79,79,79,79,79,79,79,79,79,79,79,79],"relics":["Burning Blood","Ginger","Runic Cube","Nloth\u0027s Gift","Kunai","Bronze Scales","Sozu","Dodecahedron","Matryoshka","Bag of Preparation"],"card_choices":[{"not_picked":["Hemokinesis","Inflame"],"picked":"Seeing Red","floor":1},{"not_picked":["Bloodletting","Wild Strike"],"picked":"Clash","floor":4},{"not_picked":["Twin Strike","Armaments"],"picked":"Second Wind","floor":7},{"not_picked":["Perfected Strike","True Grit"],"picked":"Whirlwind","floor":10},{"not_picked":["Rupture","Havoc"],"picked":"Battle Trance","floor":14},{"not_picked":["Impervious","Brutality"],"picked":"Limit Break","floor":16},{"not_picked":["True Grit","Warcry"],"picked":"Flex","floor":18},{"not_picked":["Battle Trance","Flame Barrier"],"picked":"Demon Form","floor":20},{"not_picked":["Clash","Perfected Strike"],"picked":"Flex","floor":23},{"not_picked":["Clash","Body Slam"],"picked":"Whirlwind","floor":28},{"not_picked":["Sword Boomerang","Headbutt"],"picked":"Offering","floor":41},{"not_picked":["Dual Wield","Headbutt"],"picked":"Thunderclap","floor":48}],"player_experience":368131,"potions_floor_usage":[16,16,33,33,41],"damage_taken":[{"damage":6,"enemies":"Cultist","floor":1,"turns":3},{"damage":2,"enemies":"Jaw Worm","floor":4,"turns":3},{"damage":4,"enemies":"Small Slimes","floor":7,"turns":3},{"damage":19,"enemies":"Gremlin Nob","floor":10,"turns":4},{"damage":0,"enemies":"Gremlin Gang","floor":13,"turns":1},{"damage":0,"enemies":"3 Louse","floor":14,"turns":1},{"damage":31,"enemies":"Hexaghost","floor":16,"turns":5},{"damage":22,"enemies":"2 Thieves","floor":18,"turns":3},{"damage":0,"enemies":"Chosen","floor":20,"turns":4},{"damage":36,"enemies":"Slavers","floor":23,"turns":4},{"damage":11,"enemies":"Snecko","floor":28,"turns":4},{"damage":24,"enemies":"Snake Plant","floor":29,"turns":2},{"damage":6,"enemies":"Chosen and Byrds","floor":31,"turns":2},{"damage":6,"enemies":"Champ","floor":33,"turns":6},{"damage":43,"enemies":"3 Darklings","floor":35,"turns":3},{"damage":11,"enemies":"Orb Walker","floor":36,"turns":2},{"damage":0,"enemies":"Sphere and 2 Shapes","floor":39,"turns":1},{"damage":13,"enemies":"Giant Head","floor":41,"turns":4},{"damage":0,"enemies":"3 Darklings","floor":42,"turns":1},{"damage":4,"enemies":"Nemesis","floor":45,"turns":1},{"damage":4,"enemies":"4 Shapes","floor":47,"turns":1},{"damage":8,"enemies":"Sphere and 2 Shapes","floor":48,"turns":1},{"damage":44,"enemies":"Awakened One","floor":50,"turns":2}],"event_choices":[{"event_name":"Match and Keep!","player_choice":"1 cards matched","floor":2,"damage_taken":0},{"event_name":"Accursed Blacksmith","player_choice":"Forge","floor":5,"damage_taken":0},{"event_name":"Shining Light","player_choice":"Entered Light","floor":12,"damage_taken":0},{"event_name":"Bonfire Elementals","player_choice":"BASIC","floor":19,"damage_taken":0},{"event_name":"N\u0027loth","player_choice":"Traded a Strawberry","floor":21,"damage_taken":0},{"event_name":"Back to Basics","player_choice":"Elegance","floor":22,"damage_taken":0},{"event_name":"Purifier","player_choice":"One Purge","floor":38,"damage_taken":0}],"boss_relics":[{"not_picked":["Tiny House","Ectoplasm"],"picked":"Runic Cube"},{"not_picked":["Cursed Key","Pandora\u0027s Box"],"picked":"Sozu"}],"potions_floor_spawned":[1,14,20,23,31,35,41,45,48],"seed_played":"7454022982070650321","killed_by":"Awakened One","ascension_level":3,"is_trial":false}