{"gold_per_floor":[113,38,38,52,69,69,80,110,110,110,144,161,161,86,86,189,189,206,218,236,251,151,151,166,41,93,93,123,123,153,165,165,268,268,278,278,278,298,318,318,318,328,353,353,370,405,405,505,505,505],"floor_reached":51,"playtime":4666,"items_purged":["Strike_B","Strike_B","Defend_B"],"score":752,"play_id":"550e0458-1049-4f1d-b1e0-a82b96545ed5","local_time":"20190126022214","is_ascension_mode":false,"campfire_choices":[{"data":"1","floor":6,"key":"LIFT"},{"data":"2","floor":10,"key":"LIFT"},{"floor":13,"key":"REST"},{"data":"3","floor":15,"key":"LIFT"},{"data":"Zap","floor":23,"key":"SMITH"},{"data":"Redo","floor":29,"key":"SMITH"},{"data":"Machine Learning","floor":32,"key":"SMITH"},{"data":"Streamline","floor":40,"key":"SMITH"},{"floor":47,"key":"REST"},{"floor":49,"key":"REST"}],"neow_cost":"PERCENT_DAMAGE","seed_source_timestamp":27755636362957,"circlet_count":0,"master_deck":["Strike_B","Defend_B","Defend_B","Zap+1","Dualcast","Skim+1","BootSequence+1","Go for the Eyes","Go for the Eyes","Go for the Eyes","Streamline+1","Self Repair","Machine Learning+1","Chaos+1","Gash","All For One","Redo+1","Scrape+1","Beam Cell","Beam Cell","All For One","Impatience","Madness","Madness","White Noise+1","Beam Cell+1"],"relics":["Cracked Core","Girya","War Paint","Bag of Preparation","Mercury Hourglass","Nuclear Battery","Lantern","Ancient Tea Set","Peace Pipe","Philosopher\u0027s Stone","Anchor","Centennial Puzzle","Incense Burner"],"potions_floor_usage":[8,11,16,20,21,28,30,33,39,50],"damage_taken":[{"damage":0,"enemies":"2 Louse","floor":1,"turns":2},{"damage":1,"enemies":"Cultist","floor":4,"turns":3},{"damage":1,"enemies":"Jaw Worm","floor":5,"turns":3},{"damage":0,"enemies":"Large Slime","floor":7,"turns":5},{"damage":15,"enemies":"Lagavulin","floor":8,"turns":7},{"damage":13,"enemies":"Gremlin Nob","floor":11,"turns":3},{"damage":0,"enemies":"3 Louse","floor":12,"turns":2},{"damage":0,"enemies":"Slime Boss","floor":16,"turns":4},{"damage":7,"enemies":"Shell Parasite","floor":18,"turns":4},{"damage":0,"enemies":"Spheric Guardian","floor":19,"turns":3},{"damage":9,"enemies":"Centurion and Healer","floor":20,"turns":3},{"damage":10,"enemies":"3 Cultists","floor":21,"turns":3},{"damage":1,"enemies":"Shelled Parasite and Fungi","floor":24,"turns":3},{"damage":4,"enemies":"Slavers","floor":28,"turns":4},{"damage":7,"enemies":"Book of Stabbing","floor":30,"turns":3},{"damage":4,"enemies":"Cultist and Chosen","floor":31,"turns":3},{"damage":12,"enemies":"Champ","floor":33,"turns":5},{"damage":0,"enemies":"3 Darklings","floor":35,"turns":2},{"damage":23,"enemies":"3 Shapes","floor":38,"turns":3},{"damage":0,"enemies":"Transient","floor":39,"turns":5},{"damage":0,"enemies":"Jaw Worm Horde","floor":42,"turns":2},{"damage":19,"enemies":"Writhing Mass","floor":45,"turns":4},{"damage":34,"enemies":"Nemesis","floor":46,"turns":5},{"damage":11,"enemies":"Mind Bloom Boss Battle","floor":48,"turns":6},{"damage":33,"enemies":"Donu and Deca","floor":50,"turns":5}],"seed_played":"8744582839583681684","potions_obtained":[{"floor":1,"key":"SkillPotion"},{"floor":8,"key":"Poison Potion"},{"floor":11,"key":"FearPotion"},{"floor":16,"key":"Fire Potion"},{"floor":19,"key":"SteroidPotion"},{"floor":24,"key":"SkillPotion"},{"floor":28,"key":"LiquidBronze"},{"floor":31,"key":"Swift Potion"},{"floor":35,"key":"AttackPotion"},{"floor":39,"key":"Ancient Potion"},{"floor":42,"key":"Energy Potion"}],"is_trial":false,"path_per_floor":["M","$","?","M","M","R","M","E","T","R","E","M","R","$","R","B",null,"M","M","M","M","$","R","M","$","T","?","E","R","E","M","R","B",null,"M","?","?","M","M","R","?","M","T","?","M","E","R","?","R","B",null],"character_chosen":"DEFECT","items_purchased":["Self Repair"],"campfire_rested":3,"item_purchase_floors":[14],"current_hp_per_floor":[54,54,54,53,52,52,52,37,37,37,24,24,46,46,46,53,75,75,75,73,70,70,70,75,75,75,75,75,75,75,75,75,70,75,75,75,75,59,66,66,57,57,57,57,45,18,40,36,58,32],"gold":505,"neow_bonus":"ONE_RARE_RELIC","is_prod":false,"is_daily":false,"chose_seed":false,"campfire_upgraded":4,"win_rate":0,"timestamp":1548465734,"path_taken":["M","$","?","?","M","R","M","E","T","R","E","M","R","?","R","BOSS","M","M","?","M","$","R","M","$","T","?","E","R","E","M","R","BOSS","M","?","?","M","M","R","?","M","T","?","?","E","R","?","R","BOSS"],"build_version":"2019-01-23","purchased_purges":3,"victory":true,"max_hp_per_floor":[75,75,75,75,75,75,75,75,75,75,75,75,75,75,75,75,75,75,75,75,75,75,75,75,75,75,75,75,75,75,75,75,75,75,75,75,75,75,75,75,75,75,75,75,75,75,75,75,75,75],"card_choices":[{"not_picked":["Recycle","Gash"],"picked":"Skim","floor":1},{"not_picked":["Chaos","Streamline"],"picked":"BootSequence","floor":4},{"not_picked":["Hello World","Gash"],"picked":"Go for the Eyes","floor":5},{"not_picked":["Undo","Rebound"],"picked":"Go for the Eyes","floor":7},{"not_picked":["Turbo","Coolheaded","Barrage"],"picked":"SKIP","floor":8},{"not_picked":["White Noise","Rebound"],"picked":"Go for the Eyes","floor":11},{"not_picked":["Redo","Loop"],"picked":"Streamline","floor":12},{"not_picked":["Seek","Buffer"],"picked":"Machine Learning","floor":16},{"not_picked":["Genetic Algorithm","Rebound","Blizzard"],"picked":"SKIP","floor":18},{"not_picked":["Sweeping Beam","Streamline"],"picked":"Chaos+1","floor":19},{"not_picked":["Rebound","Compile Driver"],"picked":"Gash","floor":20},{"not_picked":["Auto Shields","Cold Snap"],"picked":"All For One","floor":21},{"not_picked":["Leap+1","Turbo"],"picked":"Redo","floor":24},{"not_picked":["Storm","Go for the Eyes+1"],"picked":"Scrape+1","floor":28},{"not_picked":["Doom and Gloom","Cold Snap+1"],"picked":"Beam Cell","floor":30},{"not_picked":["Blizzard","Amplify"],"picked":"Beam Cell","floor":31},{"not_picked":["Electrodynamics","Seek"],"picked":"All For One","floor":33},{"not_picked":["Barrage+1","White Noise","Sweeping Beam"],"picked":"SKIP","floor":35},{"not_picked":["Violence","Blind"],"picked":"Impatience","floor":37},{"not_picked":["Cold Snap","Loop+1","Sunder+1"],"picked":"SKIP","floor":38},{"not_picked":["Storm+1","Chill+1","Stack"],"picked":"SKIP","floor":39},{"not_picked":["Storm+1","Chill+1","Stack"],"picked":"SKIP","floor":39},{"not_picked":["Sunder+1","Sweeping Beam+1"],"picked":"White Noise+1","floor":42},{"not_picked":["Doom and Gloom","Cold Snap","Recycle+1"],"picked":"SKIP","floor":45},{"not_picked":["Cold Snap","Coolheaded","Turbo"],"picked":"SKIP","floor":46},{"not_picked":["Reinforced Body","Doom and Gloom"],"picked":"Beam Cell+1","floor":48}],"player_experience":645041,"relics_obtained":[{"floor":8,"key":"War Paint"},{"floor":9,"key":"Bag of Preparation"},{"floor":11,"key":"Mercury Hourglass"},{"floor":26,"key":"Lantern"},{"floor":28,"key":"Ancient Tea Set"},{"floor":30,"key":"Peace Pipe"},{"floor":43,"key":"Anchor"},{"floor":46,"key":"Centennial Puzzle"},{"floor":48,"key":"Incense Burner"}],"event_choices":[{"cards_removed":["Defend_B"],"damage_healed":0,"gold_gain":0,"player_choice":"Purged","damage_taken":0,"max_hp_gain":0,"max_hp_loss":0,"event_name":"Purifier","floor":3,"gold_loss":0},{"damage_healed":0,"gold_gain":0,"player_choice":"Ignored","damage_taken":0,"max_hp_gain":0,"max_hp_loss":0,"event_name":"Vampires","floor":27,"gold_loss":0},{"cards_removed":["Strike_B"],"damage_healed":0,"gold_gain":0,"player_choice":"Removed Attack","damage_taken":0,"max_hp_gain":0,"max_hp_loss":0,"event_name":"Falling","floor":36,"gold_loss":0},{"damage_healed":0,"gold_gain":0,"player_choice":"Memory 1","damage_taken":0,"max_hp_gain":0,"max_hp_loss":0,"event_name":"SensoryStone","floor":37,"gold_loss":0},{"damage_healed":0,"gold_gain":0,"player_choice":"Embrace Madness","damage_taken":9,"max_hp_gain":0,"max_hp_loss":0,"event_name":"Winding Halls","floor":41,"gold_loss":0,"cards_obtained":["Madness","Madness"]},{"damage_healed":0,"gold_gain":0,"player_choice":"Ignored","damage_taken":0,"max_hp_gain":0,"max_hp_loss":0,"event_name":"Tomb of Lord Red Mask","floor":44,"gold_loss":0},{"damage_healed":0,"gold_gain":0,"player_choice":"Fight","damage_taken":0,"max_hp_gain":0,"max_hp_loss":0,"event_name":"MindBloom","floor":48,"gold_loss":0}],"is_beta":false,"boss_relics":[{"not_picked":["Velvet Choker","Black Star"],"picked":"Nuclear Battery"},{"not_picked":["White Beast Statue","Fusion Hammer"],"picked":"Philosopher\u0027s Stone"}],"items_purged_floors":[2,22,25],"is_endless":false,"potions_floor_spawned":[1,8,11,16,19,24,28,31,35,39,42],"ascension_level":0}