{"gold_per_floor":[111,286,305,319,100,100,375,128,199,213,168,168,230,198,198,198],"floor_reached":16,"playtime":1176,"items_purged":["Doubt","Regret"],"score":90,"play_id":"5ac73c9b-070f-4a33-98ef-76c764ad8a76","local_time":"20190812114436","is_ascension_mode":false,"campfire_choices":[{"data":"PiercingWail","floor":6,"key":"SMITH"},{"data":"Dodge and Roll","floor":12,"key":"SMITH"},{"floor":15,"key":"REST"}],"neow_cost":"NONE","seed_source_timestamp":1099282064488727,"circlet_count":0,"master_deck":["Strike_G","Strike_G","Strike_G","Strike_G","Strike_G","Defend_G","Defend_G","Defend_G","Defend_G","Defend_G","Survivor","Neutralize","Dodge and Roll+1","Finisher","PiercingWail+1","Night Terror","Footwork"],"relics":["Ring of the Snake","Regal Pillow","Bag of Preparation","Oddly Smooth Stone","Dodecahedron","Singing Bowl"],"potions_floor_usage":[16],"damage_taken":[{"damage":1,"enemies":"Small Slimes","floor":1,"turns":3},{"damage":0,"enemies":"Jaw Worm","floor":3,"turns":8},{"damage":0,"enemies":"Cultist","floor":4,"turns":3},{"damage":2,"enemies":"3 Louse","floor":10,"turns":7},{"damage":1,"enemies":"Looter","floor":11,"turns":5},{"damage":60,"enemies":"Gremlin Nob","floor":13,"turns":10},{"damage":0,"enemies":"Exordium Thugs","floor":14,"turns":7},{"damage":51,"enemies":"Slime Boss","floor":16,"turns":12}],"seed_played":"-3753686595349718189","potions_obtained":[{"floor":14,"key":"GamblersBrew"}],"is_trial":false,"path_per_floor":["M","?","M","M","$","R","?","$","T","M","M","R","?","M","R","B"],"character_chosen":"THE_SILENT","items_purchased":["Bag of Preparation","Oddly Smooth Stone"],"campfire_rested":1,"item_purchase_floors":[5,8],"current_hp_per_floor":[69,69,69,69,69,69,69,69,69,67,66,66,8,10,47,0],"gold":198,"neow_bonus":"RANDOM_COMMON_RELIC","is_prod":false,"is_daily":false,"chose_seed":false,"campfire_upgraded":2,"win_rate":0.0,"timestamp":1565628276,"path_taken":["M","?","M","M","$","R","?","$","T","?","M","R","?","M","R","BOSS"],"build_version":"2019-07-17","purchased_purges":2,"victory":false,"max_hp_per_floor":[70,70,70,70,70,70,70,70,70,70,70,70,72,74,74,74],"card_choices":[{"not_picked":["Sucker Punch","Prepared"],"picked":"Dodge and Roll","floor":1},{"not_picked":["Underhanded Strike","Slice"],"picked":"Finisher","floor":3},{"not_picked":["Cloak And Dagger","Flying Knee"],"picked":"PiercingWail","floor":4},{"not_picked":["Bane","Footwork"],"picked":"Night Terror","floor":10},{"not_picked":["Quick Slash","PiercingWail"],"picked":"Footwork","floor":11},{"not_picked":["Blur","Bane","Endless Agony"],"picked":"Singing Bowl","floor":13},{"not_picked":["Backflip","Underhanded Strike","Endless Agony"],"picked":"Singing Bowl","floor":14}],"player_experience":153748,"relics_obtained":[{"floor":9,"key":"Dodecahedron"},{"floor":13,"key":"Singing Bowl"}],"event_choices":[{"damage_healed":0,"gold_gain":175,"player_choice":"AGREE","damage_taken":0,"max_hp_gain":0,"max_hp_loss":0,"event_name":"Liars Game","floor":2,"gold_loss":0,"cards_obtained":["Doubt"]},{"damage_healed":0,"gold_gain":275,"player_choice":"Desecrate","damage_taken":0,"max_hp_gain":0,"max_hp_loss":0,"event_name":"Golden Shrine","floor":7,"gold_loss":0,"cards_obtained":["Regret"]},{"damage_healed":0,"gold_gain":0,"player_choice":"Searched \u00271\u0027 times","damage_taken":0,"max_hp_gain":0,"max_hp_loss":0,"event_name":"Dead Adventurer","floor":13,"gold_loss":0}],"is_beta":false,"boss_relics":[],"items_purged_floors":[5,8],"is_endless":false,"potions_floor_spawned":[14],"killed_by":"Slime Boss","ascension_level":0}