{"gold_per_floor":[218,233,308,322,29,61,61,92,92,92,17,17,30,60,60,157,157,172,143,343,200,212,231,231],"floor_reached":24,"playtime":1411,"items_purged":["Strike_R"],"score":206,"play_id":"ac378176-5bc6-40d1-8a31-88d6e2f2ee8a","local_time":"20190908161101","is_ascension_mode":false,"campfire_choices":[{"data":"Clothesline","floor":7,"key":"SMITH"},{"data":"Bash","floor":10,"key":"SMITH"},{"floor":15,"key":"REST"}],"neow_cost":"NONE","seed_source_timestamp":2220097384208718,"circlet_count":0,"master_deck":["Strike_R","Strike_R","Strike_R","Strike_R","Defend_R","Defend_R","Defend_R","Defend_R","Bash+1","Inflame","Clash","Clothesline+1","Pommel Strike","Demon Form","Ghostly Armor","Feed","Body Slam+1","Rage","Shrug It Off","Metallicize+1"],"relics":["Black Blood","Pear","Orichalcum","Ice Cream","Sundial","Vajra"],"potions_floor_usage":[8,19,23],"damage_taken":[{"damage":0,"enemies":"2 Louse","floor":1,"turns":3},{"damage":7,"enemies":"Small Slimes","floor":2,"turns":4},{"damage":4,"enemies":"Cultist","floor":4,"turns":4},{"damage":20,"enemies":"Lagavulin","floor":6,"turns":6},{"damage":18,"enemies":"3 Sentries","floor":8,"turns":7},{"damage":10,"enemies":"Exordium Thugs","floor":13,"turns":5},{"damage":16,"enemies":"Slime Boss","floor":16,"turns":9},{"damage":21,"enemies":"Spheric Guardian","floor":18,"turns":5},{"damage":21,"enemies":"2 Thieves","floor":19,"turns":5},{"damage":10,"enemies":"Snecko","floor":22,"turns":4},{"damage":30,"enemies":"Snake Plant","floor":23,"turns":6},{"damage":58,"enemies":"Gremlin Leader","floor":24,"turns":10}],"seed_played":"7809172060579009928","potions_obtained":[{"floor":4,"key":"PowerPotion"},{"floor":8,"key":"GamblersBrew"},{"floor":16,"key":"Strength Potion"},{"floor":19,"key":"Ancient Potion"}],"is_trial":false,"path_per_floor":["M","M","?","M","$","E","R","E","T","R","$","?","M","?","R","B",null,"M","M","?","$","M","M","E"],"character_chosen":"IRONCLAD","items_purchased":["Pommel Strike","Pear","Vajra"],"campfire_rested":1,"item_purchase_floors":[5,5,21],"current_hp_per_floor":[80,79,68,70,80,66,66,54,54,54,54,54,50,50,77,67,90,82,71,71,71,71,51,0],"gold":231,"neow_bonus":"HUNDRED_GOLD","is_prod":false,"is_daily":false,"chose_seed":false,"campfire_upgraded":2,"win_rate":0,"timestamp":1567951861,"path_taken":["M","M","?","M","$","E","R","E","T","R","$","?","M","?","R","BOSS","M","M","?","$","M","?","E"],"build_version":"2019-07-17","purchased_purges":1,"victory":false,"max_hp_per_floor":[80,80,80,80,90,90,90,90,90,90,90,90,90,90,90,90,90,93,93,93,93,93,93,93],"card_choices":[{"not_picked":["Havoc","Rage"],"picked":"Inflame","floor":1},{"not_picked":["Ghostly Armor","Havoc"],"picked":"Clash","floor":2},{"not_picked":["Anger","Cleave"],"picked":"Clothesline","floor":4},{"not_picked":["Shrug It Off","Iron Wave"],"picked":"Demon Form","floor":6},{"not_picked":["Body Slam","Evolve","Rampage"],"picked":"SKIP","floor":8},{"not_picked":["Flex","Pommel Strike"],"picked":"Ghostly Armor","floor":13},{"not_picked":["Brutality","Dark Embrace"],"picked":"Feed","floor":16},{"not_picked":["Pummel","Uppercut"],"picked":"Body Slam+1","floor":18},{"not_picked":["Thunderclap","Dropkick"],"picked":"Rage","floor":19},{"not_picked":["Clash+1","Clothesline"],"picked":"Shrug It Off","floor":22},{"not_picked":["Searing Blow","Reckless Charge"],"picked":"Metallicize+1","floor":23}],"player_experience":180434,"relics_obtained":[{"floor":6,"key":"Orichalcum"},{"floor":8,"key":"Ice Cream"},{"floor":9,"key":"Sundial"}],"event_choices":[{"damage_healed":0,"gold_gain":75,"player_choice":"Gather Gold","damage_taken":11,"max_hp_gain":0,"max_hp_loss":0,"event_name":"World of Goop","floor":3,"gold_loss":0},{"damage_healed":0,"gold_gain":0,"player_choice":"Ignored","damage_taken":0,"max_hp_gain":0,"max_hp_loss":0,"event_name":"Liars Game","floor":12,"gold_loss":0},{"damage_healed":0,"gold_gain":30,"player_choice":"Searched \u00271\u0027 times","damage_taken":0,"max_hp_gain":0,"max_hp_loss":0,"event_name":"Dead Adventurer","floor":14,"gold_loss":0},{"damage_healed":0,"gold_gain":200,"player_choice":"Gold","damage_taken":0,"max_hp_gain":0,"max_hp_loss":0,"event_name":"Wheel of Change","floor":20,"gold_loss":0}],"is_beta":false,"boss_relics":[{"not_picked":["Pandora\u0027s Box","Runic Pyramid"],"picked":"Black Blood"}],"items_purged_floors":[11],"is_endless":false,"potions_floor_spawned":[4,8,16,19],"killed_by":"Gremlin Leader","ascension_level":0}