{"path_per_floor":["M","$","M","M","M","E","R","M","T","?","E","R","?","M","R","B",null,"M","$","M","?","M","R","?","M","T","?"],"character_chosen":"THE_SILENT","items_purchased":["Thread and Needle","Whetstone"],"gold_per_floor":[367,62,72,91,107,141,141,156,156,106,132,132,132,152,152,255,255,227,47,60,60,71,71,71,85,108,108,108],"floor_reached":28,"campfire_rested":1,"playtime":2755,"current_hp_per_floor":[61,61,61,61,61,58,58,58,58,58,55,55,42,42,42,32,63,46,46,47,47,35,63,63,43,43,43,0],"items_purged":["Pain"],"gold":108,"score":230,"play_id":"b00f70f4-f215-481b-90c7-c16e145a26bf","local_time":"20180328004128","is_prod":false,"is_daily":false,"is_ascension_mode":false,"campfire_upgraded":1,"timestamp":1522190488,"path_taken":["M","$","M","M","M","E","R","M","T","?","E","R","?","M","R","BOSS","M","$","M","?","M","R","?","M","T","?","E"],"build_version":"2018-03-22v2","purchased_purges":1,"victory":false,"master_deck":["Defend_G+1","Defend_G+1","Defend_G+1","Defend_G+1","Defend_G+1","Strike_G+1","Strike_G+1","Strike_G+1","Strike_G+1","Survivor","Neutralize","Prepared","Quick Slash+1","Dagger Throw+1","Endless Agony","Quick Slash","Noxious Fumes","Prepared","Storm of Steel","Backflip","Caltrops+1"],"max_hp_per_floor":[63,63,63,63,63,63,63,63,63,63,63,63,63,63,63,63,63,63,63,63,63,63,63,63,63,63,63,63],"relics":["Ring of the Snake","Thread and Needle","The Courier","Shovel","Sundial","Ancient Tea Set","Regal Pillow","Calling Bell","Frozen Egg 2","Art of War","Blood Vial","Whetstone","Pen Nib"],"card_choices":[{"not_picked":["Distraction","Accuracy"],"picked":"Prepared","floor":1},{"not_picked":["Heel Hook","Distraction"],"picked":"Quick Slash","floor":3},{"not_picked":["Cloak And Dagger","Underhanded Strike"],"picked":"Dagger Throw","floor":5},{"not_picked":["Prepared","Catalyst"],"picked":"Endless Agony","floor":6},{"not_picked":["Choke","Dagger Spray"],"picked":"Quick Slash","floor":8},{"not_picked":["All Out Attack","Endless Agony"],"picked":"Noxious Fumes","floor":11},{"not_picked":["Cloak And Dagger","Storm of Steel"],"picked":"Prepared","floor":14},{"not_picked":["Bullet Time","Phantasmal Killer"],"picked":"Storm of Steel","floor":16},{"not_picked":["PiercingWail","Blade Dance"],"picked":"Backflip","floor":18},{"not_picked":["Adrenaline","Dodge and Roll"],"picked":"Caltrops","floor":20}],"player_experience":182589,"potions_floor_usage":[6,6,20,25],"damage_taken":[{"damage":2,"enemies":"2 Louse","floor":1,"turns":2},{"damage":0,"enemies":"Jaw Worm","floor":3,"turns":4},{"damage":0,"enemies":"Cultist","floor":4,"turns":3},{"damage":0,"enemies":"3 Louse","floor":5,"turns":3},{"damage":3,"enemies":"Lagavulin","floor":6,"turns":5},{"damage":0,"enemies":"Exordium Wildlife","floor":8,"turns":4},{"damage":3,"enemies":"3 Sentries","floor":11,"turns":7},{"damage":0,"enemies":"Looter","floor":14,"turns":3},{"damage":10,"enemies":"Slime Boss","floor":16,"turns":8},{"damage":17,"enemies":"2 Thieves","floor":18,"turns":5},{"damage":1,"enemies":"3 Byrds","floor":20,"turns":5},{"damage":14,"enemies":"Centurion and Healer","floor":22,"turns":10},{"damage":20,"enemies":"Slaver and Parasite","floor":25,"turns":5},{"damage":56,"enemies":"Gremlin Leader","floor":28,"turns":6}],"event_choices":[{"event_name":"The Cleric","player_choice":"Card Removal","floor":10,"damage_taken":0},{"event_name":"Shining Light","player_choice":"Entered Light","floor":13,"damage_taken":0},{"event_name":"Back to Basics","player_choice":"Simplicity","floor":21,"damage_taken":0},{"event_name":"Beggar","player_choice":"Ignored","floor":24,"damage_taken":0},{"event_name":"Fountain of Cleansing","player_choice":"Removed Curse","floor":27,"damage_taken":0}],"boss_relics":[{"not_picked":["Astrolabe","Ectoplasm"],"picked":"Calling Bell"}],"potions_floor_spawned":[1,5,8,18,22],"seed_played":"-4569185918743193393","killed_by":"Gremlin Leader","ascension_level":0,"is_trial":false}