{"path_per_floor":["M","M","M","M","M","R","$","M","T","M","?","?","$","M","R"],"character_chosen":"DEFECT","items_purchased":["Genetic Algorithm","Doom and Gloom"],"gold_per_floor":[116,134,146,159,178,178,25,42,42,53,83,83,13,27,27,27],"floor_reached":16,"campfire_rested":1,"playtime":1308,"current_hp_per_floor":[73,64,62,47,35,35,35,22,22,22,22,22,22,18,40,0],"items_purged":["Strike_B"],"gold":27,"score":96,"play_id":"c47d2c1c-de51-457e-8ccd-4fe8e8346363","local_time":"20180429213254","is_prod":false,"is_daily":false,"chose_seed":false,"is_ascension_mode":false,"campfire_upgraded":1,"timestamp":1525030374,"path_taken":["M","M","M","M","M","R","$","M","T","M","?","?","$","M","R","BOSS"],"build_version":"2018-04-27v3","seed_source_timestamp":16974106789789,"purchased_purges":1,"victory":false,"master_deck":["Strike_B","Strike_B","Strike_B","Defend_B","Defend_B","Defend_B","Defend_B","Zap+1","Dualcast","Skim","Barrage","Prime","Aggregate","Genetic Algorithm","Skim","Regret","Doom and Gloom","Fission"],"max_hp_per_floor":[75,75,75,75,75,75,75,75,75,75,75,75,75,75,75,75],"relics":["Cracked Core","Pen Nib","Mummified Hand","Sundial","Thread and Needle"],"card_choices":[{"not_picked":["Impulse","Capacitor"],"picked":"Skim","floor":1},{"not_picked":["Reprogram","Streamline"],"picked":"Barrage","floor":3},{"not_picked":["Leap","Impulse"],"picked":"Prime","floor":4},{"not_picked":["Streamline","Ball Lightning"],"picked":"Aggregate","floor":5},{"not_picked":["Undo","Static Discharge"],"picked":"Skim","floor":10},{"not_picked":["Impulse","Ball Lightning"],"picked":"Fission","floor":14}],"player_experience":6885,"potions_floor_usage":[10,16,16],"damage_taken":[{"damage":2,"enemies":"Jaw Worm","floor":1,"turns":5},{"damage":9,"enemies":"2 Louse","floor":2,"turns":3},{"damage":2,"enemies":"Cultist","floor":3,"turns":5},{"damage":15,"enemies":"Exordium Wildlife","floor":4,"turns":5},{"damage":12,"enemies":"Looter","floor":5,"turns":4},{"damage":13,"enemies":"2 Fungi Beasts","floor":8,"turns":4},{"damage":0,"enemies":"Large Slime","floor":10,"turns":5},{"damage":4,"enemies":"Exordium Wildlife","floor":14,"turns":4},{"damage":42,"enemies":"Hexaghost","floor":16,"turns":9}],"event_choices":[{"event_name":"Dead Adventurer","player_choice":"Searched \u00273\u0027 times","floor":11,"damage_taken":0},{"event_name":"Big Fish","player_choice":"Box","floor":12,"damage_taken":0}],"boss_relics":[],"potions_floor_spawned":[2,3,8],"seed_played":"-9058174502126461140","killed_by":"Hexaghost","ascension_level":0,"is_trial":false}