{"gold_per_floor":[116,41,57,57,76,76,104,121,121,121,135,135,162,181,181,181],"floor_reached":16,"playtime":783,"items_purged":["Strike_R"],"score":118,"play_id":"8281e8b8-d2dd-4807-9c95-fa739959dda7","local_time":"20190907162854","is_ascension_mode":true,"campfire_choices":[{"data":"Bash","floor":6,"key":"SMITH"},{"data":"Pommel Strike","floor":10,"key":"SMITH"},{"data":"Cleave","floor":12,"key":"SMITH"},{"floor":15,"key":"REST"}],"neow_cost":"NONE","seed_source_timestamp":11910517806905,"circlet_count":0,"master_deck":["Strike_R+1","Strike_R+1","Strike_R","Strike_R","Defend_R","Defend_R","Defend_R","Defend_R","Bash+1","Cleave+1","Heavy Blade","Pommel Strike+1","Limit Break","Shockwave","Shrug It Off","Pummel+1"],"relics":["Burning Blood","Pen Nib","Anchor","Whetstone","Molten Egg 2"],"potions_floor_usage":[7,16,16],"damage_taken":[{"damage":15,"enemies":"Jaw Worm","floor":1,"turns":4},{"damage":0,"enemies":"Small Slimes","floor":3,"turns":2},{"damage":1,"enemies":"Cultist","floor":5,"turns":3},{"damage":36,"enemies":"Lagavulin","floor":7,"turns":4},{"damage":0,"enemies":"Lots of Slimes","floor":8,"turns":2},{"damage":17,"enemies":"Large Slime","floor":11,"turns":5},{"damage":27,"enemies":"Gremlin Nob","floor":13,"turns":4},{"damage":0,"enemies":"2 Fungi Beasts","floor":14,"turns":3},{"damage":74,"enemies":"Hexaghost","floor":16,"turns":10}],"seed_played":"6319535706671230074","potions_obtained":[{"floor":3,"key":"Poison Potion"},{"floor":13,"key":"EssenceOfSteel"},{"floor":14,"key":"BloodPotion"}],"is_trial":false,"path_per_floor":["M","$","M","$","M","R","E","M","T","R","M","R","E","M","R","B"],"character_chosen":"IRONCLAD","items_purchased":[],"campfire_rested":1,"item_purchase_floors":[],"current_hp_per_floor":[71,71,77,77,80,80,50,56,56,56,45,45,24,30,54,0],"gold":181,"neow_bonus":"RANDOM_COMMON_RELIC","is_prod":false,"is_daily":false,"chose_seed":false,"campfire_upgraded":3,"win_rate":0,"timestamp":1567866534,"path_taken":["M","$","M","$","M","R","E","M","T","R","M","R","E","M","R","BOSS"],"build_version":"2019-07-17","purchased_purges":1,"victory":false,"max_hp_per_floor":[80,80,80,80,80,80,80,80,80,80,80,80,80,80,80,80],"card_choices":[{"not_picked":["Iron Wave","Sentinel"],"picked":"Cleave","floor":1},{"not_picked":["Perfected Strike","Warcry"],"picked":"Heavy Blade","floor":3},{"not_picked":["Shrug It Off","Corruption"],"picked":"Pommel Strike","floor":5},{"not_picked":["Heavy Blade","Iron Wave","Wild Strike"],"picked":"SKIP","floor":7},{"not_picked":["Wild Strike","Shrug It Off"],"picked":"Limit Break","floor":8},{"not_picked":["Wild Strike","Flex"],"picked":"Shockwave","floor":11},{"not_picked":["Cleave","Searing Blow"],"picked":"Shrug It Off","floor":13},{"not_picked":["Twin Strike+1","Anger+1"],"picked":"Pummel+1","floor":14}],"player_experience":837249,"relics_obtained":[{"floor":7,"key":"Anchor"},{"floor":9,"key":"Whetstone"},{"floor":13,"key":"Molten Egg 2"}],"event_choices":[],"is_beta":false,"boss_relics":[],"items_purged_floors":[2],"is_endless":false,"potions_floor_spawned":[3,13,14],"killed_by":"Hexaghost","ascension_level":1}