{"path_per_floor":["M","$","M","M","M","E","R","E","T","M","$","R","M","$","R","B",null,"M","?","M","?","$","R","M","$","T","M","M","R","?","M","R","B",null,"M","?","M","?","M","R","M","M","T","R","E","?","R","M","R"],"character_chosen":"IRONCLAD","items_purchased":["Metallicize","Thunderclap","Flame Barrier","Metallicize"],"gold_per_floor":[217,46,64,84,103,134,134,162,188,205,68,68,82,13,13,111,111,130,55,68,68,68,68,84,84,84,99,113,113,113,123,123,221,221,235,235,250,297,309,309,325,337,361,361,386,386,386,400,400,400],"floor_reached":50,"campfire_rested":4,"playtime":5921,"current_hp_per_floor":[80,80,80,80,69,36,36,9,16,22,22,22,28,28,28,38,87,86,86,71,71,71,71,22,22,22,12,12,38,67,76,76,15,87,86,86,82,31,9,35,11,8,8,34,14,14,40,34,34,0],"items_purged":["Defend_R","Strike_R"],"gold":400,"score":588,"play_id":"4e76603a-c4b6-4a51-92bc-30f4ecaba07e","local_time":"20180415040924","is_prod":false,"is_daily":false,"chose_seed":false,"is_ascension_mode":true,"campfire_upgraded":1,"timestamp":1523758164,"path_taken":["M","$","M","M","M","E","R","E","T","M","?","R","M","$","R","BOSS","M","?","M","?","$","R","M","?","T","M","M","R","?","M","R","BOSS","M","?","?","?","?","R","M","M","T","R","E","?","R","M","R","BOSS"],"build_version":"2018-04-12","seed_source_timestamp":0,"purchased_purges":2,"victory":false,"master_deck":["Strike_R+1","Strike_R","Defend_R","Bash","Shrug It Off","Metallicize+1","Thunderclap","Twin Strike+1","Limit Break","Inflame","Shrug It Off","Flame Barrier","Metallicize","Offering","Dark Embrace+1","Twin Strike+1","Cleave+1","Iron Wave+1","Heavy Blade+1","Body Slam+1","Warcry+1","Reaper","Barricade+1","Flex+1","Entrench","Flame Barrier+1"],"max_hp_per_floor":[80,80,80,80,80,80,80,80,87,87,87,87,87,87,87,87,87,87,87,87,87,87,87,87,87,87,87,87,87,87,87,87,87,87,87,87,87,87,87,87,87,87,87,87,87,87,87,87,87,87],"relics":["Burning Blood","Pen Nib","Shovel","Strawberry","Vajra","Bird Faced Urn","Astrolabe","Ornamental Fan","The Courier","Happy Flower","Lizard Tail","Du-Vu Doll","Anchor","Dodecahedron","Whetstone"],"card_choices":[{"not_picked":["Thunderclap","Wild Strike"],"picked":"Shrug It Off","floor":1.0},{"not_picked":["Perfected Strike","Shockwave"],"picked":"Twin Strike","floor":5.0},{"not_picked":["Cleave","Corruption"],"picked":"Limit Break","floor":6.0},{"not_picked":["Body Slam","Headbutt"],"picked":"Inflame","floor":8.0},{"not_picked":["Anger","Shockwave"],"picked":"Shrug It Off","floor":10.0},{"not_picked":["Immolate","Exhume"],"picked":"Offering","floor":16.0},{"not_picked":["Pommel Strike","Combust"],"picked":"Iron Wave","floor":18.0},{"not_picked":["Pommel Strike","Havoc"],"picked":"Heavy Blade","floor":20.0},{"not_picked":["Clash","Havoc"],"picked":"Body Slam","floor":24.0},{"not_picked":["Sever Soul","Sword Boomerang"],"picked":"Warcry","floor":27.0},{"not_picked":["Sentinel","Evolve"],"picked":"Reaper","floor":28.0},{"not_picked":["Limit Break","Brutality"],"picked":"Barricade","floor":33.0},{"not_picked":["Rampage","Heavy Blade"],"picked":"Flex","floor":37},{"not_picked":["Perfected Strike","Pommel Strike"],"picked":"Entrench","floor":39},{"not_picked":["Reckless Charge","Clothesline"],"picked":"Flame Barrier","floor":42}],"player_experience":353311,"potions_floor_usage":[35,38,45,48],"damage_taken":[{"damage":6.0,"enemies":"Cultist","floor":1.0,"turns":3.0},{"damage":5.0,"enemies":"2 Louse","floor":3.0,"turns":3.0},{"damage":1.0,"enemies":"Small Slimes","floor":4.0,"turns":4.0},{"damage":17.0,"enemies":"Blue Slaver","floor":5.0,"turns":4.0},{"damage":39.0,"enemies":"Lagavulin","floor":6.0,"turns":6.0},{"damage":33.0,"enemies":"3 Sentries","floor":8.0,"turns":9.0},{"damage":0.0,"enemies":"Large Slime","floor":10.0,"turns":5.0},{"damage":0.0,"enemies":"3 Louse","floor":13.0,"turns":2.0},{"damage":2.0,"enemies":"Hexaghost","floor":16.0,"turns":8.0},{"damage":15.0,"enemies":"Shell Parasite","floor":18.0,"turns":4.0},{"damage":22.0,"enemies":"3 Byrds","floor":20.0,"turns":3.0},{"damage":63.0,"enemies":"Slaver and Parasite","floor":24.0,"turns":4.0},{"damage":24.0,"enemies":"Snake Plant","floor":27.0,"turns":4.0},{"damage":14.0,"enemies":"Centurion and Healer","floor":28.0,"turns":4.0},{"damage":12.0,"enemies":"Cultist and Chosen","floor":31.0,"turns":5.0},{"damage":75.0,"enemies":"Automaton","floor":33.0,"turns":9.0},{"damage":57,"enemies":"3 Darklings","floor":35,"turns":5},{"damage":15,"enemies":"Orb Walker","floor":37,"turns":4},{"damage":65,"enemies":"Mysterious Sphere","floor":38,"turns":6},{"damage":50,"enemies":"Sphere and 2 Shapes","floor":39,"turns":10},{"damage":47,"enemies":"3 Darklings","floor":41,"turns":5},{"damage":19,"enemies":"Maw","floor":42,"turns":7},{"damage":36,"enemies":"Nemesis","floor":45,"turns":7},{"damage":20,"enemies":"Sphere and 2 Shapes","floor":48,"turns":5},{"damage":96,"enemies":"Awakened One","floor":50,"turns":5}],"event_choices":[{"event_name":"Beggar","player_choice":"Gave Gold","floor":19.0,"damage_taken":0.0},{"event_name":"Addict","player_choice":"Ignored","floor":21.0,"damage_taken":0.0},{"event_name":"The Library","player_choice":"Heal","floor":30.0,"damage_taken":0.0},{"event_name":"SecretPortal","player_choice":"Rejected Portal.","floor":36,"damage_taken":0},{"event_name":"Mysterious Sphere","player_choice":"Fight","floor":38,"damage_taken":0},{"event_name":"Upgrade Shrine","player_choice":"Upgraded","floor":46,"damage_taken":0}],"boss_relics":[{"not_picked":["Black Blood","Philosopher\u0027s Stone"],"picked":"Lizard Tail"}],"potions_floor_spawned":[3,5,8,10,18,24,33,35,42,45],"seed_played":"1427525980951969110","killed_by":"Awakened One","ascension_level":3,"is_trial":false}