{"path_per_floor":["M","M","M","M","M","E","$","R","T","?","M","E","R","M","R","B",null,"M","?","?","M","$","E","R","M","T","R","?","M","R","M","R"],"character_chosen":"THE_SILENT","items_purchased":["Vajra"],"gold_per_floor":[114,132,147,158,170,198,123,123,150,225,236,261,261,280,280,381,381,395,395,395,412,162,195,195,206,506,506,506,522,522,538,538,538],"floor_reached":33,"campfire_rested":6,"playtime":4021,"current_hp_per_floor":[42,51,51,51,44,27,27,52,52,41,27,29,56,44,71,6,91,68,68,68,50,50,6,33,5,5,32,62,47,47,18,45,0],"items_purged":["Defend_G","Strike_G"],"gold":538,"score":304,"play_id":"e1004083-1e7e-4a94-9680-5fd8407c1621","local_time":"20180327235519","is_prod":false,"is_daily":false,"is_ascension_mode":false,"campfire_upgraded":1,"timestamp":1522187719,"path_taken":["M","M","M","M","M","E","$","R","T","?","M","E","R","M","R","BOSS","M","?","?","M","$","E","R","M","T","R","?","M","R","M","R","BOSS"],"build_version":"2018-03-22v2","purchased_purges":2,"victory":false,"master_deck":["Defend_G+1","Defend_G","Defend_G","Defend_G","Strike_G","Strike_G","Strike_G","Strike_G","Survivor","Neutralize","Dash","Infinite Blades+1","Backflip","Flying Knee","Accuracy","Blade Dance","Adrenaline+1","Acrobatics","Prepared","Die Die Die","Finisher"],"max_hp_per_floor":[84,84,84,84,84,84,84,84,84,84,84,91,91,91,91,91,91,91,91,91,91,91,91,91,91,91,91,91,91,91,91,91,91],"relics":["Ring of the Snake","Bag of Preparation","Juzu Bracelet","Strawberry","Lizard Tail","Vajra","War Paint","Old Coin"],"card_choices":[{"not_picked":["Setup","Riddle With Holes"],"picked":"Dash","floor":1},{"not_picked":["Dagger Throw","Bane"],"picked":"Infinite Blades","floor":2},{"not_picked":["Dodge and Roll","Prepared"],"picked":"Backflip","floor":3},{"not_picked":["Poisoned Stab","Expertise"],"picked":"Flying Knee","floor":4},{"not_picked":["Cloak And Dagger","Bouncing Flask"],"picked":"Accuracy","floor":5},{"not_picked":["Burst","Choke"],"picked":"Blade Dance","floor":12},{"not_picked":["Grand Finale","Night Terror"],"picked":"Adrenaline","floor":16},{"not_picked":["Underhanded Strike","Deadly Poison"],"picked":"Acrobatics","floor":21},{"not_picked":["Reflex","Blur"],"picked":"Prepared","floor":25},{"not_picked":["Dodge and Roll","Acrobatics"],"picked":"Die Die Die","floor":29},{"not_picked":["Backflip","Outmaneuver"],"picked":"Finisher","floor":31}],"player_experience":178568,"potions_floor_usage":[2,4,5,11,23,31,33,33],"damage_taken":[{"damage":0,"enemies":"Jaw Worm","floor":1,"turns":5},{"damage":6,"enemies":"2 Louse","floor":2,"turns":6},{"damage":0,"enemies":"Cultist","floor":3,"turns":4},{"damage":0,"enemies":"Exordium Wildlife","floor":4,"turns":6},{"damage":7,"enemies":"Gremlin Gang","floor":5,"turns":5},{"damage":17,"enemies":"3 Sentries","floor":6,"turns":8},{"damage":14,"enemies":"Lots of Slimes","floor":11,"turns":5},{"damage":5,"enemies":"Lagavulin","floor":12,"turns":7},{"damage":12,"enemies":"Blue Slaver","floor":14,"turns":3},{"damage":65,"enemies":"The Guardian","floor":16,"turns":16},{"damage":23,"enemies":"Shell Parasite","floor":18,"turns":8},{"damage":18,"enemies":"Spheric Guardian","floor":21,"turns":4},{"damage":44,"enemies":"Slavers","floor":23,"turns":8},{"damage":75,"enemies":"Cultist and Chosen","floor":25,"turns":8},{"damage":15,"enemies":"Snecko","floor":29,"turns":5},{"damage":29,"enemies":"Centurion and Healer","floor":31,"turns":4},{"damage":78,"enemies":"Automaton","floor":33,"turns":6}],"event_choices":[{"event_name":"World of Goop","player_choice":"Gather Gold","floor":10,"damage_taken":0},{"event_name":"Vampires","player_choice":"Ignored","floor":19,"damage_taken":0},{"event_name":"Cursed Tome","player_choice":"Ignored","floor":20,"damage_taken":0},{"event_name":"The Library","player_choice":"Heal","floor":28,"damage_taken":0}],"boss_relics":[{"not_picked":["Philosopher\u0027s Stone","Snecko Eye"],"picked":"Lizard Tail"}],"potions_floor_spawned":[1,2,3,4,16,25,29,31],"seed_played":"8123706234921849731","killed_by":"Automaton","ascension_level":0,"is_trial":false}