{"gold_per_floor":[115,115,390,165,176,176,188,199,199,199,230,243,269,286,286,286],"floor_reached":16,"playtime":1232,"items_purged":["Regret"],"score":137,"play_id":"5c2294e1-2010-4172-82fb-a48c5aa0d4b8","local_time":"20190124203618","is_ascension_mode":false,"campfire_choices":[{"data":"Cloak And Dagger","floor":6,"key":"SMITH"},{"data":"Survivor","floor":10,"key":"SMITH"},{"floor":15,"key":"REST"}],"neow_cost":"NONE","seed_source_timestamp":36011678068161,"circlet_count":0,"master_deck":["Defend_G","Defend_G","Defend_G","Defend_G","Defend_G","Strike_G","Strike_G","Strike_G","Strike_G","Strike_G","Survivor+1","Neutralize","Cloak And Dagger+1","Backstab","Cloak And Dagger","Acrobatics"],"relics":["Ring of the Snake","NeowsBlessing","Dodecahedron","Ancient Tea Set","Blue Candle","Art of War","Bag of Marbles"],"potions_floor_usage":[11,12,12,13,13,13,16],"damage_taken":[{"damage":0,"enemies":"Small Slimes","floor":1,"turns":1},{"damage":0,"enemies":"Cultist","floor":5,"turns":1},{"damage":0,"enemies":"Jaw Worm","floor":7,"turns":1},{"damage":3,"enemies":"Exordium Wildlife","floor":8,"turns":4},{"damage":11,"enemies":"3 Sentries","floor":11,"turns":8},{"damage":0,"enemies":"Blue Slaver","floor":12,"turns":4},{"damage":0,"enemies":"Lagavulin","floor":13,"turns":5},{"damage":0,"enemies":"2 Fungi Beasts","floor":14,"turns":3},{"damage":55,"enemies":"Slime Boss","floor":16,"turns":14}],"seed_played":"-8617909347359866042","potions_obtained":[{"floor":8,"key":"LiquidBronze"},{"floor":11,"key":"EntropicBrew"},{"floor":12,"key":"Weak Potion"},{"floor":14,"key":"AttackPotion"}],"is_trial":false,"path_per_floor":["M","?","?","$","M","R","M","M","T","R","E","M","E","M","R","B"],"character_chosen":"THE_SILENT","items_purchased":["Ancient Tea Set"],"campfire_rested":1,"item_purchase_floors":[4],"current_hp_per_floor":[70,45,45,45,45,45,45,42,42,42,31,31,31,31,52,0],"gold":286,"neow_bonus":"THREE_ENEMY_KILL","is_prod":false,"is_daily":false,"chose_seed":false,"campfire_upgraded":2,"win_rate":0,"timestamp":1548358578,"path_taken":["M","?","?","$","?","R","M","M","T","R","E","M","E","M","R","BOSS"],"build_version":"2019-01-23","purchased_purges":1,"victory":false,"max_hp_per_floor":[70,70,70,70,70,70,70,70,70,70,70,70,70,70,70,70],"card_choices":[{"not_picked":["Dodge and Roll","Dagger Spray"],"picked":"Cloak And Dagger","floor":1},{"not_picked":["Dagger Throw","Flying Knee"],"picked":"Backstab","floor":5},{"not_picked":["Sucker Punch","Prepared","Concentrate"],"picked":"SKIP","floor":7},{"not_picked":["Caltrops","Bane","Concentrate"],"picked":"SKIP","floor":8},{"not_picked":["Dash","Bane","Eviscerate"],"picked":"SKIP","floor":11},{"not_picked":["Sucker Punch","Eviscerate","Poisoned Stab"],"picked":"SKIP","floor":12},{"not_picked":["A Thousand Cuts","Acrobatics"],"picked":"Cloak And Dagger","floor":13},{"not_picked":["Flying Knee","Deadly Poison"],"picked":"Acrobatics","floor":14}],"player_experience":609186,"relics_obtained":[{"floor":9,"key":"Blue Candle"},{"floor":11,"key":"Art of War"},{"floor":13,"key":"Bag of Marbles"}],"event_choices":[{"damage_healed":0,"gold_gain":0,"player_choice":"Success","damage_taken":25,"relics_obtained":["Dodecahedron"],"max_hp_gain":0,"max_hp_loss":0,"event_name":"Scrap Ooze","floor":2,"gold_loss":0},{"damage_healed":0,"gold_gain":275,"player_choice":"Desecrate","damage_taken":0,"max_hp_gain":0,"max_hp_loss":0,"event_name":"Golden Shrine","floor":3,"gold_loss":0,"cards_obtained":["Regret"]}],"is_beta":false,"boss_relics":[],"items_purged_floors":[4],"is_endless":false,"potions_floor_spawned":[8,11,12,14],"killed_by":"Slime Boss","ascension_level":0}