{"gold_per_floor":[362,381,158,158,158,158,183,203,203,103,122,138,138,161,161,161],"floor_reached":16,"playtime":1003,"items_purged":["Strike_B","Strike_B"],"score":94,"play_id":"187cb2cd-d4bb-42e5-9d89-e6d7d5da0a45","local_time":"20190210232114","is_ascension_mode":false,"campfire_choices":[{"data":"Defend_B","floor":6,"key":"SMITH"},{"data":"Zap","floor":13,"key":"SMITH"},{"floor":15,"key":"REST"}],"neow_cost":"PERCENT_DAMAGE","seed_source_timestamp":23975852029638,"circlet_count":0,"master_deck":["Strike_B","Strike_B","Defend_B+1","Defend_B","Defend_B","Defend_B","Zap+1","Dualcast"],"relics":["Cracked Core","Ancient Tea Set","Golden Idol","FaceOfCleric","Bottled Lightning"],"potions_floor_usage":[16,16,16],"damage_taken":[{"damage":1,"enemies":"Jaw Worm","floor":1,"turns":4},{"damage":1,"enemies":"Cultist","floor":2,"turns":3},{"damage":0,"enemies":"2 Louse","floor":7,"turns":2},{"damage":8,"enemies":"Lots of Slimes","floor":8,"turns":5},{"damage":9,"enemies":"2 Fungi Beasts","floor":11,"turns":4},{"damage":6,"enemies":"Large Slime","floor":12,"turns":7},{"damage":16,"enemies":"Exordium Wildlife","floor":14,"turns":5},{"damage":43,"enemies":"Hexaghost","floor":16,"turns":14}],"seed_played":"816747984756097753","potions_obtained":[{"floor":2,"key":"GamblersBrew"},{"floor":7,"key":"Swift Potion"},{"floor":11,"key":"SpeedPotion"},{"floor":12,"key":"SpeedPotion"}],"is_trial":false,"path_per_floor":["M","M","$","?","?","R","M","M","T","$","M","M","R","M","R","B"],"character_chosen":"DEFECT","items_purchased":["Ancient Tea Set"],"campfire_rested":1,"item_purchase_floors":[3],"current_hp_per_floor":[53,52,52,52,52,52,53,46,46,46,38,33,33,18,40,0],"gold":161,"neow_bonus":"TWO_FIFTY_GOLD","is_prod":false,"is_daily":false,"chose_seed":false,"campfire_upgraded":2,"win_rate":0,"timestamp":1549837274,"path_taken":["M","M","$","?","?","R","M","M","T","$","M","M","R","M","R","BOSS"],"build_version":"2019-01-23","purchased_purges":2,"victory":false,"max_hp_per_floor":[75,75,75,69,69,69,70,71,71,71,72,73,73,74,74,74],"card_choices":[{"not_picked":["Steam","Conserve Battery","Compile Driver"],"picked":"SKIP","floor":1},{"not_picked":["Glacier","Streamline","Sweeping Beam"],"picked":"SKIP","floor":2},{"not_picked":["Reinforced Body","Lockon","Barrage"],"picked":"SKIP","floor":7},{"not_picked":["Cold Snap","Static Discharge","Barrage"],"picked":"SKIP","floor":8},{"not_picked":["Steam","Recycle","Rebound"],"picked":"SKIP","floor":11},{"not_picked":["Hologram","Auto Shields","Aggregate"],"picked":"SKIP","floor":12},{"not_picked":["Reinforced Body","Leap","Hyperbeam"],"picked":"SKIP","floor":14}],"player_experience":815662,"relics_obtained":[{"floor":9,"key":"Bottled Lightning"}],"event_choices":[{"damage_healed":0,"gold_gain":0,"player_choice":"Lose Max HP","damage_taken":0,"relics_obtained":["Golden Idol"],"max_hp_gain":0,"max_hp_loss":6,"event_name":"Golden Idol","floor":4,"gold_loss":0},{"damage_healed":0,"gold_gain":0,"player_choice":"Trade","damage_taken":0,"relics_obtained":["FaceOfCleric"],"max_hp_gain":0,"max_hp_loss":0,"event_name":"FaceTrader","floor":5,"gold_loss":0}],"is_beta":false,"boss_relics":[],"items_purged_floors":[3,10],"is_endless":false,"potions_floor_spawned":[2,7,11,12],"killed_by":"Hexaghost","ascension_level":0}