{"gold_per_floor":[109,129,149,149,149,149,163,163,163,66,83,103,103,138,138,234,234,249,249,249,260,188,188,208,208,208,227,239,239,189,18,18,114,114,131,131,6,0,15,15,15,40,66,115,127,140,140,169,169,169],"floor_reached":51,"playtime":4732,"items_purged":["Regret","Strike_B","Defend_B"],"score":680,"play_id":"c98ba069-fea6-44db-b6fb-1cc75bc2150b","local_time":"20180820014518","is_ascension_mode":false,"campfire_choices":[{"floor":6,"key":"REST"},{"data":"Zap","floor":8,"key":"SMITH"},{"floor":13,"key":"REST"},{"data":"All For One","floor":15,"key":"SMITH"},{"data":"Gash","floor":23,"key":"SMITH"},{"floor":25,"key":"REST"},{"floor":29,"key":"REST"},{"floor":32,"key":"REST"},{"floor":40,"key":"REST"},{"floor":49,"key":"REST"}],"neow_cost":"PERCENT_DAMAGE","seed_source_timestamp":48579359162682,"circlet_count":0,"master_deck":["Strike_B","Strike_B","Strike_B","Defend_B","Defend_B+1","Defend_B","Zap+1","Dualcast+1","Gash+1","Defragment+1","Redo+1","Skim+1","All For One+1","Seek+1","Creative AI+1","Necronomicurse","Tempest+1","Storm+1","Streamline+1","Hello World+1","Gash+1","Double Energy+1","Thinking Ahead+1","Stack+1","Storm+1","Chill+1","Recycle+1"],"relics":["Cracked Core","Frozen Egg 2","Toxic Egg 2","Kunai","War Paint","Lizard Tail","Necronomicon","Art of War","Meat on the Bone","Fusion Hammer","Unceasing Top","Red Mask","Prayer Wheel","Anchor","Calipers","Mercury Hourglass","Happy Flower"],"potions_floor_usage":[12,16,18,24,33,42,42,42,48],"damage_taken":[{"damage":7,"enemies":"Small Slimes","floor":1,"turns":4},{"damage":1,"enemies":"Jaw Worm","floor":2,"turns":4},{"damage":0,"enemies":"Cultist","floor":3,"turns":3},{"damage":26,"enemies":"Large Slime","floor":7,"turns":5},{"damage":2,"enemies":"Blue Slaver","floor":11,"turns":2},{"damage":2,"enemies":"Gremlin Gang","floor":12,"turns":4},{"damage":0,"enemies":"Gremlin Nob","floor":14,"turns":3},{"damage":1,"enemies":"Slime Boss","floor":16,"turns":5},{"damage":2,"enemies":"Spheric Guardian","floor":18,"turns":3},{"damage":30,"enemies":"3 Byrds","floor":21,"turns":4},{"damage":22,"enemies":"Centurion and Healer","floor":24,"turns":3},{"damage":8,"enemies":"Cultist and Chosen","floor":27,"turns":3},{"damage":30,"enemies":"3 Cultists","floor":28,"turns":4},{"damage":78,"enemies":"Automaton","floor":33,"turns":8},{"damage":20,"enemies":"Orb Walker","floor":35,"turns":3},{"damage":0,"floor":36,"turns":3},{"damage":20,"enemies":"3 Shapes","floor":39,"turns":3},{"damage":6,"enemies":"2 Orb Walkers","floor":42,"turns":2},{"damage":22,"floor":44,"turns":6},{"damage":11,"enemies":"Flame Bruiser 2 Orb","floor":45,"turns":4},{"damage":28,"enemies":"Spire Growth","floor":46,"turns":4},{"damage":25,"enemies":"Nemesis","floor":48,"turns":3},{"damage":81,"enemies":"Awakened One","floor":50,"turns":8}],"seed_played":"-2695150822727907582","potions_obtained":[{"floor":11,"key":"Energy Potion"},{"floor":14,"key":"FearPotion"},{"floor":16,"key":"AttackPotion"},{"floor":18,"key":"Dexterity Potion"},{"floor":28,"key":"Poison Potion"},{"floor":33,"key":"Strength Potion"},{"floor":35,"key":"Block Potion"},{"floor":39,"key":"AttackPotion"},{"floor":46,"key":"Swift Potion"}],"is_trial":false,"path_per_floor":["M","M","M","?","?","R","M","R","T","$","M","M","R","E","R","B",null,"M","?","T","M","$","R","M","R","T","M","M","R","?","$","R","B",null,"M","?","$","?","M","R","?","E","T","?","M","M","T","E","R","B"],"character_chosen":"DEFECT","items_purchased":["Redo+1","Storm+1","Hello World+1"],"campfire_rested":7,"item_purchase_floors":[10,22,31],"current_hp_per_floor":[58,57,57,57,32,58,32,32,32,32,30,28,54,54,54,53,89,87,71,71,41,41,41,19,45,45,49,31,57,57,57,83,17,89,69,69,69,69,49,75,75,69,69,47,48,32,32,19,45,33],"gold":169,"neow_bonus":"TWENTY_PERCENT_HP_BONUS","is_prod":false,"is_daily":false,"chose_seed":false,"campfire_upgraded":3,"win_rate":0,"timestamp":1534722318,"path_taken":["M","M","M","?","?","R","M","R","T","$","?","?","R","E","R","BOSS","M","?","?","M","$","R","M","R","T","M","M","R","?","$","R","BOSS","M","?","$","?","M","R","?","E","T","?","M","?","?","E","R","BOSS"],"build_version":"2018-08-16","purchased_purges":3,"victory":true,"max_hp_per_floor":[89,89,89,89,89,89,89,89,89,89,89,89,89,89,89,89,89,89,89,89,89,89,89,89,89,89,89,89,89,89,89,89,89,89,89,89,89,89,89,89,89,89,89,89,89,89,89,89,89,89],"card_choices":[{"not_picked":["Stack","Sweeping Beam"],"picked":"Gash","floor":1},{"not_picked":["Redo","Coolheaded","Ball Lightning"],"picked":"SKIP","floor":2},{"not_picked":["Steam","Barrage","Defragment"],"picked":"SKIP","floor":3},{"not_picked":["Barrage","Sweeping Beam"],"picked":"Defragment+1","floor":7},{"not_picked":["Redo+1","Streamline"],"picked":"Skim+1","floor":11},{"not_picked":["Hologram+1","Lockon"],"picked":"All For One","floor":12},{"not_picked":["Stack+1","Doom and Gloom"],"picked":"Seek+1","floor":14},{"not_picked":["Hyperbeam","Multi-Cast+1"],"picked":"Creative AI+1","floor":16},{"not_picked":["Auto Shields+1","Steam+1","FTL"],"picked":"SKIP","floor":18},{"not_picked":["Beam Cell","Cold Snap"],"picked":"Tempest+1","floor":21},{"not_picked":["Go for the Eyes","Conserve Battery+1","Undo+1"],"picked":"SKIP","floor":24},{"not_picked":["Gash","Hello World+1"],"picked":"Streamline+1","floor":27},{"not_picked":["Redo+1","Leap+1","Lockon"],"picked":"SKIP","floor":28},{"not_picked":["White Noise+1","Cold Snap+1"],"picked":"Gash+1","floor":35},{"not_picked":["Rebound","Beam Cell+1"],"picked":"Double Energy+1","floor":36},{"not_picked":["Loop+1","Hologram+1","Stack+1"],"picked":"SKIP","floor":39},{"not_picked":["Magnetism+1","Blind+1"],"picked":"Thinking Ahead+1","floor":41},{"not_picked":["Barrage","Coolheaded+1"],"picked":"Stack+1","floor":42},{"not_picked":["Sunder","Rebound"],"picked":"Storm+1","floor":44},{"not_picked":["Sweeping Beam","Beam Cell+1"],"picked":"Chill+1","floor":45},{"not_picked":["Conserve Battery+1","Turbo+1","Stack+1"],"picked":"SKIP","floor":45},{"not_picked":["Turbo+1","Ball Lightning+1"],"picked":"Recycle+1","floor":46},{"not_picked":["Rebound","Undo+1","Hologram+1"],"picked":"SKIP","floor":46},{"not_picked":["Go for the Eyes","Double Energy+1","Auto Shields+1"],"picked":"SKIP","floor":48}],"player_experience":492929,"relics_obtained":[{"floor":9,"key":"Kunai"},{"floor":14,"key":"War Paint"},{"floor":19,"key":"Necronomicon"},{"floor":20,"key":"Art of War"},{"floor":26,"key":"Meat on the Bone"},{"floor":36,"key":"Unceasing Top"},{"floor":42,"key":"Prayer Wheel"},{"floor":43,"key":"Anchor"},{"floor":44,"key":"Calipers"},{"floor":47,"key":"Mercury Hourglass"},{"floor":48,"key":"Happy Flower"}],"event_choices":[{"event_name":"Big Fish","player_choice":"Box","floor":4,"damage_taken":0},{"event_name":"Scrap Ooze","player_choice":"success","floor":5,"damage_taken":25},{"event_name":"Cursed Tome","player_choice":"Obtained Book","floor":19,"damage_taken":0},{"event_name":"The Joust","player_choice":"Bet on Murderer","floor":30,"damage_taken":0},{"event_name":"MindBloom","player_choice":"Fight","floor":36,"damage_taken":0},{"event_name":"Tomb of Lord Red Mask","player_choice":"Paid","floor":38,"damage_taken":0},{"event_name":"SensoryStone","player_choice":"Memory 1","floor":41,"damage_taken":0},{"event_name":"Mysterious Sphere","player_choice":"Fight","floor":44,"damage_taken":0}],"is_beta":false,"boss_relics":[{"not_picked":["Ectoplasm","Coffee Dripper"],"picked":"Lizard Tail"},{"not_picked":["Tiny House","Velvet Choker"],"picked":"Fusion Hammer"}],"items_purged_floors":[10,31,37],"is_endless":false,"potions_floor_spawned":[11,14,16,18,28,33,35,39,46],"ascension_level":0}