{"gold_per_floor":[369,381,456,467,35,35,62,62,62,117,135,155,155,170,170,270,270,285,295,295,306,306],"floor_reached":22,"playtime":2247,"items_purged":[],"score":238,"play_id":"4b909ed0-a789-4757-b9df-6abe4aa04cea","local_time":"20190812165259","is_ascension_mode":false,"campfire_choices":[{"floor":6,"key":"REST"},{"floor":8,"key":"REST"},{"floor":15,"key":"REST"}],"neow_cost":"PERCENT_DAMAGE","seed_source_timestamp":1116690237863272,"circlet_count":0,"master_deck":["Strike_G","Strike_G","Strike_G","Strike_G","Defend_G","Defend_G","Defend_G","Defend_G","Survivor","Neutralize","Noxious Fumes","Catalyst+1","Well Laid Plans","Accuracy","Poisoned Stab","Quick Slash","Infinite Blades","Corpse Explosion","Dash+1","Quick Slash+1","Cloak And Dagger+1"],"relics":["Ring of the Snake","Kunai","Membership Card","Art of War","Blue Candle","Lantern","Empty Cage","Nilry\u0027s Codex"],"potions_floor_usage":[7],"damage_taken":[{"damage":4,"enemies":"Small Slimes","floor":1,"turns":4},{"damage":0,"enemies":"Jaw Worm","floor":2,"turns":6},{"damage":0,"enemies":"2 Louse","floor":4,"turns":4},{"damage":20,"enemies":"3 Sentries","floor":7,"turns":9},{"damage":8,"enemies":"Exordium Wildlife","floor":11,"turns":7},{"damage":0,"enemies":"3 Louse","floor":12,"turns":4},{"damage":21,"enemies":"Gremlin Gang","floor":14,"turns":6},{"damage":0,"enemies":"The Guardian","floor":16,"turns":11},{"damage":5,"enemies":"Shell Parasite","floor":18,"turns":5},{"damage":9,"enemies":"3 Byrds","floor":19,"turns":5},{"damage":36,"enemies":"Snake Plant","floor":21,"turns":6},{"damage":11,"enemies":"Chosen and Byrds","floor":22,"turns":6}],"seed_played":"5554968874020754614","potions_obtained":[{"floor":1,"key":"EssenceOfSteel"},{"floor":12,"key":"Explosive Potion"},{"floor":14,"key":"SkillPotion"}],"is_trial":false,"path_per_floor":["M","M","?","M","$","R","E","R","T","T","M","M","?","M","R","B",null,"M","M","?","M","M"],"character_chosen":"THE_SILENT","items_purchased":["Kunai","Membership Card"],"campfire_rested":3,"item_purchase_floors":[5,5],"current_hp_per_floor":[45,45,34,34,34,55,35,56,56,56,48,48,48,27,48,48,70,65,56,40,4,0],"gold":306,"neow_bonus":"TWO_FIFTY_GOLD","is_prod":false,"is_daily":false,"chose_seed":false,"campfire_upgraded":0,"win_rate":0.0,"timestamp":1565646779,"path_taken":["M","M","?","M","$","R","E","R","T","?","M","M","?","M","R","BOSS","M","M","?","M","M"],"build_version":"2019-07-17","purchased_purges":0,"victory":false,"max_hp_per_floor":[70,70,70,70,70,70,70,70,70,70,70,70,70,70,70,70,70,70,70,70,70,70],"card_choices":[{"not_picked":["Finisher","Outmaneuver"],"picked":"Noxious Fumes","floor":1},{"not_picked":["Predator","Quick Slash"],"picked":"Catalyst","floor":2},{"not_picked":["Dagger Throw","Blade Dance"],"picked":"Well Laid Plans","floor":4},{"not_picked":["Deadly Poison","Phantasmal Killer"],"picked":"Accuracy","floor":7},{"not_picked":["Crippling Poison","Skewer"],"picked":"Poisoned Stab","floor":11},{"not_picked":["Underhanded Strike","Heel Hook"],"picked":"Quick Slash","floor":12},{"not_picked":["Slice","Blade Dance"],"picked":"Infinite Blades","floor":14},{"not_picked":["Glass Knife","Storm of Steel"],"picked":"Corpse Explosion","floor":16},{"not_picked":["Sucker Punch","Blur"],"picked":"Dash+1","floor":18},{"not_picked":["Acrobatics","Flying Knee"],"picked":"Quick Slash+1","floor":19},{"not_picked":["Deflect","Deadly Poison"],"picked":"Cloak And Dagger+1","floor":21}],"player_experience":158252,"relics_obtained":[{"floor":7,"key":"Art of War"},{"floor":9,"key":"Blue Candle"},{"floor":10,"key":"Lantern"},{"floor":20,"key":"Nilry\u0027s Codex"}],"event_choices":[{"damage_healed":0,"gold_gain":75,"player_choice":"Gather Gold","damage_taken":11,"max_hp_gain":0,"max_hp_loss":0,"event_name":"World of Goop","floor":3,"gold_loss":0},{"damage_healed":0,"gold_gain":0,"player_choice":"Grow","damage_taken":0,"max_hp_gain":0,"max_hp_loss":0,"event_name":"Living Wall","floor":13,"gold_loss":0,"cards_upgraded":["Catalyst"]},{"damage_healed":0,"gold_gain":0,"player_choice":"Obtained Book","damage_taken":16,"max_hp_gain":0,"max_hp_loss":0,"event_name":"Cursed Tome","floor":20,"gold_loss":0}],"is_beta":false,"boss_relics":[{"not_picked":["Black Star","Calling Bell"],"picked":"Empty Cage"}],"items_purged_floors":[],"is_endless":false,"potions_floor_spawned":[1,12,14],"killed_by":"Chosen and Byrds","ascension_level":0}