{"path_per_floor":["M","$","T","?","$","R","E","$","T","?","M","E","?","$","R","B",null,"M","M","?","?","?","R","?"],"character_chosen":"IRONCLAD","items_purchased":["Whirlwind"],"gold_per_floor":[113,4,4,4,4,4,37,37,107,107,123,163,163,113,113,238,238,252,237,237,487,487,487,487,487],"floor_reached":25,"campfire_rested":1,"playtime":1518,"current_hp_per_floor":[80,80,80,60,60,60,26,26,26,26,32,20,20,20,44,7,80,80,34,34,34,34,34,80,0],"items_purged":["Strike_R","Regret"],"gold":487,"score":233,"play_id":"bb23f8ea-88ee-4a6e-952f-82edd73b9bdc","local_time":"20180503182703","is_prod":false,"is_daily":false,"chose_seed":false,"is_ascension_mode":true,"campfire_upgraded":1,"timestamp":1525364823,"path_taken":["M","$","?","?","$","R","E","?","T","?","M","E","?","?","R","BOSS","M","M","?","?","?","R","?","E"],"build_version":"2018-04-28v2","seed_source_timestamp":2408680150300,"purchased_purges":3,"victory":false,"master_deck":["Strike_R","Strike_R","Strike_R","Strike_R","Defend_R","Defend_R","Defend_R","Defend_R","Bash","Second Wind","Whirlwind+1","Spot Weakness","Dark Embrace","Offering","Normality","Decay","Normality","Offering"],"max_hp_per_floor":[80,80,80,80,80,80,80,80,80,80,80,80,80,80,80,80,80,80,80,80,80,80,80,80,80],"relics":["Burning Blood","Letter Opener","Golden Idol","Juzu Bracelet","Smiling Mask","Kunai","Oddly Smooth Stone","Calling Bell","Prayer Wheel","Pantograph","Shovel","Omamori","Bottled Flame"],"card_choices":[{"not_picked":["Warcry","Sword Boomerang"],"picked":"Second Wind","floor":1},{"not_picked":["Wild Strike","Iron Wave"],"picked":"Spot Weakness","floor":7},{"not_picked":["Anger","Dropkick"],"picked":"Dark Embrace","floor":12},{"not_picked":["Impervious","Immolate"],"picked":"Offering","floor":16}],"player_experience":396423,"potions_floor_usage":[7,25],"damage_taken":[{"damage":6,"enemies":"Cultist","floor":1,"turns":3},{"damage":40,"enemies":"Lagavulin","floor":7,"turns":6},{"damage":0,"enemies":"2 Louse","floor":11,"turns":1},{"damage":18,"enemies":"3 Sentries","floor":12,"turns":3},{"damage":43,"enemies":"Slime Boss","floor":16,"turns":9},{"damage":6,"enemies":"3 Byrds","floor":18,"turns":4},{"damage":52,"enemies":"2 Thieves","floor":19,"turns":4},{"damage":88,"enemies":"Gremlin Leader","floor":25,"turns":8}],"event_choices":[{"event_name":"Golden Idol","player_choice":"Take Damage","floor":4,"damage_taken":0},{"event_name":"Match and Keep!","player_choice":"0 cards matched","floor":10,"damage_taken":0},{"event_name":"Big Fish","player_choice":"Box","floor":13,"damage_taken":0},{"event_name":"The Mausoleum","player_choice":"Yes","floor":20,"damage_taken":0},{"event_name":"Golden Shrine","player_choice":"Desecrate","floor":21,"damage_taken":0},{"event_name":"Duplicator","player_choice":"One dupe","floor":22,"damage_taken":0},{"event_name":"Wheel of Change","player_choice":"Full Heal","floor":24,"damage_taken":0}],"boss_relics":[{"not_picked":["Philosopher\u0027s Stone","Cursed Key"],"picked":"Calling Bell"}],"potions_floor_spawned":[1,12,16],"seed_played":"-1244846374468294829","killed_by":"Gremlin Leader","ascension_level":3,"is_trial":false}