{"path_per_floor":["M","M","M","$","?","R","M","R","T","M","?","R","M","$","R","B",null,"M","M","?","?"],"character_chosen":"THE_SILENT","items_purchased":["Riddle With Holes","Prepared","Choke"],"gold_per_floor":[113,126,140,15,15,15,25,25,25,37,37,37,55,20,20,123,123,111,130,130,130],"floor_reached":22,"campfire_rested":3,"playtime":1736,"current_hp_per_floor":[70,70,60,60,53,70,63,63,63,54,40,61,37,37,58,5,70,43,12,12,12],"items_purged":[],"gold":130,"score":202,"play_id":"cf51749d-cefe-420e-92f4-97d8ae368d1b","is_prod":false,"is_daily":false,"is_ascension_mode":false,"campfire_upgraded":1,"path_taken":["M","M","M","$","?","R","M","R","T","M","?","R","M","$","R","BOSS","M","M","?","?","?"],"build_version":"2018-02-08-PROD1","purchased_purges":0,"victory":false,"master_deck":["Defend_G","Defend_G+1","Defend_G","Defend_G","Survivor","Neutralize","Prepared","Riddle With Holes","Infinite Blades","Riddle With Holes","Prepared+1","Predator+1","Caltrops","Tools of the Trade","Choke","Unload","Dagger Spray","Crippling Poison+1","Bite","Bite","Bite","Bite","Bite"],"max_hp_per_floor":[70,70,70,70,70,70,70,70,70,70,70,70,70,70,70,70,70,70,70,70,49],"relics":["Ring of the Snake","Ancient Tea Set","Calipers","The Specimen","Dodecahedron"],"card_choices":[{"not_picked":["Deadly Poison","Reflex"],"picked":"Prepared"},{"not_picked":["Backflip","Tools of the Trade"],"picked":"Riddle With Holes"},{"not_picked":["Acrobatics","Underhanded Strike"],"picked":"Infinite Blades"},{"not_picked":["Slice","Poisoned Stab"],"picked":"Predator"},{"not_picked":["Deadly Poison","PiercingWail"],"picked":"Caltrops"},{"not_picked":["Poisoned Stab","Sucker Punch"],"picked":"Tools of the Trade"},{"not_picked":["Phantasmal Killer","Corpse Explosion"],"picked":"Unload"},{"not_picked":["Quick Slash","Slice"],"picked":"Dagger Spray"},{"not_picked":["Deflect","Dodge and Roll"],"picked":"Crippling Poison"}],"player_experience":40055,"potions_floor_usage":[16,22,22],"damage_taken":[{"damage":0,"enemies":"Blue Slaver","floor":1,"turns":6},{"damage":0,"enemies":"2 Louse","floor":2,"turns":3},{"damage":10,"enemies":"Jaw Worm","floor":3,"turns":5},{"damage":7,"enemies":"Looter","floor":7,"turns":2},{"damage":9,"enemies":"2 Fungi Beasts","floor":10,"turns":2},{"damage":24,"enemies":"Lots of Slimes","floor":13,"turns":3},{"damage":53,"enemies":"The Guardian","floor":16,"turns":8},{"damage":27,"enemies":"2 Thieves","floor":18,"turns":4},{"damage":31,"enemies":"Spheric Guardian","floor":19,"turns":5},{"damage":20,"enemies":"Snake Plant","floor":22,"turns":4}],"event_choices":[{"event_name":"Golden Wing","player_choice":"Card Removal","floor":5,"damage_taken":0},{"event_name":"Shining Light","player_choice":"Entered Light","floor":11,"damage_taken":0},{"event_name":"The Mausoleum","player_choice":"Yes","floor":20,"damage_taken":0},{"event_name":"Vampires","player_choice":"Became a vampire","floor":21,"damage_taken":0}],"boss_relics":[{"not_picked":["Velvet Choker","Tiny House"],"picked":"The Specimen"}],"potions_floor_spawned":[7,10,19],"seed_played":"-4141913443952120823","killed_by":"Snake Plant","ascension_level":0,"is_trial":false}