{"path_per_floor":["M","?","?","M","?","R","E","R","T","$","?","?","M","E","R","B",null,"M","T","$","T","?","R","M","R","T","T","R","M","?","$","R","B",null,"M","M","?","M","T","E","R","M","T"],"character_chosen":"IRONCLAD","items_purchased":["Rampage","Vajra"],"gold_per_floor":[13,13,88,106,106,106,139,139,169,17,17,17,28,57,57,155,155,167,167,21,21,21,21,38,38,38,38,38,55,55,55,55,150,150,169,188,188,198,198,230,230,248,248,248],"floor_reached":44,"campfire_rested":0,"playtime":2103,"current_hp_per_floor":[80,64,53,53,53,53,35,35,35,35,10,36,42,28,28,8,80,61,61,61,61,61,61,49,49,56,56,56,53,53,53,53,47,87,68,69,69,61,61,51,51,25,25,0],"items_purged":["Defend_R"],"gold":248,"score":531,"play_id":"01573136-0cb6-445f-8a45-ced10c1cf7ef","local_time":"20180415190947","is_prod":false,"is_daily":false,"chose_seed":false,"is_ascension_mode":true,"campfire_upgraded":8,"timestamp":1523812187,"path_taken":["M","?","?","?","?","R","E","R","T","$","?","?","?","E","R","BOSS","M","?","?","?","?","R","M","R","T","?","R","?","?","$","R","BOSS","M","?","?","M","?","E","R","M","T","?"],"build_version":"2018-04-12","seed_source_timestamp":14025974487761,"purchased_purges":1,"victory":false,"master_deck":["Strike_R","Strike_R+1","Strike_R","Strike_R+1","Defend_R","Defend_R","Bash+1","Thunderclap+1","Flex+1","Shrug It Off+1","Rampage+1","Double Tap+1","Limit Break+1","Spot Weakness+1","Whirlwind+1","Limit Break+1","Fire Breathing+1","Clumsy","Clumsy"],"max_hp_per_floor":[80,80,80,80,80,80,80,80,80,80,80,80,80,80,80,80,80,80,80,80,80,80,80,80,80,87,87,87,87,87,87,87,87,87,87,87,87,87,87,87,87,87,87,87],"relics":["Black Blood","Bronze Scales","Tiny Chest","Regal Pillow","Kunai","Self Forming Clay","Vajra","The Courier","Strawberry","Frozen Egg 2","Cursed Key","Bird Faced Urn","Mummified Hand","Magic Flower"],"card_choices":[{"not_picked":["Perfected Strike","Reckless Charge"],"picked":"Thunderclap","floor":1},{"not_picked":["Armaments","True Grit"],"picked":"Flex","floor":4},{"not_picked":["Armaments","Infernal Blade"],"picked":"Shrug It Off","floor":7},{"not_picked":["Dual Wield","Thunderclap"],"picked":"Double Tap","floor":14},{"not_picked":["Barricade","Juggernaut"],"picked":"Limit Break","floor":16},{"not_picked":["Hemokinesis","Metallicize"],"picked":"Spot Weakness","floor":24},{"not_picked":["Twin Strike","Sword Boomerang"],"picked":"Whirlwind","floor":29},{"not_picked":["Pommel Strike","Headbutt"],"picked":"Fire Breathing","floor":35}],"player_experience":359232,"potions_floor_usage":[14,14,29,33,40],"damage_taken":[{"damage":6,"enemies":"Cultist","floor":1,"turns":4},{"damage":6,"enemies":"2 Louse","floor":4,"turns":2},{"damage":24,"enemies":"Gremlin Nob","floor":7,"turns":4},{"damage":0,"enemies":"Small Slimes","floor":13,"turns":2},{"damage":20,"enemies":"Lagavulin","floor":14,"turns":5},{"damage":26,"enemies":"Hexaghost","floor":16,"turns":6},{"damage":29,"enemies":"Shell Parasite","floor":18,"turns":3},{"damage":22,"enemies":"Spheric Guardian","floor":24,"turns":4},{"damage":13,"enemies":"Snake Plant","floor":29,"turns":3},{"damage":22,"enemies":"Automaton","floor":33,"turns":6},{"damage":29,"enemies":"3 Shapes","floor":35,"turns":4},{"damage":9,"enemies":"3 Darklings","floor":36,"turns":3},{"damage":18,"enemies":"Sphere and 2 Shapes","floor":38,"turns":3},{"damage":22,"enemies":"2 Orb Walkers","floor":40,"turns":3},{"damage":38,"enemies":"Maw","floor":42,"turns":5},{"damage":29,"enemies":"4 Shapes","floor":44,"turns":2}],"event_choices":[{"event_name":"Shining Light","player_choice":"Entered Light","floor":2,"damage_taken":0},{"event_name":"World of Goop","player_choice":"Gather Gold","floor":3,"damage_taken":0},{"event_name":"Liars Game","player_choice":"disagreed","floor":5,"damage_taken":0},{"event_name":"Scrap Ooze","player_choice":"success","floor":11,"damage_taken":25},{"event_name":"Big Fish","player_choice":"Banana","floor":12,"damage_taken":0},{"event_name":"Cursed Tome","player_choice":"Ignored","floor":22,"damage_taken":0},{"event_name":"Duplicator","player_choice":"One dupe","floor":30,"damage_taken":0},{"event_name":"Mysterious Sphere","player_choice":"Ignore","floor":37,"damage_taken":0}],"boss_relics":[{"not_picked":["Philosopher\u0027s Stone","Eternal Feather"],"picked":"Black Blood"},{"not_picked":["Runic Pyramid","Pandora\u0027s Box"],"picked":"Cursed Key"}],"potions_floor_spawned":[1,7,24,29,35,38],"seed_played":"1783564997791413178","killed_by":"4 Shapes","ascension_level":3,"is_trial":false}