{"gold_per_floor":[111,111,36,48,61,90,104,120,192,192,207,220,220,170,170,275,275,293,309,50,78,78,111,111,144,199,199,99,110,130,144,144,239,239,250,250,263,276,294,294,323,333,333,333,68,85,307,323,323,323],"floor_reached":51,"playtime":4071,"items_purged":["Defend_B","Defend_B"],"score":673,"play_id":"f49ebf7a-0352-4e82-a12a-a5e902059d00","local_time":"20180827024540","is_ascension_mode":false,"campfire_choices":[{"data":"Sunder","floor":10,"key":"SMITH"},{"data":"Zap","floor":13,"key":"SMITH"},{"data":"Force Field","floor":15,"key":"SMITH"},{"data":"Dualcast","floor":24,"key":"SMITH"},{"data":"Chaos","floor":27,"key":"SMITH"},{"data":"Loop","floor":32,"key":"SMITH"},{"floor":40,"key":"DIG"},{"floor":44,"key":"DIG"},{"floor":49,"key":"DIG"}],"neow_cost":"PERCENT_DAMAGE","seed_source_timestamp":2753002790013,"circlet_count":0,"master_deck":["Defend_B","Zap+1","Dualcast+1","Self Repair","Sunder+1","Skim","Electrodynamics","Force Field+1","Thunder Strike","Chaos+1","Loop+1","Reboot","Self Repair+1","Injury","Capacitor"],"relics":["Cracked Core","Peace Pipe","Cables","Lizard Tail","Meat on the Bone","Red Mask","CultistMask","Shovel","Oddly Smooth Stone","Tiny Chest","Cursed Key","Strawberry","Vajra","Blood Vial","Runic Capacitor","Happy Flower"],"potions_floor_usage":[5,6,16,16,19,29,41,41,42,50,50],"damage_taken":[{"damage":2,"enemies":"2 Louse","floor":1,"turns":2},{"damage":6,"enemies":"Jaw Worm","floor":4,"turns":4},{"damage":0,"enemies":"Cultist","floor":5,"turns":3},{"damage":21,"enemies":"3 Sentries","floor":6,"turns":6},{"damage":0,"enemies":"3 Louse","floor":7,"turns":1},{"damage":8,"enemies":"Lots of Slimes","floor":8,"turns":3},{"damage":6,"enemies":"Exordium Thugs","floor":11,"turns":3},{"damage":0,"enemies":"Exordium Wildlife","floor":12,"turns":2},{"damage":32,"enemies":"The Guardian","floor":16,"turns":9},{"damage":23,"enemies":"3 Byrds","floor":18,"turns":3},{"damage":15,"enemies":"Shell Parasite","floor":19,"turns":5},{"damage":10,"enemies":"Masked Bandits","floor":21,"turns":3},{"damage":21,"enemies":"Gremlin Leader","floor":23,"turns":6},{"damage":17,"enemies":"Slavers","floor":25,"turns":3},{"damage":26,"enemies":"Snake Plant","floor":29,"turns":4},{"damage":17,"enemies":"Centurion and Healer","floor":30,"turns":4},{"damage":8,"enemies":"Sentry and Sphere","floor":31,"turns":4},{"damage":53,"enemies":"Champ","floor":33,"turns":9},{"damage":10,"enemies":"Orb Walker","floor":35,"turns":3},{"damage":5,"enemies":"3 Shapes","floor":37,"turns":3},{"damage":10,"enemies":"Sphere and 2 Shapes","floor":38,"turns":3},{"damage":17,"enemies":"3 Darklings","floor":39,"turns":3},{"damage":13,"enemies":"Giant Head","floor":41,"turns":6},{"damage":10,"enemies":"Transient","floor":42,"turns":5},{"damage":17,"enemies":"Flame Bruiser 2 Orb","floor":46,"turns":4},{"damage":29,"enemies":"Maw","floor":48,"turns":6},{"damage":101,"enemies":"Donu and Deca","floor":50,"turns":7}],"seed_played":"7916319116729686178","potions_obtained":[{"floor":4,"key":"Poison Potion"},{"floor":5,"key":"Energy Potion"},{"floor":7,"key":"Strength Potion"},{"floor":12,"key":"LiquidBronze"},{"floor":18,"key":"AttackPotion"},{"floor":23,"key":"Strength Potion"},{"floor":29,"key":"GamblersBrew"},{"floor":30,"key":"GamblersBrew"},{"floor":35,"key":"Dexterity Potion"},{"floor":38,"key":"SkillPotion"},{"floor":39,"key":"AttackPotion"},{"floor":41,"key":"Regen Potion"},{"floor":48,"key":"Weak Potion"}],"is_trial":false,"path_per_floor":["M","?","$","M","M","E","M","M","T","R","M","M","R","?","R","B",null,"M","M","$","?","?","E","R","E","T","R","$","M","M","M","R","B",null,"M","?","M","M","M","R","E","M","T","R","$","M","?","M","R","B"],"character_chosen":"DEFECT","items_purchased":["Meat on the Bone","Runic Capacitor","Capacitor"],"campfire_rested":0,"item_purchase_floors":[20,45,45],"current_hp_per_floor":[52,52,52,53,60,46,46,45,45,45,46,53,53,53,53,28,75,59,51,51,48,48,46,46,48,48,48,48,41,43,54,54,20,75,72,72,74,71,71,78,82,82,82,82,82,82,82,70,70,42],"gold":323,"neow_bonus":"REMOVE_TWO","is_prod":false,"is_daily":false,"chose_seed":false,"campfire_upgraded":6,"win_rate":0,"timestamp":1535330740,"path_taken":["M","?","$","M","?","E","M","M","T","R","M","M","R","?","R","BOSS","M","M","$","?","?","E","R","E","T","R","$","M","M","?","R","BOSS","M","?","?","M","M","R","E","M","T","R","$","M","?","M","R","BOSS"],"build_version":"2018-08-23v2","purchased_purges":2,"victory":true,"max_hp_per_floor":[75,75,75,75,75,75,75,75,75,75,75,75,75,75,75,75,75,75,75,75,75,75,75,75,75,75,75,75,75,75,75,75,75,75,75,75,75,75,75,82,82,82,82,82,82,82,82,82,82,82],"card_choices":[{"not_picked":["Go for the Eyes","Redo"],"picked":"Self Repair","floor":1},{"not_picked":["Conserve Battery","Cold Snap","Redo"],"picked":"SKIP","floor":4},{"not_picked":["Glacier","Hologram"],"picked":"Sunder","floor":5},{"not_picked":["Sweeping Beam","Compile Driver"],"picked":"Skim","floor":6},{"not_picked":["Gash","White Noise"],"picked":"Electrodynamics","floor":7},{"not_picked":["Coolheaded","Beam Cell","Reprogram"],"picked":"SKIP","floor":8},{"not_picked":["Rebound","Coolheaded","Multi-Cast"],"picked":"SKIP","floor":11},{"not_picked":["Rebound","Turbo"],"picked":"Force Field","floor":12},{"not_picked":["Rainbow","Multi-Cast"],"picked":"Thunder Strike","floor":16},{"not_picked":["Darkness+1","Skim+1"],"picked":"Chaos","floor":18},{"not_picked":["Hologram","FTL","Redo+1"],"picked":"SKIP","floor":19},{"not_picked":["Steam","Aggregate","Hologram+1"],"picked":"SKIP","floor":23},{"not_picked":["Ball Lightning+1","Cold Snap+1"],"picked":"Loop","floor":25},{"not_picked":["Steam","Rebound","Sweeping Beam+1"],"picked":"SKIP","floor":29},{"not_picked":["Consume+1","Hyperbeam","Beam Cell+1"],"picked":"SKIP","floor":30},{"not_picked":["Conserve Battery+1","Beam Cell+1","Redo"],"picked":"SKIP","floor":31},{"not_picked":["Thunder Strike","Multi-Cast"],"picked":"Reboot","floor":33},{"not_picked":["Beam Cell+1","Aggregate","Steam"],"picked":"SKIP","floor":35},{"not_picked":["Ball Lightning","Hologram","Sweeping Beam"],"picked":"SKIP","floor":37},{"not_picked":["Beam Cell","Stack"],"picked":"Self Repair+1","floor":38},{"not_picked":["Redo","Turbo","Rebound"],"picked":"SKIP","floor":39},{"not_picked":["Doom and Gloom+1","Compile Driver","Sweeping Beam+1"],"picked":"SKIP","floor":41},{"not_picked":["Compile Driver","Undo","Stack+1"],"picked":"SKIP","floor":42},{"not_picked":["Steam","Amplify","Stack+1"],"picked":"SKIP","floor":46},{"not_picked":["Sunder","Stack","Redo"],"picked":"SKIP","floor":48}],"player_experience":531696,"relics_obtained":[{"floor":6,"key":"Peace Pipe"},{"floor":9,"key":"Cables"},{"floor":21,"key":"Red Mask"},{"floor":23,"key":"Shovel"},{"floor":25,"key":"Oddly Smooth Stone"},{"floor":26,"key":"Tiny Chest"},{"floor":40,"key":"Strawberry"},{"floor":41,"key":"Vajra"},{"floor":44,"key":"Blood Vial"},{"floor":49,"key":"Happy Flower"}],"event_choices":[{"event_name":"Living Wall","player_choice":"Forget","floor":2,"damage_taken":0},{"event_name":"The Cleric","player_choice":"Card Removal","floor":14,"damage_taken":0},{"event_name":"Masked Bandits","player_choice":"Fought Bandits","floor":21,"damage_taken":0},{"event_name":"FaceTrader","player_choice":"Trade","floor":22,"damage_taken":0},{"event_name":"Purifier","player_choice":"One Purge","floor":36,"damage_taken":0},{"event_name":"Tomb of Lord Red Mask","player_choice":"Wore Mask","floor":47,"damage_taken":0}],"is_beta":false,"boss_relics":[{"not_picked":["Busted Crown","Ectoplasm"],"picked":"Lizard Tail"},{"not_picked":["Runic Pyramid","Astrolabe"],"picked":"Cursed Key"}],"items_purged_floors":[3,28],"is_endless":false,"potions_floor_spawned":[4,5,7,12,18,23,29,30,35,38,39,41,48],"ascension_level":0}