{"path_per_floor":["M","M","M","$","M","R","?","?","T","R","$","E","M","M","R","B",null,"M","$","?","T","M","E","$","M","T","R","T","E","R","M","R","B",null,"M","?","M","?","?","R","?","?","T","T","M","M","$","M","R","B"],"character_chosen":"IRONCLAD","items_purchased":["Thunderclap","Juzu Bracelet","Purity","Ancient Tea Set"],"gold_per_floor":[119,130,146,71,83,83,103,103,403,403,11,50,71,91,91,219,219,233,108,108,159,182,248,98,111,135,135,159,190,190,214,214,340,340,353,353,366,466,426,426,426,487,563,634,658,673,346,361,361,361],"floor_reached":51,"campfire_rested":1,"playtime":2724,"current_hp_per_floor":[71,66,57,57,57,57,63,45,45,45,45,47,49,51,51,17,72,57,57,57,57,54,28,28,12,12,48,48,50,50,43,43,28,72,72,72,72,72,72,72,72,54,54,54,56,58,58,51,51,7],"items_purged":["Strike_R","Strike_R","Strike_R","Defend_R","Writhe"],"gold":361,"score":760,"play_id":"979701d0-5eae-49ee-85c8-1dfe04353b65","local_time":"20180402202747","is_prod":false,"is_daily":false,"is_ascension_mode":false,"campfire_upgraded":6,"timestamp":1522693667,"path_taken":["M","M","M","$","M","R","?","?","T","R","$","E","M","M","R","BOSS","M","$","?","?","M","E","$","M","T","R","?","E","R","M","R","BOSS","M","?","M","?","?","R","?","?","T","?","M","M","?","M","R","BOSS"],"build_version":"2018-03-29v2","purchased_purges":5,"victory":true,"master_deck":["Strike_R","Defend_R","Bash","Offering+1","Brutality","Heavy Blade","Whirlwind+1","Seeing Red+1","Thunderclap","Purity","Spot Weakness","Limit Break+1","Warcry+1","Flex+1","Offering+1"],"max_hp_per_floor":[72,72,72,72,72,72,72,72,72,72,72,72,72,72,72,72,72,72,72,72,72,72,72,72,72,72,72,72,72,72,72,72,72,72,72,72,72,72,72,72,72,72,72,72,72,72,72,72,72,72],"relics":["Burning Blood","Odd Mushroom","Golden Idol","Old Coin","Juzu Bracelet","Happy Flower","Velvet Choker","Regal Pillow","Tiny Chest","Art of War","Vajra","Bag of Marbles","Philosopher\u0027s Stone","Peace Pipe","Kunai","Bottled Flame","Ancient Tea Set"],"card_choices":[{"not_picked":["Anger","Reckless Charge"],"picked":"Heavy Blade","floor":1},{"not_picked":["Uppercut","Shrug It Off"],"picked":"Whirlwind","floor":2},{"not_picked":["Heavy Blade","Ghostly Armor"],"picked":"Seeing Red","floor":5},{"not_picked":["Sever Soul","Rage"],"picked":"Spot Weakness","floor":13},{"not_picked":["Barricade","Berserk"],"picked":"Limit Break","floor":16},{"not_picked":["Hemokinesis","Sever Soul"],"picked":"Warcry","floor":18},{"not_picked":["Second Wind","Seeing Red"],"picked":"Flex","floor":23},{"not_picked":["Bludgeon","Immolate"],"picked":"Offering","floor":33}],"player_experience":270714,"potions_floor_usage":[16,16,23,23,31,35,42,42,50,50],"damage_taken":[{"damage":7,"enemies":"Cultist","floor":1,"turns":3},{"damage":11,"enemies":"2 Louse","floor":2,"turns":2},{"damage":15,"enemies":"Jaw Worm","floor":3,"turns":2},{"damage":6,"enemies":"2 Fungi Beasts","floor":5,"turns":2},{"damage":0,"enemies":"The Mushroom Lair","floor":7,"turns":2},{"damage":4,"enemies":"Gremlin Nob","floor":12,"turns":2},{"damage":4,"enemies":"Large Slime","floor":13,"turns":2},{"damage":4,"enemies":"3 Louse","floor":14,"turns":1},{"damage":40,"enemies":"The Guardian","floor":16,"turns":5},{"damage":21,"enemies":"2 Thieves","floor":18,"turns":2},{"damage":9,"enemies":"3 Byrds","floor":22,"turns":2},{"damage":32,"enemies":"Book of Stabbing","floor":23,"turns":4},{"damage":22,"enemies":"Snake Plant","floor":25,"turns":3},{"damage":4,"enemies":"Slavers","floor":29,"turns":1},{"damage":13,"enemies":"Centurion and Healer","floor":31,"turns":2},{"damage":21,"enemies":"Automaton","floor":33,"turns":4},{"damage":0,"enemies":"3 Darklings","floor":35,"turns":1},{"damage":4,"enemies":"Orb Walker","floor":37,"turns":1},{"damage":24,"enemies":"Mysterious Sphere","floor":42,"turns":1},{"damage":4,"enemies":"3 Darklings","floor":45,"turns":1},{"damage":4,"enemies":"Sphere and 2 Shapes","floor":46,"turns":1},{"damage":13,"enemies":"4 Shapes","floor":48,"turns":1},{"damage":50,"enemies":"Awakened One","floor":50,"turns":3}],"event_choices":[{"event_name":"Mushrooms","player_choice":"Fought Mushrooms","floor":7,"damage_taken":0},{"event_name":"Golden Idol","player_choice":"Take Damage","floor":8,"damage_taken":0},{"event_name":"Vampires","player_choice":"Ignored","floor":20,"damage_taken":0},{"event_name":"Tomb of Lord Red Mask","player_choice":"Ignored","floor":36,"damage_taken":0},{"event_name":"Golden Shrine","player_choice":"Pray","floor":38,"damage_taken":0},{"event_name":"The Woman in Blue","player_choice":"Bought 3 Potions","floor":39,"damage_taken":0},{"event_name":"Winding Halls","player_choice":"Writhe","floor":41,"damage_taken":0},{"event_name":"Mysterious Sphere","player_choice":"Fight","floor":42,"damage_taken":0}],"boss_relics":[{"not_picked":["Pandora\u0027s Box","Runic Pyramid"],"picked":"Velvet Choker"},{"not_picked":["Black Star","Orrery"],"picked":"Philosopher\u0027s Stone"}],"potions_floor_spawned":[5,13,14,16,22,25,29,31,42,45,46],"seed_played":"1272150683445149986","ascension_level":0,"is_trial":false}