{"path_per_floor":["M","M","$","M","M","E","M","R","T","?","M","R","?","?","R","B",null,"M","M","?"],"character_chosen":"IRONCLAD","items_purchased":["Strawberry","Bloodletting","Pummel"],"gold_per_floor":[360,373,2,15,33,60,78,78,102,277,294,294,294,369,369,472,472,488,501,751],"floor_reached":21,"campfire_rested":2,"playtime":1767,"current_hp_per_floor":[76,77,84,87,83,64,62,62,62,62,43,69,62,51,77,42,87,50,36,36],"items_purged":["Clumsy"],"gold":751,"score":206,"play_id":"69b574dc-9d78-4ebc-af55-e6cde20d5e4b","is_prod":false,"is_daily":false,"is_ascension_mode":false,"campfire_upgraded":1,"path_taken":["M","?","$","M","M","E","?","R","T","?","M","R","?","?","R","BOSS","M","M","?","M"],"build_version":"2018-02-15-PROD1","purchased_purges":1,"victory":false,"master_deck":["Strike_R","Strike_R","Strike_R","Strike_R","Strike_R","Defend_R","Defend_R","Defend_R","Defend_R","Bash","Twin Strike","Headbutt","Bloodletting","Pummel","Headbutt","Shrug It Off","Reckless Charge","Armaments+1","Thunderclap","Brutality","Shrug It Off+1","Blood for Blood+1","Regret"],"max_hp_per_floor":[80,80,87,87,87,87,87,87,87,87,87,87,87,87,87,87,87,87,87,87],"relics":["Burning Blood","Strawberry","Vajra","Ancient Tea Set","Eternal Feather"],"card_choices":[{"not_picked":["Intimidate","Combust"],"picked":"Twin Strike"},{"not_picked":["Clash","True Grit"],"picked":"Headbutt"},{"not_picked":["Dual Wield","Corruption"],"picked":"Headbutt"},{"not_picked":["Metallicize","Rupture"],"picked":"Shrug It Off"},{"not_picked":["Rage","Iron Wave"],"picked":"Reckless Charge"},{"not_picked":["Body Slam","Combust"],"picked":"Armaments"},{"not_picked":["True Grit","Iron Wave"],"picked":"Thunderclap"},{"not_picked":["Demon Form","Barricade"],"picked":"Brutality"},{"not_picked":["Rage","Hemokinesis"],"picked":"Shrug It Off"},{"not_picked":["Second Wind","Flex"],"picked":"Blood for Blood"}],"player_experience":151096,"potions_floor_usage":[2,16,16,19],"damage_taken":[{"damage":10,"enemies":"Cultist","floor":1,"turns":4},{"damage":11,"enemies":"Jaw Worm","floor":2,"turns":4},{"damage":0,"enemies":"2 Louse","floor":4,"turns":2},{"damage":10,"enemies":"Large Slime","floor":5,"turns":5},{"damage":25,"enemies":"3 Sentries","floor":6,"turns":8},{"damage":8,"enemies":"2 Fungi Beasts","floor":7,"turns":3},{"damage":25,"enemies":"Gremlin Gang","floor":11,"turns":4},{"damage":41,"enemies":"Hexaghost","floor":16,"turns":7},{"damage":43,"enemies":"Spheric Guardian","floor":18,"turns":4},{"damage":20,"enemies":"Shell Parasite","floor":19,"turns":6},{"damage":37,"enemies":"Snake Plant","floor":21,"turns":4}],"event_choices":[{"event_name":"Liars Game","player_choice":"agreed","floor":10,"damage_taken":0},{"event_name":"Golden Wing","player_choice":"Card Removal","floor":13,"damage_taken":0},{"event_name":"World of Goop","player_choice":"Gather Gold","floor":14,"damage_taken":0},{"event_name":"Golden Shrine","player_choice":"Desecrate","floor":20,"damage_taken":0}],"boss_relics":[{"not_picked":["Runic Pyramid","Snecko Eye"],"picked":"Eternal Feather"}],"potions_floor_spawned":[1,2,11,18],"seed_played":"-2195531789213530458","killed_by":"Snake Plant","ascension_level":0,"is_trial":false}