{"gold_per_floor":[114,114,39,59,73,73,106,76,76,87,118,118,137,137,137,265,265,283,283,308,321,334,373,373],"floor_reached":24,"playtime":1800,"items_purged":["Strike_R"],"score":228,"play_id":"99ddecaf-fa06-4691-bf78-8179b54509fc","local_time":"20190207233055","is_ascension_mode":false,"campfire_choices":[{"data":"Bash","floor":6,"key":"SMITH"},{"floor":15,"key":"REST"}],"neow_cost":"NONE","seed_source_timestamp":28291024163801,"circlet_count":0,"master_deck":["Strike_R","Strike_R","Strike_R","Defend_R+1","Defend_R","Defend_R","Defend_R","Bash+1","Flame Barrier","True Grit","Thunderclap+1","Infernal Blade+1","Warcry+1","True Grit+1","Rampage","Double Tap+1"],"relics":["Burning Blood","Red Skull","Toxic Egg 2","Pantograph","Golden Idol","Busted Crown","GremlinMask","FossilizedHelix"],"potions_floor_usage":[7,10,11,11,16,21,22],"damage_taken":[{"damage":1,"enemies":"2 Louse","floor":1,"turns":3},{"damage":0,"enemies":"Small Slimes","floor":4,"turns":5},{"damage":6,"enemies":"Cultist","floor":5,"turns":4},{"damage":51,"enemies":"Lagavulin","floor":7,"turns":9},{"damage":0,"enemies":"2 Fungi Beasts","floor":10,"turns":3},{"damage":6,"enemies":"Gremlin Nob","floor":11,"turns":3},{"damage":1,"enemies":"Looter","floor":13,"turns":3},{"damage":55,"enemies":"Hexaghost","floor":16,"turns":9},{"damage":6,"enemies":"Chosen","floor":18,"turns":5},{"damage":11,"enemies":"Spheric Guardian","floor":20,"turns":5},{"damage":10,"enemies":"Snecko","floor":21,"turns":4},{"damage":15,"enemies":"Shelled Parasite and Fungi","floor":22,"turns":5},{"damage":54,"enemies":"Slavers","floor":23,"turns":6},{"damage":14,"enemies":"Snake Plant","floor":24,"turns":1}],"seed_played":"-4687572808753224746","potions_obtained":[{"floor":1,"key":"Energy Potion"},{"floor":7,"key":"Fire Potion"},{"floor":8,"key":"Weak Potion"},{"floor":8,"key":"Fruit Juice"},{"floor":11,"key":"Strength Potion"},{"floor":13,"key":"LiquidBronze"},{"floor":18,"key":"SkillPotion"}],"is_trial":false,"path_per_floor":["M","?","$","M","M","R","E","?","T","M","E","?","M","?","R","B",null,"M","?","M","M","M","E","M"],"character_chosen":"IRONCLAD","items_purchased":[],"campfire_rested":1,"item_purchase_floors":[],"current_hp_per_floor":[80,73,73,79,79,79,34,34,34,45,45,45,50,34,57,30,79,79,79,74,70,61,13,0],"gold":373,"neow_bonus":"RANDOM_COMMON_RELIC","is_prod":false,"is_daily":false,"chose_seed":false,"campfire_upgraded":1,"win_rate":0,"timestamp":1549578655,"path_taken":["M","?","$","M","M","R","E","?","T","?","E","?","M","?","R","BOSS","M","?","?","M","M","E","M"],"build_version":"2019-01-23","purchased_purges":1,"victory":false,"max_hp_per_floor":[80,80,80,80,80,80,80,80,80,85,85,79,79,79,79,79,79,79,79,79,79,79,79,79],"card_choices":[{"not_picked":["Battle Trance","Flex"],"picked":"Flame Barrier","floor":1},{"not_picked":["Sword Boomerang","Thunderclap"],"picked":"True Grit","floor":4},{"not_picked":["Perfected Strike","Battle Trance"],"picked":"Thunderclap","floor":5},{"not_picked":["Sword Boomerang","Sever Soul"],"picked":"Infernal Blade","floor":7},{"not_picked":["Clothesline","Sword Boomerang"],"picked":"Warcry+1","floor":10},{"not_picked":["Seeing Red+1","Sword Boomerang"],"picked":"True Grit+1","floor":11},{"not_picked":["Burning Pact+1","Dropkick"],"picked":"Rampage","floor":13},{"not_picked":["Offering+1","Dark Embrace"],"picked":"Double Tap+1","floor":16},{"not_picked":["Clash"],"picked":"SKIP","floor":18},{"not_picked":["Clothesline"],"picked":"SKIP","floor":20},{"not_picked":["Sword Boomerang"],"picked":"SKIP","floor":21},{"not_picked":["Clothesline"],"picked":"SKIP","floor":22},{"not_picked":["Perfected Strike+1"],"picked":"SKIP","floor":23}],"player_experience":777060,"relics_obtained":[{"floor":7,"key":"Toxic Egg 2"},{"floor":11,"key":"Pantograph"},{"floor":23,"key":"FossilizedHelix"}],"event_choices":[{"cards_removed":["Strike_R"],"damage_healed":0,"gold_gain":0,"player_choice":"Card Removal","damage_taken":7,"max_hp_gain":0,"max_hp_loss":0,"event_name":"Golden Wing","floor":2,"gold_loss":0},{"damage_healed":0,"gold_gain":0,"player_choice":"Bought 2 Potions","damage_taken":0,"max_hp_gain":0,"max_hp_loss":0,"event_name":"The Woman in Blue","floor":8,"gold_loss":0},{"damage_healed":0,"gold_gain":0,"player_choice":"Lose Max HP","damage_taken":0,"relics_obtained":["Golden Idol"],"max_hp_gain":0,"max_hp_loss":6,"event_name":"Golden Idol","floor":12,"gold_loss":0},{"damage_healed":0,"gold_gain":0,"player_choice":"Entered Light","damage_taken":16,"max_hp_gain":0,"max_hp_loss":0,"event_name":"Shining Light","floor":14,"gold_loss":0,"cards_upgraded":["Thunderclap","Defend_R"]},{"damage_healed":0,"gold_gain":0,"player_choice":"Trade","damage_taken":0,"relics_obtained":["GremlinMask"],"max_hp_gain":0,"max_hp_loss":0,"event_name":"FaceTrader","floor":19,"gold_loss":0}],"is_beta":false,"boss_relics":[{"not_picked":["Astrolabe","Runic Cube"],"picked":"Busted Crown"}],"items_purged_floors":[3],"is_endless":false,"potions_floor_spawned":[1,7,11,13,18],"killed_by":"Snake Plant","ascension_level":0}