{"path_per_floor":["M","?","M","$","?","R","E","R","T","?","M","R","M","M","R","B",null,"M","M","?","$","M","R","E","M","T","M","M","R","M","M","R","B",null,"M","?","?","$","M","M","R","E","T","R","?","R","M","M","R","B"],"character_chosen":"IRONCLAD","items_purchased":["Purity","Heavy Blade","Bag of Preparation"],"gold_per_floor":[219,169,184,8,8,8,34,34,34,34,58,58,76,95,95,225,225,243,258,258,107,132,132,171,190,265,290,304,304,320,343,343,466,466,481,481,481,210,230,246,246,281,304,304,372,372,390,410,410,410],"floor_reached":51,"campfire_rested":1,"playtime":3979,"current_hp_per_floor":[80,80,80,80,55,55,38,38,38,38,44,44,48,45,45,39,74,68,63,63,63,73,73,44,56,56,62,63,63,73,62,62,17,88,88,88,94,94,90,94,94,85,91,91,100,100,81,46,76,30],"items_purged":["Strike_R","Strike_R","Writhe"],"gold":410,"score":927,"play_id":"33a8e462-6753-47c8-bf9c-6d6e8a8a9b69","local_time":"20180517175021","is_prod":false,"is_daily":false,"chose_seed":false,"is_ascension_mode":true,"campfire_upgraded":10,"timestamp":1526572221,"path_taken":["M","?","M","$","?","R","E","R","T","?","M","R","M","M","R","BOSS","M","M","?","$","?","R","E","M","T","M","M","R","M","M","R","BOSS","M","?","?","$","M","?","R","E","T","R","?","R","M","M","R","BOSS"],"build_version":"2018-05-10","seed_source_timestamp":8282605565579,"purchased_purges":3,"victory":true,"master_deck":["Strike_R","Strike_R","Strike_R","Defend_R","Defend_R","Defend_R","Bash","Armaments","Searing Blow+8","Purity","Reaper","Pommel Strike","Heavy Blade+1","Perfected Strike","Bludgeon+1","Regret","Demon Form"],"max_hp_per_floor":[80,80,80,80,80,80,80,80,80,74,74,74,74,74,74,74,74,74,74,74,74,74,74,88,88,88,88,88,88,88,88,88,88,88,88,88,94,94,94,94,94,94,100,100,100,100,100,100,100,100],"relics":["Burning Blood","Orichalcum","Bag of Marbles","Darkstone Periapt","Golden Idol","Snecko Eye","Mango","Mummified Hand","Cursed Key","Bag of Preparation","Ancient Tea Set","Juzu Bracelet","Du-Vu Doll"],"card_choices":[{"not_picked":["Combust","Havoc"],"picked":"Armaments","floor":1},{"not_picked":["Clothesline","Clash"],"picked":"Searing Blow","floor":3},{"not_picked":["Brutality","Limit Break"],"picked":"Reaper","floor":16},{"not_picked":["Sword Boomerang","Twin Strike"],"picked":"Pommel Strike","floor":18},{"not_picked":["Wild Strike","Flex"],"picked":"Perfected Strike","floor":22},{"not_picked":["Clash","Heavy Blade"],"picked":"Corruption","floor":27},{"not_picked":["True Grit","Bloodletting"],"picked":"Bludgeon","floor":30},{"not_picked":["Spot Weakness","Sword Boomerang"],"picked":"Demon Form","floor":48}],"player_experience":410653,"potions_floor_usage":[7,19,19,28,31,40,47],"damage_taken":[{"damage":6,"enemies":"Cultist","floor":1,"turns":3},{"damage":0,"enemies":"Small Slimes","floor":3,"turns":3},{"damage":23,"enemies":"Lagavulin","floor":7,"turns":6},{"damage":0,"enemies":"2 Louse","floor":11,"turns":2},{"damage":2,"enemies":"Blue Slaver","floor":13,"turns":2},{"damage":9,"enemies":"3 Louse","floor":14,"turns":4},{"damage":12,"enemies":"Slime Boss","floor":16,"turns":6},{"damage":12,"enemies":"2 Thieves","floor":18,"turns":3},{"damage":17,"enemies":"3 Byrds","floor":19,"turns":5},{"damage":7,"enemies":"3 Cultists","floor":22,"turns":3},{"damage":53,"enemies":"Slavers","floor":24,"turns":6},{"damage":0,"enemies":"Snecko","floor":25,"turns":2},{"damage":0,"enemies":"Snake Plant","floor":27,"turns":2},{"damage":17,"enemies":"Centurion and Healer","floor":28,"turns":2},{"damage":4,"enemies":"Sentry and Sphere","floor":30,"turns":3},{"damage":17,"enemies":"Slaver and Parasite","floor":31,"turns":3},{"damage":63,"enemies":"Automaton","floor":33,"turns":7},{"damage":4,"enemies":"3 Shapes","floor":35,"turns":3},{"damage":10,"enemies":"Orb Walker","floor":39,"turns":2},{"damage":2,"enemies":"Maw","floor":40,"turns":4},{"damage":15,"enemies":"Nemesis","floor":42,"turns":3},{"damage":0,"enemies":"Mysterious Sphere","floor":45,"turns":2},{"damage":25,"enemies":"4 Shapes","floor":47,"turns":4},{"damage":58,"enemies":"3 Darklings","floor":48,"turns":4},{"damage":65,"enemies":"Awakened One","floor":50,"turns":5}],"event_choices":[{"event_name":"The Cleric","player_choice":"Card Removal","floor":2,"damage_taken":0},{"event_name":"Scrap Ooze","player_choice":"success","floor":5,"damage_taken":25},{"event_name":"Golden Idol","player_choice":"Lose Max HP","floor":10,"damage_taken":0},{"event_name":"Vampires","player_choice":"Ignored","floor":20,"damage_taken":0},{"event_name":"Winding Halls","player_choice":"Writhe","floor":37,"damage_taken":0},{"event_name":"Mysterious Sphere","player_choice":"Fight","floor":45,"damage_taken":0}],"boss_relics":[{"not_picked":["Philosopher\u0027s Stone","White Beast Statue"],"picked":"Snecko Eye"},{"not_picked":["Astrolabe","Pandora\u0027s Box"],"picked":"Cursed Key"}],"potions_floor_spawned":[1,16,18,27,30,33,35,45],"seed_played":"-8182313668138673357","ascension_level":3,"is_trial":false}