{"gold_per_floor":[111,186,206,206,131,164,178,178,228,248,265,265,281,25,25,121,121,141,161,0,0,0,0,0,18,43,43,43,72,82,82,82,82],"floor_reached":33,"playtime":2545,"items_purged":["Strike_G","Strike_G"],"score":290,"play_id":"fcd3e446-fe95-4d22-82aa-fa54f8d15d8b","local_time":"20190124211858","is_ascension_mode":false,"campfire_choices":[{"floor":8,"key":"REST"},{"data":"Noxious Fumes","floor":12,"key":"SMITH"},{"floor":15,"key":"REST"},{"floor":23,"key":"REST"},{"floor":28,"key":"REST"},{"floor":32,"key":"REST"}],"neow_cost":"TEN_PERCENT_HP_LOSS","seed_source_timestamp":37257577996635,"circlet_count":0,"master_deck":["Defend_G","Defend_G","Defend_G+1","Survivor","Neutralize+1","Noxious Fumes+1","Poisoned Stab+1","Malaise","Well Laid Plans","Footwork","Bane","Catalyst+1","Flying Knee","Backflip","Decay","Flying Knee","Adrenaline","Bite","Bite","Bite","Bite","Bite","Bouncing Flask+1"],"relics":["Ring of the Snake","Regal Pillow","Strawberry","PreservedInsect","Orrery","War Paint","Frozen Egg 2"],"potions_floor_usage":[6,7,13,19],"damage_taken":[{"damage":5,"enemies":"2 Louse","floor":1,"turns":3},{"damage":1,"enemies":"Jaw Worm","floor":3,"turns":4},{"damage":14,"enemies":"3 Sentries","floor":6,"turns":8},{"damage":0,"enemies":"Cultist","floor":7,"turns":3},{"damage":1,"enemies":"Blue Slaver","floor":10,"turns":4},{"damage":10,"enemies":"3 Louse","floor":11,"turns":3},{"damage":0,"enemies":"Looter","floor":13,"turns":3},{"damage":23,"enemies":"The Guardian","floor":16,"turns":9},{"damage":41,"enemies":"2 Thieves","floor":18,"turns":5},{"damage":19,"enemies":"3 Byrds","floor":19,"turns":5},{"damage":16,"enemies":"Snecko","floor":25,"turns":6},{"damage":44,"enemies":"Slavers","floor":29,"turns":4},{"damage":7,"enemies":"Centurion and Healer","floor":30,"turns":6},{"damage":69,"enemies":"Collector","floor":33,"turns":7}],"seed_played":"-2112446636767513315","potions_obtained":[{"floor":1,"key":"PowerPotion"},{"floor":6,"key":"Weak Potion"},{"floor":11,"key":"Block Potion"},{"floor":18,"key":"Block Potion"}],"is_trial":false,"path_per_floor":["M","?","M","?","$","E","M","R","T","M","M","R","M","$","R","B",null,"M","M","?","?","$","R","?","M","T","?","R","E","M","?","R","B"],"character_chosen":"THE_SILENT","items_purchased":["PreservedInsect"],"campfire_rested":5,"item_purchase_floors":[14],"current_hp_per_floor":[58,47,46,33,33,19,19,52,59,58,48,48,48,48,70,47,70,29,10,10,10,10,46,46,30,30,30,49,13,22,38,49,0],"gold":82,"neow_bonus":"TRANSFORM_TWO_CARDS","is_prod":false,"is_daily":false,"chose_seed":false,"campfire_upgraded":1,"win_rate":0,"timestamp":1548361138,"path_taken":["M","?","M","?","?","E","M","R","T","?","M","R","M","$","R","BOSS","M","M","?","?","$","R","?","?","T","?","R","E","M","?","R","BOSS"],"build_version":"2019-01-23","purchased_purges":2,"victory":false,"max_hp_per_floor":[63,63,63,63,63,63,63,63,70,70,70,70,70,70,70,70,70,70,70,70,70,70,70,70,70,70,49,49,49,49,49,49,49],"card_choices":[{"not_picked":["Outmaneuver","Deflect"],"picked":"Poisoned Stab","floor":1},{"not_picked":["Predator","Poisoned Stab","Flechettes"],"picked":"SKIP","floor":3},{"not_picked":["Burst","Prepared","Riddle With Holes"],"picked":"SKIP","floor":6},{"not_picked":["Calculated Gamble","Eviscerate","Crippling Poison"],"picked":"SKIP","floor":7},{"not_picked":["Quick Slash","Choke","Underhanded Strike"],"picked":"SKIP","floor":10},{"not_picked":["Dodge and Roll","Dagger Spray","Outmaneuver"],"picked":"SKIP","floor":11},{"not_picked":["Flying Knee","Poisoned Stab","Setup"],"picked":"SKIP","floor":13},{"not_picked":["A Thousand Cuts","Bullet Time"],"picked":"Malaise","floor":16},{"not_picked":["Flying Knee","Underhanded Strike"],"picked":"Well Laid Plans","floor":17},{"not_picked":["Poisoned Stab","Underhanded Strike"],"picked":"Footwork","floor":17},{"not_picked":["Outmaneuver","Dagger Spray"],"picked":"Bane","floor":17},{"not_picked":["Riddle With Holes","Underhanded Strike"],"picked":"Catalyst","floor":17},{"not_picked":["Flechettes","Setup"],"picked":"Flying Knee","floor":17},{"not_picked":["Prepared","Finisher+1"],"picked":"Backflip","floor":18},{"not_picked":["Acrobatics","PiercingWail+1","Quick Slash"],"picked":"SKIP","floor":19},{"not_picked":["Deflect","Heel Hook+1"],"picked":"Adrenaline","floor":25},{"not_picked":["Backstab","Riddle With Holes"],"picked":"Bouncing Flask+1","floor":29},{"not_picked":["Terror","Catalyst","Dagger Spray"],"picked":"SKIP","floor":30}],"player_experience":610418,"relics_obtained":[{"floor":6,"key":"Regal Pillow"},{"floor":9,"key":"Strawberry"},{"floor":26,"key":"War Paint"},{"floor":29,"key":"Frozen Egg 2"}],"event_choices":[{"damage_healed":0,"gold_gain":75,"player_choice":"Gather Gold","damage_taken":11,"max_hp_gain":0,"max_hp_loss":0,"event_name":"World of Goop","floor":2,"gold_loss":0},{"damage_healed":0,"gold_gain":0,"player_choice":"Entered Light","damage_taken":13,"max_hp_gain":0,"max_hp_loss":0,"event_name":"Shining Light","floor":4,"gold_loss":0,"cards_upgraded":["Poisoned Stab","Neutralize"]},{"damage_healed":0,"gold_gain":0,"player_choice":"Paid Fearfully","damage_taken":0,"max_hp_gain":0,"max_hp_loss":0,"event_name":"Masked Bandits","floor":20,"gold_loss":161},{"damage_healed":0,"gold_gain":0,"player_choice":"Smashed Altar","damage_taken":0,"max_hp_gain":0,"max_hp_loss":0,"event_name":"Forgotten Altar","floor":21,"gold_loss":0,"cards_obtained":["Decay"]},{"damage_healed":0,"gold_gain":0,"cards_transformed":["Setup"],"player_choice":"Transformed","damage_taken":0,"max_hp_gain":0,"max_hp_loss":0,"event_name":"Transmorgrifier","floor":24,"gold_loss":0,"cards_obtained":["Flying Knee"]},{"damage_healed":0,"gold_gain":0,"player_choice":"Became a vampire","damage_taken":0,"max_hp_gain":0,"max_hp_loss":21,"event_name":"Vampires","floor":27,"gold_loss":0,"cards_obtained":["Bite","Bite","Bite","Bite","Bite"]},{"damage_healed":16,"gold_gain":0,"player_choice":"Heal","damage_taken":0,"max_hp_gain":0,"max_hp_loss":0,"event_name":"The Library","floor":31,"gold_loss":0}],"is_beta":false,"boss_relics":[{"not_picked":["Fusion Hammer","Coffee Dripper"],"picked":"Orrery"}],"items_purged_floors":[5,14],"is_endless":false,"potions_floor_spawned":[1,6,11,18],"killed_by":"Collector","ascension_level":0}