{"path_per_floor":["M","M","?","M","M","R","M","M","T","E","M","M","$","M","R"],"character_chosen":"THE_SILENT","items_purchased":["Sucker Punch","Malaise","Underhanded Strike"],"gold_per_floor":[16,36,36,51,63,63,74,85,85,119,136,148,1,15,15],"floor_reached":16,"campfire_rested":1,"playtime":1402,"current_hp_per_floor":[70,70,70,70,68,68,57,53,53,34,34,26,26,26,47],"items_purged":[],"gold":15,"score":108,"play_id":"47d1aa9f-93f9-4af6-aecc-c72cbd345d1c","is_prod":false,"is_daily":false,"is_ascension_mode":false,"campfire_upgraded":1,"path_taken":["M","M","?","?","M","R","M","M","T","E","M","M","$","M","R","BOSS"],"build_version":"2018-02-15-PROD1","purchased_purges":0,"victory":false,"master_deck":["Defend_G","Defend_G","Defend_G","Defend_G","Defend_G","Strike_G","Strike_G","Strike_G","Strike_G","Strike_G","Survivor","Neutralize","Unload","Slice","Infinite Blades+1","Regret","Dagger Throw","Escape Plan","Predator","Quick Slash","Leg Sweep","Flying Knee","Noxious Fumes","Sucker Punch","Malaise","Underhanded Strike","Riddle With Holes"],"max_hp_per_floor":[70,70,70,70,70,70,70,70,70,70,70,70,70,70,70],"relics":["Ring of the Snake","Bag of Preparation","Ice Cream","Matryoshka"],"card_choices":[{"not_picked":["Night Terror","Bullet Time"],"picked":"Unload"},{"not_picked":["Flechettes","Dodge and Roll"],"picked":"Slice"},{"not_picked":["Quick Slash","Terror"],"picked":"Infinite Blades"},{"not_picked":["Dodge and Roll","Outmaneuver"],"picked":"Dagger Throw"},{"not_picked":["Poisoned Stab","PiercingWail"],"picked":"Escape Plan"},{"not_picked":["Night Terror","Dodge and Roll"],"picked":"Predator"},{"not_picked":["Cloak And Dagger","Deflect"],"picked":"Quick Slash"},{"not_picked":["Underhanded Strike","Outmaneuver"],"picked":"Leg Sweep"},{"not_picked":["Bane","Infinite Blades"],"picked":"Flying Knee"},{"not_picked":["PiercingWail","Terror"],"picked":"Noxious Fumes"},{"not_picked":["Sucker Punch","Eviscerate"],"picked":"Riddle With Holes"}],"player_experience":121930,"potions_floor_usage":[10,11,14,16],"damage_taken":[{"damage":0,"enemies":"Jaw Worm","floor":1,"turns":6},{"damage":0,"enemies":"Small Slimes","floor":2,"turns":2},{"damage":0,"enemies":"Cultist","floor":4,"turns":4},{"damage":2,"enemies":"2 Fungi Beasts","floor":5,"turns":4},{"damage":11,"enemies":"Lots of Slimes","floor":7,"turns":3},{"damage":4,"enemies":"3 Louse","floor":8,"turns":3},{"damage":19,"enemies":"Gremlin Nob","floor":10,"turns":3},{"damage":0,"enemies":"Large Slime","floor":11,"turns":2},{"damage":8,"enemies":"Looter","floor":12,"turns":3},{"damage":0,"enemies":"2 Fungi Beasts","floor":14,"turns":3},{"damage":49,"enemies":"Hexaghost","floor":16,"turns":10}],"event_choices":[{"event_name":"Big Fish","player_choice":"Box","floor":3,"damage_taken":0}],"boss_relics":[],"potions_floor_spawned":[1,5,8,10,12],"seed_played":"7383686853918974627","killed_by":"Hexaghost","ascension_level":0,"is_trial":false}