{"gold_per_floor":[110,124,134,148,5,32,50,79,104,124,136,61,94,113,113,212,212,224,255,354,373,21,21,36,36,36,36,70,70,96,96,96,193,193,205,77,299,312,17,48,48,66,66,66,66,66,77,109,109,109,109,109,10,40,40],"floor_reached":55,"playtime":4883,"items_purged":["Strike_R","Strike_R","Strike_R"],"score":849,"play_id":"bd2f6543-e7cc-4a1b-8206-d31bde4a022e","local_time":"20190209023232","is_ascension_mode":true,"campfire_choices":[{"data":"Whirlwind","floor":15,"key":"SMITH"},{"data":"Body Slam","floor":23,"key":"SMITH"},{"data":"Body Slam","floor":25,"key":"SMITH"},{"floor":27,"key":"RECALL"},{"floor":32,"key":"REST"},{"data":"Battle Trance","floor":41,"key":"SMITH"},{"data":"Bash","floor":49,"key":"SMITH"},{"data":"Rampage","floor":52,"key":"SMITH"}],"neow_cost":"NONE","seed_source_timestamp":22430045201315,"circlet_count":0,"master_deck":["Strike_R","Defend_R","Defend_R","Defend_R+1","Defend_R+1","Bash+1","Headbutt","Body Slam+1","Iron Wave+1","Battle Trance+1","Rampage+1","Body Slam+1","Pommel Strike+1","Whirlwind+1","Bludgeon","Heavy Blade+1","Spot Weakness","Offering","Entrench+1","Reaper","Shrug It Off+1","Evolve+1","Ghostly Armor"],"relics":["Black Blood","Vajra","Meat on the Bone","Happy Flower","Blood Vial","Red Mask","Membership Card","War Paint","Calipers","Oddly Smooth Stone","Strawberry","Philosopher\u0027s Stone","Lantern","Sling","Gremlin Horn","Frozen Egg 2","Whetstone","Bag of Preparation","Anchor","Red Skull"],"potions_floor_usage":[2,6,16,16,19,28,30,48,48,50],"damage_taken":[{"damage":1,"enemies":"Cultist","floor":1,"turns":3},{"damage":8,"enemies":"Jaw Worm","floor":2,"turns":3},{"damage":8,"enemies":"2 Louse","floor":3,"turns":2},{"damage":16,"enemies":"Blue Slaver","floor":4,"turns":5},{"damage":38,"enemies":"Lagavulin","floor":6,"turns":7},{"damage":24,"enemies":"Exordium Thugs","floor":7,"turns":5},{"damage":16,"enemies":"Gremlin Nob","floor":8,"turns":3},{"damage":8,"enemies":"Large Slime","floor":10,"turns":6},{"damage":5,"enemies":"Looter","floor":11,"turns":3},{"damage":17,"enemies":"3 Sentries","floor":13,"turns":6},{"damage":4,"enemies":"Blue Slaver","floor":14,"turns":3},{"damage":58,"enemies":"The Guardian","floor":16,"turns":10},{"damage":0,"enemies":"3 Byrds","floor":18,"turns":5},{"damage":1,"enemies":"Masked Bandits","floor":19,"turns":2},{"damage":35,"enemies":"Shell Parasite","floor":21,"turns":5},{"damage":33,"enemies":"Snake Plant","floor":24,"turns":4},{"damage":53,"enemies":"Book of Stabbing","floor":28,"turns":4},{"damage":18,"enemies":"Gremlin Leader","floor":30,"turns":5},{"damage":53,"enemies":"Champ","floor":33,"turns":9},{"damage":0,"enemies":"3 Shapes","floor":35,"turns":3},{"damage":6,"enemies":"3 Darklings","floor":38,"turns":1},{"damage":28,"enemies":"Reptomancer","floor":40,"turns":3},{"damage":11,"enemies":"Jaw Worm Horde","floor":42,"turns":2},{"damage":15,"enemies":"4 Shapes","floor":47,"turns":3},{"damage":6,"enemies":"Nemesis","floor":48,"turns":3},{"damage":62,"enemies":"Awakened One","floor":50,"turns":8},{"damage":14,"enemies":"Shield and Spear","floor":54,"turns":5},{"damage":103,"enemies":"The Heart","floor":55,"turns":6}],"seed_played":"-1952299923458889347","potions_obtained":[{"floor":1,"key":"Poison Potion"},{"floor":4,"key":"PowerPotion"},{"floor":10,"key":"Swift Potion"},{"floor":11,"key":"EssenceOfSteel"},{"floor":14,"key":"Weak Potion"},{"floor":18,"key":"PowerPotion"},{"floor":24,"key":"AttackPotion"},{"floor":30,"key":"Swift Potion"},{"floor":35,"key":"Swift Potion"},{"floor":47,"key":"Weak Potion"}],"is_trial":false,"path_per_floor":["M","M","M","M","$","E","M","E","T","M","M","$","E","M","R","B",null,"M","?","?","M","$","R","M","R","T","R","E","?","E","?","R","B",null,"M","$","?","M","$","E","R","M","T","?","$","?","M","E","R","B",null,"R","$","E","B"],"character_chosen":"IRONCLAD","items_purchased":["Vajra","Membership Card","War Paint","Spot Weakness","Feed","Lantern","Sling","Gremlin Horn","Anchor","Ghostly Armor"],"campfire_rested":1,"item_purchase_floors":[5,22,22,22,22,36,39,39,53,53],"current_hp_per_floor":[88,86,84,74,74,42,36,38,38,48,61,61,62,66,66,28,88,88,88,88,63,63,63,54,54,54,54,25,25,38,38,66,37,95,95,95,95,95,95,77,77,78,78,78,78,78,90,90,90,59,90,90,90,86,0],"gold":40,"neow_bonus":"TEN_PERCENT_HP_BONUS","is_prod":false,"is_daily":false,"chose_seed":false,"campfire_upgraded":6,"win_rate":0,"timestamp":1549675952,"path_taken":["M","M","M","M","$","E","M","E","T","?","M","$","E","M","R","BOSS","M","?","?","M","?","R","?","R","T","R","E","?","E","?","R","BOSS","M","$","?","M","$","E","R","M","T","?","$","?","M","E","R","BOSS","R","$","E","BOSS"],"build_version":"2019-01-23","purchased_purges":3,"victory":false,"max_hp_per_floor":[88,88,88,88,88,88,88,88,88,88,88,88,88,88,88,88,88,88,88,88,88,88,88,88,88,88,88,88,88,95,95,95,95,95,95,95,95,95,95,95,95,95,95,90,90,90,90,90,90,90,90,90,90,90,90],"card_choices":[{"not_picked":["Entrench","Fire Breathing"],"picked":"Headbutt","floor":1},{"not_picked":["Carnage","Sever Soul","Clash"],"picked":"SKIP","floor":2},{"not_picked":["Headbutt","Twin Strike"],"picked":"Body Slam","floor":3},{"not_picked":["Anger","Warcry"],"picked":"Iron Wave","floor":4},{"not_picked":["Demon Form","Dropkick"],"picked":"Battle Trance","floor":6},{"not_picked":["Perfected Strike","Second Wind"],"picked":"Rampage","floor":7},{"not_picked":["Bloodletting","Clothesline"],"picked":"Body Slam","floor":8},{"not_picked":["Iron Wave","Metallicize","Armaments"],"picked":"SKIP","floor":10},{"not_picked":["Feel No Pain","Sword Boomerang"],"picked":"Pommel Strike","floor":11},{"not_picked":["Flex","Perfected Strike","Dark Embrace"],"picked":"SKIP","floor":13},{"not_picked":["Thunderclap","Blood for Blood"],"picked":"Whirlwind","floor":14},{"not_picked":["Immolate","Juggernaut"],"picked":"Bludgeon","floor":16},{"not_picked":["Body Slam","Hemokinesis"],"picked":"Heavy Blade+1","floor":18},{"not_picked":["True Grit","Iron Wave","Headbutt"],"picked":"SKIP","floor":21},{"not_picked":["Sword Boomerang","Iron Wave"],"picked":"Offering","floor":24},{"not_picked":["Carnage+1","Dual Wield","Headbutt"],"picked":"SKIP","floor":28},{"not_picked":["Cleave","Carnage"],"picked":"Entrench+1","floor":30},{"not_picked":["Bludgeon","Fiend Fire"],"picked":"Reaper","floor":33},{"not_picked":["Searing Blow+1","Body Slam","Sentinel+1"],"picked":"SKIP","floor":35},{"not_picked":["Heavy Blade","Perfected Strike","Armaments"],"picked":"SKIP","floor":38},{"not_picked":["Corruption+1","Reckless Charge+1","Clash"],"picked":"SKIP","floor":40},{"not_picked":["Sword Boomerang+1","Headbutt+1","Flex"],"picked":"SKIP","floor":42},{"not_picked":["True Grit+1","Heavy Blade+1"],"picked":"Shrug It Off+1","floor":47},{"not_picked":["Rupture+1","Pommel Strike"],"picked":"Evolve+1","floor":48},{"not_picked":["Havoc","Carnage+1","Intimidate"],"picked":"SKIP","floor":54}],"player_experience":799276,"relics_obtained":[{"floor":6,"key":"Meat on the Bone"},{"floor":8,"key":"Happy Flower"},{"floor":13,"key":"Blood Vial"},{"floor":19,"key":"Red Mask"},{"floor":26,"key":"Calipers"},{"floor":28,"key":"Oddly Smooth Stone"},{"floor":30,"key":"Strawberry"},{"floor":40,"key":"Frozen Egg 2"},{"floor":43,"key":"Whetstone"},{"floor":48,"key":"Bag of Preparation"},{"floor":54,"key":"Red Skull"}],"event_choices":[{"damage_healed":0,"gold_gain":0,"player_choice":"Fought Bandits","damage_taken":0,"max_hp_gain":0,"max_hp_loss":0,"event_name":"Masked Bandits","floor":19,"gold_loss":0},{"damage_healed":0,"gold_gain":99,"player_choice":"Stole From Cult","damage_taken":0,"max_hp_gain":0,"max_hp_loss":0,"event_name":"Nest","floor":20,"gold_loss":0},{"cards_removed":["Strike_R"],"damage_healed":0,"gold_gain":0,"player_choice":"Elegance","damage_taken":0,"max_hp_gain":0,"max_hp_loss":0,"event_name":"Back to Basics","floor":29,"gold_loss":0},{"damage_healed":0,"gold_gain":0,"player_choice":"Ignored","damage_taken":0,"max_hp_gain":0,"max_hp_loss":0,"event_name":"Vampires","floor":31,"gold_loss":0},{"damage_healed":0,"gold_gain":222,"player_choice":"Wore Mask","damage_taken":0,"max_hp_gain":0,"max_hp_loss":0,"event_name":"Tomb of Lord Red Mask","floor":37,"gold_loss":0},{"damage_healed":0,"gold_gain":0,"player_choice":"Max HP","damage_taken":0,"max_hp_gain":0,"max_hp_loss":5,"event_name":"Winding Halls","floor":44,"gold_loss":0},{"cards_removed":["Feed"],"damage_healed":0,"gold_gain":0,"player_choice":"Removed Attack","damage_taken":0,"max_hp_gain":0,"max_hp_loss":0,"event_name":"Falling","floor":46,"gold_loss":0}],"is_beta":false,"boss_relics":[{"not_picked":["Eternal Feather","Runic Cube"],"picked":"Black Blood"},{"not_picked":["Pandora\u0027s Box","Snecko Eye"],"picked":"Philosopher\u0027s Stone"}],"items_purged_floors":[12,36,39],"is_endless":false,"potions_floor_spawned":[1,4,10,11,14,18,24,30,35,47],"killed_by":"The Heart","ascension_level":1}