{"path_per_floor":["M","M","?","?","$","R","?","T","T","R","$","R","E","M","R","B",null,"M","M","?","M","$","R","E","R","T","M","M","E","$","?","R"],"character_chosen":"THE_SILENT","items_purchased":["Reflex","Backflip","Venomology","Accuracy","Prepared"],"gold_per_floor":[111,130,130,80,41,41,41,41,41,41,17,17,42,54,54,152,152,163,179,179,196,47,47,72,72,96,112,129,154,23,23,23],"floor_reached":33,"campfire_rested":4,"playtime":4149,"current_hp_per_floor":[56,55,55,55,55,55,55,55,55,55,55,55,50,50,70,45,70,70,70,70,17,17,53,18,54,61,57,37,17,17,17,55],"items_purged":[],"gold":23,"score":281,"play_id":"32678c9f-d03a-4644-bc20-97b5f9a4d70e","local_time":"20180307010150","is_prod":false,"is_daily":false,"is_ascension_mode":false,"campfire_upgraded":3,"timestamp":1520380910,"path_taken":["M","M","?","?","$","R","?","?","T","R","$","R","E","M","R","BOSS","M","M","?","M","$","R","E","R","T","M","M","E","$","?","R","BOSS"],"build_version":"2018-03-01-PROD1","purchased_purges":0,"victory":false,"master_deck":["Defend_G+1","Defend_G+1","Defend_G+1","Defend_G+1","Strike_G+1","Strike_G+1","Strike_G+1","Strike_G+1","Strike_G+1","Survivor","Neutralize+1","Terror+1","Heel Hook","Reflex+1","Backflip","Predator","Concentrate","Storm of Steel","Dagger Spray","Flying Knee","Choke","Dagger Throw","Acrobatics","Underhanded Strike+1","Masterful Stab+1","Prepared+1","Venomology","Outmaneuver+1","Noxious Fumes","Finisher+1","Tactician","Accuracy","Prepared"],"max_hp_per_floor":[70,70,70,70,70,70,70,70,70,70,70,70,70,70,70,70,70,70,70,70,70,70,70,70,70,77,77,77,77,77,77,77],"relics":["Ring of the Snake","Happy Flower","Thread and Needle","Du-Vu Doll","Regal Pillow","Orrery","Bottled Lightning","Strawberry","Prayer Wheel"],"card_choices":[{"not_picked":["Poisoned Stab","Slice"],"picked":"Terror"},{"not_picked":["Acrobatics","Dagger Throw"],"picked":"Heel Hook"},{"not_picked":["Expertise","Poisoned Stab"],"picked":"Predator"},{"not_picked":["Malaise","Catalyst"],"picked":"Concentrate"},{"not_picked":["Bullet Time","Grand Finale"],"picked":"Storm of Steel"},{"not_picked":["PiercingWail","Predator"],"picked":"Dagger Spray"},{"not_picked":["Reflex","Riddle With Holes"],"picked":"Flying Knee"},{"not_picked":["Underhanded Strike","Flying Knee"],"picked":"Choke"},{"not_picked":["Backflip","Deadly Poison"],"picked":"Dagger Throw"},{"not_picked":["Deflect","Dagger Throw"],"picked":"Acrobatics"},{"not_picked":["Calculated Gamble","Dagger Spray"],"picked":"Underhanded Strike"},{"not_picked":["Cloak And Dagger","Leg Sweep"],"picked":"Masterful Stab"},{"not_picked":["Dagger Spray","Dagger Throw"],"picked":"Prepared"},{"not_picked":["Dagger Spray","Storm of Steel"],"picked":"Outmaneuver"},{"not_picked":["Dagger Spray","Acrobatics"],"picked":"Noxious Fumes"},{"not_picked":["Acrobatics","Dodge and Roll"],"picked":"Finisher"},{"not_picked":["Outmaneuver","Poisoned Stab"],"picked":"Tactician"}],"player_experience":160094,"potions_floor_usage":[33],"damage_taken":[{"damage":14.0,"enemies":"Jaw Worm","floor":1.0,"turns":5.0},{"damage":1.0,"enemies":"Cultist","floor":2.0,"turns":4.0},{"damage":5.0,"enemies":"Gremlin Nob","floor":13.0,"turns":4.0},{"damage":0.0,"enemies":"Small Slimes","floor":14.0,"turns":2.0},{"damage":25.0,"enemies":"Slime Boss","floor":16.0,"turns":12.0},{"damage":0.0,"enemies":"Shell Parasite","floor":18.0,"turns":3.0},{"damage":0.0,"enemies":"3 Byrds","floor":19.0,"turns":4.0},{"damage":53.0,"enemies":"Slaver and Parasite","floor":21.0,"turns":5.0},{"damage":35.0,"enemies":"Gremlin Leader","floor":24.0,"turns":5.0},{"damage":4.0,"enemies":"Chosen and Byrds","floor":27.0,"turns":5.0},{"damage":32.0,"enemies":"3 Cultists","floor":28.0,"turns":5.0},{"damage":20.0,"enemies":"Book of Stabbing","floor":29.0,"turns":5.0},{"damage":60,"enemies":"Automaton","floor":33,"turns":6}],"event_choices":[{"event_name":"Big Fish","player_choice":"Box","floor":3.0,"damage_taken":0.0},{"event_name":"The Cleric","player_choice":"Card Removal","floor":4.0,"damage_taken":0.0},{"event_name":"Purifier","player_choice":"One Purge","floor":7.0,"damage_taken":0.0},{"event_name":"Back to Basics","player_choice":"Simplicity","floor":20.0,"damage_taken":0.0},{"event_name":"Beggar","player_choice":"Ignored","floor":31.0,"damage_taken":0.0}],"boss_relics":[],"potions_floor_spawned":[1,16,21,24,27,28],"seed_played":"-3672997452730633063","killed_by":"Automaton","ascension_level":0,"is_trial":false}