{"path_per_floor":["M","$","?","M","M","E","R","M","T","E","M","M","R","?","R"],"character_chosen":"IRONCLAD","items_purchased":[],"gold_per_floor":[113,38,213,230,243,278,278,295,295,322,332,346,346,346,346,346],"floor_reached":16,"campfire_rested":1,"playtime":1027,"current_hp_per_floor":[72,72,72,72,72,46,46,55,55,47,42,32,58,58,58,0],"items_purged":["Defend_R"],"gold":346,"score":129,"play_id":"ed8bf124-6e2a-4583-9add-8eeb7133cce3","local_time":"20180424202820","is_prod":false,"is_daily":false,"chose_seed":false,"is_ascension_mode":true,"campfire_upgraded":2,"timestamp":1524594500,"path_taken":["M","$","?","M","?","E","R","M","T","E","M","M","R","?","R","BOSS"],"build_version":"2018-04-19","seed_source_timestamp":21982747295206,"purchased_purges":1,"victory":false,"master_deck":["Strike_R","Strike_R","Strike_R","Strike_R","Strike_R","Defend_R","Defend_R","Defend_R","Bash","Bludgeon","Shrug It Off","Pommel Strike+1","Feed+1","Second Wind","Double Tap"],"max_hp_per_floor":[72,72,72,72,72,72,72,76,76,80,84,88,88,88,88,88],"relics":["Burning Blood","Happy Flower","Dream Catcher","Smiling Mask"],"card_choices":[{"not_picked":["Dark Embrace","Juggernaut"],"picked":"Bludgeon","floor":0},{"not_picked":["Perfected Strike","True Grit"],"picked":"Shrug It Off","floor":1},{"not_picked":["Rage","Clash"],"picked":"Pommel Strike","floor":4},{"not_picked":["Disarm","Blood for Blood"],"picked":"Feed","floor":6},{"not_picked":["Warcry","Fire Breathing"],"picked":"Second Wind","floor":12},{"not_picked":["True Grit","Power Through"],"picked":"Double Tap","floor":13}],"player_experience":375741,"potions_floor_usage":[10,12,16,16],"damage_taken":[{"damage":3,"enemies":"Jaw Worm","floor":1,"turns":4},{"damage":6,"enemies":"Cultist","floor":4,"turns":3},{"damage":2,"enemies":"2 Louse","floor":5,"turns":3},{"damage":32,"enemies":"Gremlin Nob","floor":6,"turns":4},{"damage":1,"enemies":"Exordium Thugs","floor":8,"turns":6},{"damage":18,"enemies":"3 Sentries","floor":10,"turns":6},{"damage":15,"enemies":"Red Slaver","floor":11,"turns":3},{"damage":20,"enemies":"Lots of Slimes","floor":12,"turns":3},{"damage":59,"enemies":"Hexaghost","floor":16,"turns":9}],"event_choices":[{"event_name":"Liars Game","player_choice":"agreed","floor":3,"damage_taken":0},{"event_name":"Fountain of Cleansing","player_choice":"Removed Curse","floor":14,"damage_taken":0}],"boss_relics":[],"potions_floor_spawned":[5,6,8,11,12],"seed_played":"2974861806873690783","killed_by":"Hexaghost","ascension_level":3,"is_trial":false}