{"path_per_floor":["M","?","?","$","M","E","M","R","T","M","?","E","?","M","R","B",null,"M","?","?","?","$"],"character_chosen":"THE_SILENT","items_purchased":["Shuriken","Flechettes","Infinite Blades","All Out Attack","Poisoned Stab","Catalyst"],"gold_per_floor":[116,216,391,26,46,79,90,90,90,108,108,140,202,217,217,321,321,338,338,263,263,23],"floor_reached":23,"campfire_rested":2,"playtime":1843,"current_hp_per_floor":[73,73,73,73,66,40,40,63,63,58,58,54,36,36,58,56,74,48,48,48,48,48],"items_purged":["Doubt"],"gold":23,"score":197,"play_id":"d3ce171e-a6d4-438a-8137-3a328cd9ab57","is_prod":false,"is_daily":false,"is_ascension_mode":false,"campfire_upgraded":0,"path_taken":["M","?","?","$","M","E","?","R","T","M","?","E","?","M","R","BOSS","M","?","?","?","$","E"],"build_version":"2018-02-08-PROD1","purchased_purges":1,"victory":false,"master_deck":["Defend_G","Defend_G+1","Strike_G","Strike_G","Strike_G","Strike_G","Strike_G","Survivor","Neutralize","Backflip","Flechettes","Riddle With Holes","Quick Slash","Backstab","Poisoned Stab","Choke","Envenom","Predator","Bane","Envenom","Night Terror+1","Deflect+1","A Thousand Cuts+1","Flying Knee","Finisher","Infinite Blades","All Out Attack","Poisoned Stab","Catalyst"],"max_hp_per_floor":[77,77,77,77,77,77,77,77,77,77,74,74,74,74,74,74,74,74,74,74,74,74],"relics":["Calling Bell","Dream Catcher","Strawberry","Vajra","Shuriken","Pantograph","Bag of Marbles","Anchor","War Paint","Astrolabe"],"card_choices":[{"not_picked":["Bouncing Flask","Dagger Spray"],"picked":"Backflip"},{"not_picked":["Reflex","Dodge and Roll"],"picked":"Eviscerate"},{"not_picked":["Dagger Throw","Unload"],"picked":"Riddle With Holes"},{"not_picked":["Acrobatics","Bane"],"picked":"Quick Slash"},{"not_picked":["Deflect","Leg Sweep"],"picked":"Backstab"},{"not_picked":["Deflect","Acrobatics"],"picked":"Poisoned Stab"},{"not_picked":["Deflect","Dash"],"picked":"Choke"},{"not_picked":["Dodge and Roll","PiercingWail"],"picked":"Envenom"},{"not_picked":["Backflip","Choke"],"picked":"Predator"},{"not_picked":["Predator","Bouncing Flask"],"picked":"Bane"},{"not_picked":["Bullet Time","Wraith Form"],"picked":"Envenom"},{"not_picked":["PiercingWail","Prepared"],"picked":"Flying Knee"}],"player_experience":38212,"potions_floor_usage":[5,13,18],"damage_taken":[{"damage":4,"enemies":"Small Slimes","floor":1,"turns":5},{"damage":7,"enemies":"Blue Slaver","floor":5,"turns":4},{"damage":26,"enemies":"3 Sentries","floor":6,"turns":10},{"damage":0,"enemies":"2 Louse","floor":7,"turns":2},{"damage":5,"enemies":"Large Slime","floor":10,"turns":5},{"damage":4,"enemies":"Gremlin Nob","floor":12,"turns":3},{"damage":18,"enemies":"Lagavulin Event","floor":13,"turns":4},{"damage":0,"enemies":"Looter","floor":14,"turns":2},{"damage":18,"enemies":"Slime Boss","floor":16,"turns":7},{"damage":26,"enemies":"3 Byrds","floor":18,"turns":5},{"damage":48,"enemies":"Gremlin Leader","floor":23,"turns":6}],"event_choices":[{"event_name":"Wheel of Change","player_choice":"Gold","floor":2,"damage_taken":0},{"event_name":"Liars Game","player_choice":"agreed","floor":3,"damage_taken":0},{"event_name":"Fountain of Cleansing","player_choice":"Removed Curse","floor":11,"damage_taken":0},{"event_name":"Dead Adventurer","player_choice":"Searched \u00272\u0027 times","floor":13,"damage_taken":0},{"event_name":"The Library","player_choice":"Read","floor":19,"damage_taken":0},{"event_name":"Beggar","player_choice":"Gave Gold","floor":20,"damage_taken":0},{"event_name":"Cursed Tome","player_choice":"Ignored","floor":21,"damage_taken":0}],"boss_relics":[{"not_picked":["Question Card","The Specimen"],"picked":"Astrolabe"}],"potions_floor_spawned":[1,5,12,13,16],"seed_played":"-2957300263631809897","killed_by":"Gremlin Leader","ascension_level":0,"is_trial":false}