{"gold_per_floor":[111,124,138,70,70,97,97,117,164,181,39,51,51,66,66,167,167,184,84,34,52,67,67,67,80,103,132,173,185,220,247,259,369,381,413,425,24,43,58,58,58,58,58,58,58,71,71,84,84,84],"floor_reached":51,"playtime":2891,"items_purged":["Strike_G","Strike_G","Strike_G"],"score":671,"play_id":"2c12b62c-ac27-4586-97b6-b328f5442ef7","local_time":"20190904122317","is_ascension_mode":false,"campfire_choices":[{"data":"Neutralize","floor":7,"key":"SMITH"},{"data":"Blur","floor":13,"key":"SMITH"},{"floor":15,"key":"REST"},{"data":"Tools of the Trade","floor":24,"key":"SMITH"},{"floor":29,"key":"REST"},{"floor":32,"key":"REST"},{"data":"Malaise","floor":40,"key":"SMITH"},{"data":"Noxious Fumes","floor":42,"key":"SMITH"},{"floor":49,"key":"REST"}],"neow_cost":"NONE","seed_source_timestamp":1859340674844211,"circlet_count":0,"master_deck":["Defend_G","Defend_G","Defend_G","Defend_G","Defend_G","Survivor","Neutralize+1","Corpse Explosion","Dagger Spray","Dodge and Roll","Dash","Caltrops","Noxious Fumes","Deadly Poison","Blur+1","Backstab","Noxious Fumes+1","Tools of the Trade+1","Dodge and Roll","PiercingWail","Backflip","Well Laid Plans","Malaise+1","Terror+1","Malaise+1","Distraction+1"],"relics":["Ring of the Snake","Shuriken","Lantern","Velvet Choker","MawBank","Potion Belt","Bag of Marbles","Sozu","Mango","Thread and Needle"],"potions_floor_usage":[16,28,33,39,50],"damage_taken":[{"damage":7,"enemies":"Small Slimes","floor":1,"turns":6},{"damage":0,"enemies":"Cultist","floor":2,"turns":4},{"damage":0,"enemies":"2 Louse","floor":3,"turns":2},{"damage":16,"enemies":"3 Sentries","floor":6,"turns":4},{"damage":6,"enemies":"Exordium Thugs","floor":8,"turns":4},{"damage":7,"enemies":"Gremlin Gang","floor":10,"turns":3},{"damage":3,"enemies":"Red Slaver","floor":12,"turns":5},{"damage":0,"enemies":"Large Slime","floor":14,"turns":4},{"damage":28,"enemies":"Slime Boss","floor":16,"turns":11},{"damage":10,"enemies":"3 Byrds","floor":18,"turns":2},{"damage":5,"enemies":"Chosen","floor":21,"turns":5},{"damage":13,"enemies":"Snake Plant","floor":22,"turns":4},{"damage":8,"enemies":"Shelled Parasite and Fungi","floor":25,"turns":8},{"damage":3,"enemies":"Centurion and Healer","floor":27,"turns":6},{"damage":21,"enemies":"Gremlin Leader","floor":28,"turns":8},{"damage":5,"enemies":"Snake Plant","floor":31,"turns":4},{"damage":35,"enemies":"Collector","floor":33,"turns":9},{"damage":10,"enemies":"3 Darklings","floor":35,"turns":6},{"damage":1,"enemies":"Orb Walker","floor":38,"turns":5},{"damage":1,"enemies":"3 Darklings","floor":39,"turns":2},{"damage":7,"enemies":"Spire Growth","floor":46,"turns":7},{"damage":27,"enemies":"Sphere and 2 Shapes","floor":48,"turns":6},{"damage":13,"enemies":"Time Eater","floor":50,"turns":16}],"seed_played":"3745189655430539487","potions_obtained":[{"floor":8,"key":"SkillPotion"},{"floor":10,"key":"Energy Potion"},{"floor":12,"key":"PowerPotion"},{"floor":16,"key":"SteroidPotion"},{"floor":22,"key":"AttackPotion"},{"floor":33,"key":"Ancient Potion"}],"is_trial":false,"path_per_floor":["M","M","M","$","?","E","R","M","T","M","$","M","R","M","R","B",null,"M","$","?","M","M","$","R","M","T","M","E","R","T","M","R","B",null,"M","?","$","M","M","R","$","R","T","$","?","M","?","M","R","B",null],"character_chosen":"THE_SILENT","items_purchased":["Caltrops","Backstab","Mango"],"campfire_rested":4,"item_purchase_floors":[4,11,37],"current_hp_per_floor":[63,63,63,63,63,47,47,41,41,34,34,31,31,31,52,24,70,60,60,60,55,42,42,42,34,34,31,10,31,31,26,47,12,70,60,60,74,73,72,72,72,72,72,72,72,65,65,38,62,49],"gold":84,"neow_bonus":"TRANSFORM_CARD","is_prod":false,"is_daily":false,"chose_seed":false,"campfire_upgraded":5,"win_rate":0,"timestamp":1567592597,"path_taken":["M","M","M","$","?","E","R","M","T","M","$","M","R","?","R","BOSS","M","$","?","M","M","?","R","?","T","M","E","R","?","M","R","BOSS","M","?","?","M","M","R","$","R","T","$","?","?","?","?","R","BOSS"],"build_version":"2019-07-17","purchased_purges":3,"victory":true,"max_hp_per_floor":[70,70,70,70,70,70,70,70,70,70,70,70,70,70,70,70,70,70,70,70,70,70,70,70,70,70,70,70,70,70,70,70,70,70,70,70,84,84,84,84,84,84,84,84,80,80,80,80,80,80],"card_choices":[{"not_picked":["Backflip","Dagger Throw"],"picked":"Dagger Spray","floor":1},{"not_picked":["Prepared","Blade Dance"],"picked":"Dodge and Roll","floor":2},{"not_picked":["Expertise","Masterful Stab"],"picked":"Dash","floor":3},{"not_picked":["Skewer","Prepared"],"picked":"Noxious Fumes","floor":6},{"not_picked":["Cloak And Dagger","Doppelganger"],"picked":"Deadly Poison","floor":8},{"not_picked":["Dagger Spray","Sucker Punch"],"picked":"Blur","floor":10},{"not_picked":["Outmaneuver","Poisoned Stab","Dagger Spray"],"picked":"SKIP","floor":12},{"not_picked":["Expertise","Cloak And Dagger"],"picked":"Noxious Fumes","floor":14},{"not_picked":["Corpse Explosion","Unload"],"picked":"Tools of the Trade","floor":16},{"not_picked":["Dagger Spray+1","Dodge and Roll","Blade Dance"],"picked":"SKIP","floor":18},{"not_picked":["Quick Slash","Slice+1","Acrobatics"],"picked":"SKIP","floor":21},{"not_picked":["Sucker Punch","Flechettes"],"picked":"Dodge and Roll","floor":22},{"not_picked":["Predator","Slice"],"picked":"PiercingWail","floor":25},{"not_picked":["Wraith Form v2","Flying Knee"],"picked":"Backflip","floor":27},{"not_picked":["Dagger Throw","Cloak And Dagger+1"],"picked":"Well Laid Plans","floor":28},{"not_picked":["Dagger Throw+1","Quick Slash","Setup"],"picked":"SKIP","floor":31},{"not_picked":["Bullet Time","Glass Knife"],"picked":"Malaise","floor":33},{"not_picked":["Outmaneuver+1","Crippling Poison","Well Laid Plans"],"picked":"SKIP","floor":35},{"not_picked":["Underhanded Strike+1","Choke+1","Tactician"],"picked":"SKIP","floor":38},{"not_picked":["All Out Attack","Underhanded Strike","Deadly Poison+1"],"picked":"SKIP","floor":39},{"not_picked":["Poisoned Stab","Flechettes"],"picked":"Terror+1","floor":46},{"not_picked":["Acrobatics+1","Dodge and Roll+1"],"picked":"Distraction+1","floor":48}],"player_experience":149359,"relics_obtained":[{"floor":6,"key":"Shuriken"},{"floor":9,"key":"Lantern"},{"floor":26,"key":"MawBank"},{"floor":28,"key":"Potion Belt"},{"floor":30,"key":"Bag of Marbles"},{"floor":43,"key":"Thread and Needle"}],"event_choices":[{"cards_removed":["Strike_G"],"damage_healed":0,"gold_gain":0,"player_choice":"Purged","damage_taken":0,"max_hp_gain":0,"max_hp_loss":0,"event_name":"Purifier","floor":5,"gold_loss":0},{"damage_healed":0,"gold_gain":0,"player_choice":"Bet on Owner","damage_taken":0,"max_hp_gain":0,"max_hp_loss":0,"event_name":"The Joust","floor":20,"gold_loss":50},{"damage_healed":0,"gold_gain":0,"player_choice":"Bought 0 Potions","damage_taken":0,"max_hp_gain":0,"max_hp_loss":0,"event_name":"The Woman in Blue","floor":36,"gold_loss":0},{"damage_healed":0,"gold_gain":0,"player_choice":"Max HP","damage_taken":0,"max_hp_gain":0,"max_hp_loss":4,"event_name":"Winding Halls","floor":45,"gold_loss":0},{"damage_healed":0,"gold_gain":0,"player_choice":"Copied","damage_taken":0,"max_hp_gain":0,"max_hp_loss":0,"event_name":"Duplicator","floor":47,"gold_loss":0,"cards_obtained":["Malaise"]}],"is_beta":false,"boss_relics":[{"not_picked":["Philosopher\u0027s Stone","Calling Bell"],"picked":"Velvet Choker"},{"not_picked":["Pandora\u0027s Box","Coffee Dripper"],"picked":"Sozu"}],"items_purged_floors":[11,19,37],"is_endless":false,"potions_floor_spawned":[8,10,12,16,22,27,33,46,48],"ascension_level":0}