{"gold_per_floor":[117,117,67,92,92,92,17,17,42,59,72,91,119,131,131,131],"floor_reached":16,"playtime":1414,"items_purged":["Strike_B"],"score":100,"play_id":"1827d6ca-5536-493b-afc5-5130202f7926","local_time":"20180707174419","is_ascension_mode":false,"campfire_choices":[{"data":"Capacitor","floor":6,"key":"SMITH"},{"data":"Zap","floor":8,"key":"SMITH"},{"floor":15,"key":"REST"}],"neow_cost":"","seed_source_timestamp":1578227219779,"circlet_count":0,"master_deck":["Strike_B","Strike_B","Defend_B","Defend_B","Defend_B","Zap+1","Dualcast","Capacitor+1","Force Field","Steam Power","Coolheaded","Redo","Reboot","Compile Driver"],"relics":["Cracked Core","Art of War","Pen Nib","Singing Bowl","Frozen Egg 2"],"potions_floor_usage":[14,16],"damage_taken":[{"damage":6,"enemies":"Jaw Worm","floor":1,"turns":3},{"damage":0,"enemies":"Cultist","floor":10,"turns":4},{"damage":6,"enemies":"2 Louse","floor":11,"turns":3},{"damage":3,"enemies":"Blue Slaver","floor":12,"turns":4},{"damage":38,"enemies":"Lagavulin","floor":13,"turns":9},{"damage":12,"enemies":"Large Slime","floor":14,"turns":8},{"damage":31,"enemies":"Slime Boss","floor":16,"turns":3}],"seed_played":"1887708958905681466","potions_obtained":[{"floor":1,"key":"Swift Potion"},{"floor":12,"key":"Strength Potion"},{"floor":13,"key":"GamblersBrew"},{"floor":14,"key":"Dexterity Potion"}],"is_trial":false,"path_per_floor":["M","?","?","T","?","R","$","R","T","M","M","M","E","M","R"],"character_chosen":"DEFECT","items_purchased":[],"campfire_rested":1,"item_purchase_floors":[],"current_hp_per_floor":[69,69,69,69,62,62,62,62,62,62,56,53,15,3,25,0],"gold":131,"neow_bonus":"","is_prod":false,"is_daily":false,"chose_seed":false,"campfire_upgraded":2,"win_rate":0.0,"timestamp":1530978259,"path_taken":["M","?","?","?","?","R","$","R","T","M","M","?","E","M","R","BOSS"],"build_version":"2018-07-05","purchased_purges":1,"victory":false,"max_hp_per_floor":[75,75,75,75,75,75,75,75,75,75,75,75,75,75,75,75],"card_choices":[{"not_picked":["Leap","Double Energy"],"picked":"Capacitor","floor":1},{"not_picked":["Gash","Go for the Eyes"],"picked":"Steam Power","floor":10},{"not_picked":["Beam Cell","Fusion"],"picked":"Coolheaded","floor":11},{"not_picked":["Gash","Ball Lightning"],"picked":"Redo","floor":12},{"not_picked":["Reprogram","Double Energy"],"picked":"Reboot","floor":13},{"not_picked":["Ball Lightning","Gash"],"picked":"Compile Driver","floor":14}],"player_experience":430950,"relics_obtained":[{"floor":4,"key":"Art of War"},{"floor":9,"key":"Singing Bowl"},{"floor":13,"key":"Frozen Egg 2"}],"event_choices":[{"event_name":"Transmorgrifier","player_choice":"Transform","floor":2,"damage_taken":0},{"event_name":"The Cleric","player_choice":"Card Removal","floor":3,"damage_taken":0},{"event_name":"Scrap Ooze","player_choice":"success","floor":5,"damage_taken":7}],"boss_relics":[],"items_purged_floors":[7],"is_endless":false,"potions_floor_spawned":[1,12,13,14],"killed_by":"Slime Boss","ascension_level":0}