{"gold_per_floor":[119,194,494,509,62,89,89,102,102,102,102,130,56,73,73,177,177,190,205,480,115,129,129],"floor_reached":23,"playtime":1827,"items_purged":["Regret","Regret"],"score":224,"play_id":"59f76433-cd80-4da1-bf9f-baf0fb30053c","local_time":"20190203232346","is_ascension_mode":false,"campfire_choices":[{"data":"Strike_G","floor":7,"key":"PURGE"},{"data":"Strike_G","floor":11,"key":"PURGE"},{"data":"Predator","floor":15,"key":"SMITH"}],"neow_cost":"NONE","seed_source_timestamp":15378463481933,"circlet_count":0,"master_deck":["Defend_G","Defend_G","Defend_G","Defend_G","Defend_G","Strike_G+1","Strike_G","Survivor","Neutralize","Quick Slash","Expertise","Well Laid Plans","Predator+1","Terror","Flying Knee","A Thousand Cuts","Endless Agony+1","Sucker Punch","Accuracy","Blade Dance+1"],"relics":["Ring of the Snake","NeowsBlessing","Old Coin","Pen Nib","Strawberry","Peace Pipe","Ancient Tea Set","WristBlade","Whetstone"],"potions_floor_usage":[12,18,19,22],"damage_taken":[{"damage":0,"enemies":"Cultist","floor":1,"turns":1},{"damage":0,"enemies":"Jaw Worm","floor":4,"turns":1},{"damage":0,"enemies":"3 Sentries","floor":6,"turns":1},{"damage":0,"enemies":"2 Louse","floor":8,"turns":3},{"damage":14,"enemies":"Gremlin Nob","floor":12,"turns":4},{"damage":13,"enemies":"Gremlin Gang","floor":14,"turns":5},{"damage":20,"enemies":"Slime Boss","floor":16,"turns":10},{"damage":25,"enemies":"2 Thieves","floor":18,"turns":4},{"damage":19,"enemies":"3 Byrds","floor":19,"turns":5},{"damage":30,"enemies":"Shelled Parasite and Fungi","floor":22,"turns":5},{"damage":16,"enemies":"Cultist and Chosen","floor":23,"turns":4}],"seed_played":"8677539978655307259","potions_obtained":[{"floor":4,"key":"FearPotion"},{"floor":16,"key":"Explosive Potion"},{"floor":18,"key":"FearPotion"},{"floor":19,"key":"Weak Potion"}],"is_trial":false,"path_per_floor":["M","?","?","M","$","E","R","M","T","?","R","E","$","M","R","B",null,"M","M","?","$","M","M"],"character_chosen":"THE_SILENT","items_purchased":["Well Laid Plans","Pen Nib","Strawberry","Terror","Whetstone","Sucker Punch","Accuracy"],"campfire_rested":0,"item_purchase_floors":[5,5,5,13,21,21,21],"current_hp_per_floor":[70,59,59,59,66,66,66,66,66,66,66,52,52,39,39,19,77,52,33,33,33,3,0],"gold":129,"neow_bonus":"THREE_ENEMY_KILL","is_prod":false,"is_daily":false,"chose_seed":false,"campfire_upgraded":1,"win_rate":0,"timestamp":1549232626,"path_taken":["M","?","?","M","$","E","R","M","T","?","R","E","$","M","R","BOSS","M","?","?","$","M","M"],"build_version":"2019-01-23","purchased_purges":2,"victory":false,"max_hp_per_floor":[70,70,70,70,77,77,77,77,77,77,77,77,77,77,77,77,77,77,77,77,77,77,77],"card_choices":[{"not_picked":["Bane","All Out Attack"],"picked":"Quick Slash","floor":1},{"not_picked":["Outmaneuver","Bouncing Flask"],"picked":"Expertise","floor":4},{"not_picked":["Distraction","Flechettes","Choke"],"picked":"SKIP","floor":6},{"not_picked":["Deadly Poison","Eviscerate","Flechettes"],"picked":"SKIP","floor":8},{"not_picked":["Infinite Blades","Cloak And Dagger"],"picked":"Predator","floor":12},{"not_picked":["Predator","Backflip"],"picked":"Flying Knee","floor":14},{"not_picked":["After Image","Night Terror"],"picked":"A Thousand Cuts","floor":16},{"not_picked":["Bane+1","Dagger Throw","Deadly Poison"],"picked":"SKIP","floor":18},{"not_picked":["Quick Slash+1","Tactician"],"picked":"Endless Agony","floor":19},{"not_picked":["Setup+1","Dagger Throw"],"picked":"Blade Dance+1","floor":22}],"player_experience":718617,"relics_obtained":[{"floor":6,"key":"Peace Pipe"},{"floor":12,"key":"Ancient Tea Set"}],"event_choices":[{"damage_healed":0,"gold_gain":75,"player_choice":"Gather Gold","damage_taken":11,"max_hp_gain":0,"max_hp_loss":0,"event_name":"World of Goop","floor":2,"gold_loss":0},{"damage_healed":0,"gold_gain":0,"player_choice":"Box","damage_taken":0,"relics_obtained":["Old Coin"],"max_hp_gain":0,"max_hp_loss":0,"event_name":"Big Fish","floor":3,"gold_loss":0,"cards_obtained":["Regret"]},{"cards_removed":["Strike_G"],"damage_healed":0,"gold_gain":0,"player_choice":"Offered Basic","damage_taken":0,"max_hp_gain":0,"max_hp_loss":0,"event_name":"Bonfire Elementals","floor":10,"gold_loss":0},{"damage_healed":0,"gold_gain":275,"player_choice":"Desecrate","damage_taken":0,"max_hp_gain":0,"max_hp_loss":0,"event_name":"Golden Shrine","floor":20,"gold_loss":0,"cards_obtained":["Regret"]}],"is_beta":false,"boss_relics":[{"not_picked":["Runic Dome","Eternal Feather"],"picked":"WristBlade"}],"items_purged_floors":[5,21],"is_endless":false,"potions_floor_spawned":[4,16,18,19],"killed_by":"Cultist and Chosen","ascension_level":0}