{"gold_per_floor":[115,290,290,300,222,237,237,252,252,64,76,76,91,107,107,211,211,222,193,43,43,43,74,74,87,112,112,112,112],"floor_reached":29,"playtime":2302,"items_purged":["Regret"],"score":235,"play_id":"8b304b69-0164-4706-8689-69900f3ed3bb","local_time":"20190124222324","is_ascension_mode":false,"campfire_choices":[{"data":"Neutralize","floor":7,"key":"SMITH"},{"data":"Noxious Fumes","floor":15,"key":"SMITH"},{"floor":24,"key":"REST"}],"neow_cost":"NONE","seed_source_timestamp":41365626996224,"circlet_count":0,"master_deck":["Defend_G+1","Defend_G+1","Defend_G","Defend_G+1","Defend_G","Strike_G","Strike_G","Strike_G+1","Strike_G+1","Strike_G+1","Survivor","Neutralize+1","Doubt","Backstab","Noxious Fumes+1","Accuracy","Envenom","Shame","Writhe","Crippling Poison+1","Infinite Blades","All Out Attack+1"],"relics":["White Beast Statue","Potion Belt","Toxic Egg 2","Snake Skull","Gremlin Horn","Calling Bell","Regal Pillow","Nunchaku","Mummified Hand","War Paint","Whetstone","Shovel"],"potions_floor_usage":[8,8,11,16,16,16,16,18,19,23,29,29],"damage_taken":[{"damage":0,"enemies":"2 Louse","floor":1,"turns":3},{"damage":1,"enemies":"Cultist","floor":4,"turns":4},{"damage":8,"enemies":"Jaw Worm","floor":6,"turns":6},{"damage":0,"enemies":"Exordium Wildlife","floor":8,"turns":5},{"damage":0,"enemies":"3 Louse","floor":11,"turns":4},{"damage":5,"enemies":"Blue Slaver","floor":13,"turns":4},{"damage":5,"enemies":"Looter","floor":14,"turns":4},{"damage":20,"enemies":"Slime Boss","floor":16,"turns":7},{"damage":20,"enemies":"3 Byrds","floor":18,"turns":5},{"damage":32,"enemies":"2 Thieves","floor":19,"turns":5},{"damage":31,"enemies":"Book of Stabbing","floor":23,"turns":6},{"damage":18,"enemies":"Snecko","floor":25,"turns":6},{"damage":32,"enemies":"Snake Plant","floor":29,"turns":4}],"seed_played":"-1283701221342203078","potions_obtained":[{"floor":1,"key":"Regen Potion"},{"floor":4,"key":"Strength Potion"},{"floor":6,"key":"FearPotion"},{"floor":8,"key":"Strength Potion"},{"floor":11,"key":"Weak Potion"},{"floor":13,"key":"SkillPotion"},{"floor":14,"key":"PowerPotion"},{"floor":16,"key":"Poison Potion"},{"floor":18,"key":"Fire Potion"},{"floor":19,"key":"Poison Potion"},{"floor":23,"key":"Dexterity Potion"},{"floor":25,"key":"Fire Potion"}],"is_trial":false,"path_per_floor":["M","?","?","M","?","M","R","M","T","$","M","T","M","M","R","B",null,"M","M","$","?","?","E","R","M","T","T","?","M"],"character_chosen":"THE_SILENT","items_purchased":["Snake Skull","Noxious Fumes","Infinite Blades"],"campfire_rested":1,"item_purchase_floors":[10,10,20],"current_hp_per_floor":[70,70,56,55,55,47,47,61,61,61,61,61,56,51,51,31,70,50,18,18,18,41,10,46,28,28,28,28,0],"gold":112,"neow_bonus":"BOSS_RELIC","is_prod":false,"is_daily":false,"chose_seed":false,"campfire_upgraded":2,"win_rate":0,"timestamp":1548365004,"path_taken":["M","?","?","M","?","?","R","?","T","$","M","?","M","M","R","BOSS","M","M","$","?","?","E","R","M","T","?","?","M"],"build_version":"2019-01-23","purchased_purges":1,"victory":false,"max_hp_per_floor":[70,70,70,70,70,70,70,70,70,70,70,70,70,70,70,70,70,70,70,70,70,70,70,70,70,70,70,70,70],"card_choices":[{"not_picked":["Crippling Poison","Flying Knee","Poisoned Stab"],"picked":"SKIP","floor":1},{"not_picked":["Heel Hook","Dodge and Roll","Concentrate"],"picked":"SKIP","floor":4},{"not_picked":["Dodge and Roll","Terror"],"picked":"Backstab","floor":6},{"not_picked":["Dagger Throw","Flying Knee","Dodge and Roll"],"picked":"SKIP","floor":8},{"not_picked":["Flying Knee","Deadly Poison+1"],"picked":"Accuracy","floor":11},{"not_picked":["Escape Plan+1","A Thousand Cuts","Flying Knee"],"picked":"SKIP","floor":13},{"not_picked":["Deadly Poison+1","Poisoned Stab","Outmaneuver+1"],"picked":"SKIP","floor":14},{"not_picked":["Night Terror+1","Adrenaline+1"],"picked":"Envenom","floor":16},{"not_picked":["PiercingWail+1","Outmaneuver+1","Accuracy+1"],"picked":"SKIP","floor":18},{"not_picked":["Quick Slash","Dagger Throw+1"],"picked":"Crippling Poison+1","floor":19},{"not_picked":["Slice","Finisher"],"picked":"All Out Attack+1","floor":23},{"not_picked":["Flying Knee","Underhanded Strike","After Image"],"picked":"SKIP","floor":25}],"player_experience":612963,"relics_obtained":[{"floor":9,"key":"Toxic Egg 2"},{"floor":12,"key":"Gremlin Horn"},{"floor":17,"key":"Regal Pillow"},{"floor":17,"key":"Nunchaku"},{"floor":17,"key":"Mummified Hand"},{"floor":23,"key":"War Paint"},{"floor":26,"key":"Whetstone"},{"floor":27,"key":"Shovel"}],"event_choices":[{"damage_healed":0,"gold_gain":175,"player_choice":"AGREE","damage_taken":0,"max_hp_gain":0,"max_hp_loss":0,"event_name":"Liars Game","floor":2,"gold_loss":0,"cards_obtained":["Doubt"]},{"damage_healed":0,"gold_gain":0,"player_choice":"Entered Light","damage_taken":14,"max_hp_gain":0,"max_hp_loss":0,"event_name":"Shining Light","floor":3,"gold_loss":0,"cards_upgraded":["Strike_G","Defend_G"]},{"damage_healed":0,"gold_gain":0,"player_choice":"Paid Gold","damage_taken":0,"relics_obtained":["Potion Belt"],"max_hp_gain":0,"max_hp_loss":0,"event_name":"WeMeetAgain","floor":5,"gold_loss":78},{"damage_healed":0,"gold_gain":0,"player_choice":"Smashed Altar","damage_taken":0,"max_hp_gain":0,"max_hp_loss":0,"event_name":"Forgotten Altar","floor":21,"gold_loss":0,"cards_obtained":["Decay"]},{"damage_healed":23,"gold_gain":0,"player_choice":"Heal","damage_taken":0,"max_hp_gain":0,"max_hp_loss":0,"event_name":"The Library","floor":22,"gold_loss":0},{"cards_removed":["Decay"],"damage_healed":0,"gold_gain":0,"player_choice":"Elegance","damage_taken":0,"max_hp_gain":0,"max_hp_loss":0,"event_name":"Back to Basics","floor":28,"gold_loss":0}],"is_beta":false,"boss_relics":[{"not_picked":["HoveringKite","Philosopher\u0027s Stone"],"picked":"Calling Bell"}],"items_purged_floors":[20],"is_endless":false,"potions_floor_spawned":[1,4,6,8,11,13,14,16,18,19,23,25],"killed_by":"Snake Plant","ascension_level":0}