{"gold_per_floor":[365,378,378,378,152,152,178,188,188,108,143,160,160,179,179,275,275,291,34,66,53,53,53,73,88,141,171,171,190,202,213,213,213],"floor_reached":33,"playtime":7326,"items_purged":["Regret","Writhe","Strike_B"],"score":279,"play_id":"23923c83-d64e-4081-95e2-542e98dcf5eb","local_time":"20180708232000","is_ascension_mode":false,"campfire_choices":[{"data":"Coolheaded","floor":6,"key":"SMITH"},{"floor":13,"key":"REST"},{"data":"Rainbow","floor":15,"key":"SMITH"},{"floor":28,"key":"REST"},{"floor":32,"key":"REST"}],"neow_cost":"CURSE","seed_source_timestamp":8811157230222,"circlet_count":0,"master_deck":["Strike_B","Strike_B","Strike_B","Defend_B","Defend_B","Defend_B","Defend_B","Zap","Dualcast","Coolheaded+1","Doom and Gloom","Rainbow+1","Coolheaded","Compile Driver","Loop+1","Streamline","Sweeping Beam+1","Streamline+1","Steam Power+1"],"relics":["Cracked Core","Matryoshka","Calipers","Happy Flower","Dream Catcher","The Courier","Orichalcum","Ancient Tea Set","Nuclear Battery","Blood Vial","Red Mask","Strawberry","Omamori","Potion Belt"],"potions_floor_usage":[11,11,18,27,30],"damage_taken":[{"damage":12,"enemies":"2 Louse","floor":1,"turns":2},{"damage":0,"enemies":"Cultist","floor":2,"turns":4},{"damage":25,"enemies":"Gremlin Nob","floor":7,"turns":4},{"damage":4,"enemies":"Jaw Worm","floor":8,"turns":3},{"damage":6,"enemies":"Lagavulin","floor":11,"turns":6},{"damage":3,"enemies":"Large Slime","floor":12,"turns":4},{"damage":8,"enemies":"Exordium Thugs","floor":14,"turns":4},{"damage":27,"enemies":"Slime Boss","floor":16,"turns":9},{"damage":10,"enemies":"Spheric Guardian","floor":18,"turns":4},{"damage":23,"floor":20,"turns":5},{"damage":7,"enemies":"2 Thieves","floor":21,"turns":4},{"damage":5,"enemies":"3 Cultists","floor":24,"turns":5},{"damage":11,"enemies":"Snecko","floor":25,"turns":4},{"damage":30,"enemies":"Book of Stabbing","floor":27,"turns":5},{"damage":16,"enemies":"Cultist and Chosen","floor":29,"turns":5},{"damage":1,"enemies":"Snake Plant","floor":30,"turns":4},{"damage":18,"enemies":"Sentry and Sphere","floor":31,"turns":4},{"damage":43,"enemies":"Champ","floor":33,"turns":9}],"seed_played":"4252969240886657187","potions_obtained":[{"floor":7,"key":"SkillPotion"},{"floor":8,"key":"SkillPotion"},{"floor":11,"key":"FairyPotion"},{"floor":14,"key":"Energy Potion"},{"floor":20,"key":"SteroidPotion"},{"floor":29,"key":"Block Potion"}],"is_trial":false,"path_per_floor":["M","M","?","?","$","R","E","M","T","$","E","M","R","M","R","B",null,"M","$","?","M","?","?","M","M","T","E","R","M","M","M","R"],"character_chosen":"DEFECT","items_purchased":["Happy Flower","Blood Vial","Streamline"],"campfire_rested":3,"item_purchase_floors":[5,19,19],"current_hp_per_floor":[63,63,63,63,63,63,38,34,34,34,28,25,47,39,39,12,75,65,65,44,39,39,39,36,27,34,6,30,16,17,1,25,0],"gold":213,"neow_bonus":"TWO_FIFTY_GOLD","is_prod":false,"is_daily":false,"chose_seed":false,"campfire_upgraded":2,"win_rate":0.0,"timestamp":1531084800,"path_taken":["M","M","?","?","$","R","E","M","T","$","E","?","R","M","R","BOSS","M","$","?","?","?","?","?","M","T","E","R","M","M","M","R","BOSS"],"build_version":"2018-07-05","purchased_purges":3,"victory":false,"max_hp_per_floor":[75,75,75,75,75,75,75,75,75,75,75,75,75,75,75,75,75,75,75,75,75,75,75,75,75,82,82,82,82,82,82,82,82],"card_choices":[{"not_picked":["Beam Cell","Leap"],"picked":"Coolheaded","floor":1},{"not_picked":["Stack","Rip and Tear"],"picked":"Doom and Gloom","floor":2},{"not_picked":["Sweeping Beam","Conserve Battery"],"picked":"Rainbow","floor":7},{"not_picked":["Sweeping Beam","Steam"],"picked":"Coolheaded","floor":8},{"not_picked":["Go for the Eyes","Streamline","Static Discharge"],"picked":"SKIP","floor":11},{"not_picked":["Leap","Cold Snap"],"picked":"Compile Driver","floor":12},{"not_picked":["Conserve Battery","Gash","Heatsinks"],"picked":"SKIP","floor":14},{"not_picked":["Echo Form","Biased Cognition"],"picked":"Machine Learning","floor":16},{"not_picked":["Beam Cell","Gash+1"],"picked":"Loop+1","floor":18},{"not_picked":["Stack","Rip and Tear"],"picked":"Sweeping Beam+1","floor":21},{"not_picked":["Stack","Tempest","Ball Lightning"],"picked":"SKIP","floor":24},{"not_picked":["Force Field+1","Go for the Eyes","Beam Cell"],"picked":"SKIP","floor":25},{"not_picked":["Thunder Strike","Redo","Go for the Eyes"],"picked":"SKIP","floor":27},{"not_picked":["Gash+1","Sweeping Beam"],"picked":"Streamline+1","floor":28},{"not_picked":["White Noise+1","Glacier","Coolheaded+1"],"picked":"SKIP","floor":29},{"not_picked":["Defragment+1","Chaos"],"picked":"Steam Power+1","floor":30},{"not_picked":["Rebound","Barrage","Leap"],"picked":"SKIP","floor":31}],"player_experience":439768,"relics_obtained":[{"floor":7,"key":"Dream Catcher"},{"floor":9,"key":"The Courier"},{"floor":9,"key":"Orichalcum"},{"floor":11,"key":"Ancient Tea Set"},{"floor":20,"key":"Red Mask"},{"floor":26,"key":"Strawberry"},{"floor":26,"key":"Omamori"},{"floor":27,"key":"Potion Belt"}],"event_choices":[{"event_name":"Accursed Blacksmith","player_choice":"Rummage","floor":3,"damage_taken":0},{"event_name":"Big Fish","player_choice":"Box","floor":4,"damage_taken":0},{"event_name":"Masked Bandits","player_choice":"Fought over 34 gold","floor":20,"damage_taken":0},{"event_name":"Back to Basics","player_choice":"Elegance","floor":22,"damage_taken":0},{"event_name":"Beggar","player_choice":"Ignored","floor":23,"damage_taken":0}],"boss_relics":[{"not_picked":["Pandora\u0027s Box","Philosopher\u0027s Stone"],"picked":"Nuclear Battery"}],"items_purged_floors":[5,10,19],"is_endless":false,"potions_floor_spawned":[7,8,11,14,20,29],"killed_by":"Champ","ascension_level":0}