{"path_per_floor":["M","M","M","$","?","R","E","?","T","R","M","?","E","M","R","B",null,"M","?","$","M","M","R","M","R","T","R","?","M","M","$","R","B",null,"M","$","?","?","M","R","?","M","T","R","T","M","R","M","R"],"character_chosen":"IRONCLAD","items_purchased":["Pommel Strike","Orichalcum","Flex"],"gold_per_floor":[119,131,145,20,20,20,58,58,81,81,99,99,132,146,146,274,274,288,288,38,53,74,74,90,90,90,90,90,115,135,10,10,140,140,158,109,109,0,23,23,23,48,48,48,48,61,61,81,81,81],"floor_reached":50,"campfire_rested":2,"playtime":3358,"current_hp_per_floor":[88,85,85,85,63,63,48,48,55,55,58,51,40,49,49,58,104,85,85,85,89,57,57,47,80,80,80,64,27,20,20,54,49,116,104,104,104,104,107,107,107,107,107,107,117,99,99,74,74,0],"items_purged":["Strike_R","Normality","Regret"],"gold":81,"score":627,"play_id":"372a03e5-3521-4366-bd90-c259f0dfc670","local_time":"20180506163536","is_prod":false,"is_daily":false,"chose_seed":false,"is_ascension_mode":true,"campfire_upgraded":5,"timestamp":1525617336,"path_taken":["M","M","M","$","?","R","E","?","T","R","?","?","E","M","R","BOSS","M","?","$","M","M","R","M","R","T","R","?","M","M","$","R","BOSS","M","?","?","?","?","R","?","M","T","R","?","?","R","M","R","BOSS"],"build_version":"2018-05-03","seed_source_timestamp":675722391287,"purchased_purges":3,"victory":false,"master_deck":["Strike_R","Strike_R+1","Strike_R+1","Strike_R","Defend_R+1","Defend_R+1","Bash+1","Pommel Strike+1","Reckless Charge","Clash","Feed","Battle Trance+1","Second Wind+1","Limit Break","Cleave+1","Warcry+1","True Grit+1","Feed","Heavy Blade+1","Flex+1","Flex+1","Flex+1","Whirlwind+1"],"max_hp_per_floor":[88,88,88,88,88,88,88,88,95,95,95,95,98,101,101,104,104,104,104,104,107,107,107,110,110,110,110,110,113,116,116,116,116,116,119,119,119,119,122,122,122,125,125,125,135,135,135,135,135,135],"relics":["Burning Blood","Golden Idol","Whetstone","Strawberry","Sundial","Cursed Key","War Paint","Orichalcum","Toxic Egg 2","Enchiridion","Calling Bell","Peace Pipe","Molten Egg 2","Regal Pillow","Red Mask","Ice Cream","Pear"],"card_choices":[{"not_picked":["Uppercut","Sword Boomerang"],"picked":"Reckless Charge","floor":7},{"not_picked":["Heavy Blade","Headbutt"],"picked":"Feed","floor":11},{"not_picked":["Combust","Dropkick"],"picked":"Battle Trance","floor":13},{"not_picked":["Twin Strike","Ghostly Armor"],"picked":"Second Wind","floor":14},{"not_picked":["Exhume","Brutality"],"picked":"Limit Break","floor":16},{"not_picked":["Clash","Reckless Charge"],"picked":"Cleave","floor":18},{"not_picked":["Havoc","Sword Boomerang"],"picked":"Warcry","floor":21},{"not_picked":["Twin Strike","Shockwave"],"picked":"True Grit","floor":22},{"not_picked":["Limit Break","Exhume"],"picked":"Feed","floor":33},{"not_picked":["Corruption","Body Slam"],"picked":"Heavy Blade","floor":35},{"not_picked":["Twin Strike","True Grit"],"picked":"Flex","floor":42},{"not_picked":["Iron Wave","Hemokinesis"],"picked":"Flex","floor":46},{"not_picked":["Reckless Charge","Rampage"],"picked":"Whirlwind","floor":48}],"player_experience":403640,"potions_floor_usage":[7,11,13,16,24,30,33,42,50,50,50],"damage_taken":[{"damage":2,"enemies":"Jaw Worm","floor":1,"turns":3},{"damage":9,"enemies":"2 Louse","floor":2,"turns":2},{"damage":6,"enemies":"Cultist","floor":3,"turns":3},{"damage":21,"enemies":"3 Sentries","floor":7,"turns":6},{"damage":3,"enemies":"2 Fungi Beasts","floor":11,"turns":3},{"damage":20,"enemies":"Lagavulin","floor":13,"turns":4},{"damage":0,"enemies":"Gremlin Gang","floor":14,"turns":3},{"damage":0,"enemies":"Slime Boss","floor":16,"turns":6},{"damage":25,"enemies":"Shell Parasite","floor":18,"turns":3},{"damage":5,"enemies":"2 Thieves","floor":21,"turns":3},{"damage":38,"enemies":"Centurion and Healer","floor":22,"turns":4},{"damage":19,"enemies":"Cultist and Chosen","floor":24,"turns":5},{"damage":46,"enemies":"Slaver and Parasite","floor":29,"turns":6},{"damage":16,"enemies":"Sentry and Sphere","floor":30,"turns":4},{"damage":11,"enemies":"Champ","floor":33,"turns":7},{"damage":21,"enemies":"3 Shapes","floor":35,"turns":6},{"damage":6,"enemies":"Orb Walker","floor":39,"turns":2},{"damage":18,"enemies":"Sphere and 2 Shapes","floor":42,"turns":4},{"damage":24,"enemies":"Maw","floor":46,"turns":4},{"damage":31,"enemies":"3 Darklings","floor":48,"turns":4},{"damage":89,"enemies":"Donu and Deca","floor":50,"turns":5}],"event_choices":[{"event_name":"Golden Idol","player_choice":"Take Damage","floor":5,"damage_taken":0},{"event_name":"Transmorgrifier","player_choice":"Transform","floor":8,"damage_taken":0},{"event_name":"Golden Wing","player_choice":"Card Removal","floor":12,"damage_taken":0},{"event_name":"Accursed Blacksmith","player_choice":"Rummage","floor":19,"damage_taken":0},{"event_name":"Cursed Tome","player_choice":"Obtained Book","floor":28,"damage_taken":0},{"event_name":"The Lab","player_choice":"Got Potions","floor":37,"damage_taken":0},{"event_name":"Tomb of Lord Red Mask","player_choice":"Paid","floor":38,"damage_taken":0},{"event_name":"Purifier","player_choice":"One Purge","floor":41,"damage_taken":0}],"boss_relics":[{"not_picked":["Orrery","Ectoplasm"],"picked":"Cursed Key"},{"not_picked":["Philosopher\u0027s Stone","Black Star"],"picked":"Calling Bell"}],"potions_floor_spawned":[2,3,7,14,21,29,30,39,46],"seed_played":"1830611013752173088","killed_by":"Donu and Deca","ascension_level":3,"is_trial":false}