{"path_per_floor":["M","M","?","M","M","R","?","$","T","M","R","$","M","?","R","B",null,"M","?","?","?","M","R","?","M","T","$","R","M","?","$","R"],"character_chosen":"IRONCLAD","items_purchased":[],"gold_per_floor":[113,128,128,139,153,153,176,101,101,119,119,19,32,92,92,187,187,199,124,39,0,18,18,18,30,57,57,57,72,22,22,22,22],"floor_reached":33,"campfire_rested":3,"playtime":2626,"current_hp_per_floor":[68,68,68,63,56,56,45,45,45,45,45,45,42,29,50,18,72,56,56,56,56,19,40,40,27,27,27,48,34,34,34,34,0],"items_purged":["Strike_R","Defend_R"],"gold":22,"score":235,"play_id":"2b2339cd-01f8-4671-b406-4dd6a93608e3","local_time":"20180518013515","is_prod":false,"is_daily":false,"chose_seed":false,"is_ascension_mode":false,"campfire_upgraded":3,"timestamp":1526600115,"path_taken":["M","M","?","?","M","R","?","$","T","M","R","$","M","?","R","BOSS","M","?","?","?","M","R","?","M","T","?","R","?","?","$","R","BOSS"],"build_version":"2018-05-10","seed_source_timestamp":1650470725065,"purchased_purges":2,"victory":false,"master_deck":["Strike_R","Strike_R","Defend_R","Defend_R","Bash","Blood for Blood+1","Entrench","Burning Pact+1","Pummel","Shrug It Off","Heavy Blade","Battle Trance+1","Bludgeon","Offering","Whirlwind+1","Offering"],"max_hp_per_floor":[72,72,72,72,72,72,72,72,72,72,72,72,72,72,72,72,72,72,72,72,72,72,72,72,72,72,72,72,72,72,72,72,72],"relics":["Black Blood","Odd Mushroom","Pantograph","Calipers","Oddly Smooth Stone","Pen Nib"],"card_choices":[{"not_picked":["Headbutt","Intimidate"],"picked":"Burning Pact","floor":1},{"not_picked":["Warcry","Burning Pact"],"picked":"Pummel","floor":2},{"not_picked":["Headbutt","Feel No Pain"],"picked":"Shrug It Off","floor":4},{"not_picked":["Perfected Strike","Rupture"],"picked":"Heavy Blade","floor":7},{"not_picked":["Fire Breathing","Armaments"],"picked":"Battle Trance","floor":10},{"not_picked":["Thunderclap","Shrug It Off"],"picked":"Bludgeon","floor":14},{"not_picked":["Feed","Dark Embrace"],"picked":"Offering","floor":16},{"not_picked":["Warcry","Flame Barrier"],"picked":"Whirlwind","floor":22}],"player_experience":416916,"potions_floor_usage":[5,7,13,16,25,29,33],"damage_taken":[{"damage":10,"enemies":"2 Louse","floor":1,"turns":3},{"damage":6,"enemies":"Cultist","floor":2,"turns":3},{"damage":11,"enemies":"Jaw Worm","floor":4,"turns":3},{"damage":28,"enemies":"3 Louse","floor":5,"turns":7},{"damage":17,"enemies":"The Mushroom Lair","floor":7,"turns":4},{"damage":6,"enemies":"2 Fungi Beasts","floor":10,"turns":3},{"damage":9,"enemies":"Gremlin Gang","floor":13,"turns":5},{"damage":19,"enemies":"3 Sentries","floor":14,"turns":7},{"damage":60,"enemies":"The Guardian","floor":16,"turns":7},{"damage":26,"enemies":"2 Thieves","floor":18,"turns":3},{"damage":47,"enemies":"3 Byrds","floor":22,"turns":6},{"damage":23,"enemies":"Snecko","floor":25,"turns":3},{"damage":24,"enemies":"Cultist and Chosen","floor":29,"turns":4},{"damage":60,"enemies":"Collector","floor":33,"turns":6}],"event_choices":[{"event_name":"Upgrade Shrine","player_choice":"Upgraded","floor":3,"damage_taken":0},{"event_name":"Mushrooms","player_choice":"Fought Mushrooms","floor":7,"damage_taken":0},{"event_name":"Dead Adventurer","player_choice":"Searched \u00272\u0027 times","floor":14,"damage_taken":0},{"event_name":"Beggar","player_choice":"Gave Gold","floor":19,"damage_taken":0},{"event_name":"Addict","player_choice":"Obtained Relic","floor":20,"damage_taken":0},{"event_name":"Masked Bandits","player_choice":"Paid Bandits 39 gold","floor":21,"damage_taken":0},{"event_name":"Duplicator","player_choice":"One dupe","floor":24,"damage_taken":0},{"event_name":"The Joust","player_choice":"Bet on Murderer","floor":30,"damage_taken":0}],"boss_relics":[{"not_picked":["Runic Cube","Snecko Eye"],"picked":"Black Blood"}],"potions_floor_spawned":[2,4,10,14,16,25,29],"seed_played":"7795327253146136546","killed_by":"Collector","ascension_level":0,"is_trial":false}