{"gold_per_floor":[116,36,48,48,48,48,63,138,138,151,169,182,200,200,200,200],"floor_reached":16,"playtime":1199,"items_purged":[],"score":94,"play_id":"cc7f5f06-d2c3-470b-a33f-34910bbd4957","local_time":"20180818021949","is_ascension_mode":false,"campfire_choices":[{"data":"Chaos","floor":6,"key":"SMITH"},{"data":"Coolheaded","floor":15,"key":"SMITH"}],"neow_cost":"NONE","seed_source_timestamp":4187162813788,"circlet_count":0,"master_deck":["Strike_B","Strike_B","Strike_B","Defend_B","Defend_B","Defend_B","Defend_B","Zap","Dualcast","Redo","Chaos+1","Compile Driver","Coolheaded+1","Turbo","Consume","Turbo","Parasite"],"relics":["Cracked Core","Happy Flower","Bottled Flame"],"potions_floor_usage":[10,16,16],"damage_taken":[{"damage":0,"enemies":"2 Louse","floor":1,"turns":2},{"damage":1,"enemies":"Cultist","floor":3,"turns":4},{"damage":0,"enemies":"Small Slimes","floor":7,"turns":3},{"damage":0,"enemies":"Exordium Wildlife","floor":10,"turns":3},{"damage":26,"enemies":"Gremlin Gang","floor":11,"turns":4},{"damage":9,"enemies":"Large Slime","floor":12,"turns":4},{"damage":7,"enemies":"Exordium Wildlife","floor":13,"turns":3},{"damage":40,"enemies":"Slime Boss","floor":16,"turns":10}],"seed_played":"6050679458532530593","potions_obtained":[{"floor":3,"key":"Ancient Potion"},{"floor":7,"key":"AttackPotion"},{"floor":12,"key":"SteroidPotion"},{"floor":13,"key":"FearPotion"}],"is_trial":false,"path_per_floor":["M","$","M","$","?","R","M","?","T","M","M","M","M","?","R"],"character_chosen":"DEFECT","items_purchased":["Chaos"],"campfire_rested":0,"item_purchase_floors":[2],"current_hp_per_floor":[75,75,74,74,74,74,74,63,63,63,37,28,21,39,39,0],"gold":200,"neow_bonus":"RANDOM_COMMON_RELIC","is_prod":false,"is_daily":false,"chose_seed":false,"campfire_upgraded":2,"win_rate":0,"timestamp":1534551589,"path_taken":["M","$","M","$","?","R","M","?","T","M","M","M","?","?","R","BOSS"],"build_version":"2018-08-16","purchased_purges":0,"victory":false,"max_hp_per_floor":[75,75,75,75,75,75,75,75,75,75,75,75,75,75,75,75],"card_choices":[{"not_picked":["Conserve Battery","Steam"],"picked":"Redo","floor":1},{"not_picked":["Conserve Battery","Static Discharge"],"picked":"Compile Driver","floor":3},{"not_picked":["Auto Shields","Reprogram"],"picked":"Coolheaded","floor":7},{"not_picked":["Compile Driver","Reinforced Body"],"picked":"Turbo","floor":10},{"not_picked":["Hello World","Coolheaded","Redo"],"picked":"SKIP","floor":11},{"not_picked":["Compile Driver","Storm"],"picked":"Consume","floor":12},{"not_picked":["Hologram","Amplify"],"picked":"Turbo","floor":13}],"player_experience":483920,"relics_obtained":[{"floor":9,"key":"Bottled Flame"}],"event_choices":[{"event_name":"Living Wall","player_choice":"Forget","floor":5,"damage_taken":0},{"event_name":"World of Goop","player_choice":"Gather Gold","floor":8,"damage_taken":0},{"event_name":"Mushrooms","player_choice":"Healed and dodged fight","floor":14,"damage_taken":0}],"is_beta":false,"boss_relics":[],"items_purged_floors":[],"is_endless":false,"potions_floor_spawned":[3,7,12,13],"killed_by":"Slime Boss","ascension_level":0}