{"gold_per_floor":[119,129,129,129,129,164,180,59,59,100,35,60,18,18,18,138,138,152,112,133,28,44,44,78,78,125,139,139,177,177,25,25,148,148,163,83,83,83,83,126,142,8,56,181,281,281,302,321,321,321],"floor_reached":51,"playtime":3095,"items_purged":["Injury","Storm"],"score":794,"play_id":"913846b3-28a0-4dd7-8e8a-7ebe313f5b63","local_time":"20190909002008","is_ascension_mode":false,"campfire_choices":[{"floor":15,"key":"REST"},{"data":"Buffer","floor":23,"key":"SMITH"},{"floor":25,"key":"REST"},{"data":"Sweeping Beam","floor":32,"key":"SMITH"},{"floor":46,"key":"REST"},{"data":"Apotheosis","floor":49,"key":"SMITH"}],"neow_cost":"NONE","seed_source_timestamp":2247745535896934,"circlet_count":0,"master_deck":["Defend_B","Defend_B","Defend_B","Defend_B","Zap+1","Dualcast","Ball Lightning","Compile Driver","Reprogram","Conserve Battery","Genetic Algorithm","Steam","Sweeping Beam+1","Defragment","Sunder","Coolheaded","Seek","Leap","Coolheaded","Barrage","Buffer+1","Barrage+1","Ball Lightning+1","Consume+1","Bite","Bite","Bite","Bite","Bite","Machine Learning","Turbo+1","Thinking Ahead","Madness","Madness","Apotheosis+1"],"relics":["Cracked Core","Golden Idol","Cables","The Courier","Regal Pillow","Shovel","Sozu","Dream Catcher","Juzu Bracelet","Shuriken","Runic Capacitor","Inserter","Pear","DataDisk","Emotion Chip"],"potions_floor_usage":[10,50,50],"damage_taken":[{"damage":0,"enemies":"Small Slimes","floor":1,"turns":2},{"damage":4,"enemies":"2 Louse","floor":2,"turns":2},{"damage":26,"enemies":"Lagavulin","floor":6,"turns":5},{"damage":0,"enemies":"Cultist","floor":7,"turns":2},{"damage":18,"enemies":"3 Sentries","floor":10,"turns":6},{"damage":15,"enemies":"Exordium Thugs","floor":12,"turns":5},{"damage":44,"enemies":"Hexaghost","floor":16,"turns":10},{"damage":7,"enemies":"3 Byrds","floor":18,"turns":5},{"damage":16,"enemies":"2 Thieves","floor":20,"turns":4},{"damage":7,"enemies":"Chosen and Byrds","floor":22,"turns":7},{"damage":0,"enemies":"Gremlin Leader","floor":24,"turns":8},{"damage":0,"enemies":"3 Cultists","floor":27,"turns":5},{"damage":14,"enemies":"Book of Stabbing","floor":29,"turns":6},{"damage":16,"enemies":"Collector","floor":33,"turns":10},{"damage":13,"enemies":"3 Darklings","floor":35,"turns":6},{"damage":19,"enemies":"Giant Head","floor":40,"turns":9},{"damage":30,"enemies":"Orb Walker","floor":41,"turns":5},{"damage":4,"enemies":"Mind Bloom Boss Battle","floor":44,"turns":6},{"damage":2,"enemies":"Transient","floor":47,"turns":5},{"damage":5,"enemies":"Maw","floor":48,"turns":6},{"damage":29,"enemies":"Time Eater","floor":50,"turns":7}],"seed_played":"-6184128684492505217","potions_obtained":[{"floor":5,"key":"Poison Potion"},{"floor":5,"key":"Dexterity Potion"},{"floor":5,"key":"Strength Potion"},{"floor":7,"key":"Regen Potion"},{"floor":12,"key":"Swift Potion"}],"is_trial":false,"path_per_floor":["M","M","?","?","?","E","M","$","T","E","$","M","$","?","R","B",null,"M","?","M","$","M","R","E","R","T","M","?","E","?","$","R","B",null,"M","$","?","?","$","E","M","$","T","?","?","R","M","M","R","B",null],"character_chosen":"DEFECT","items_purchased":["Steam","Defragment","Coolheaded","Barrage","Buffer","Runic Capacitor","Apotheosis"],"campfire_rested":3,"item_purchase_floors":[8,11,13,21,21,31,42],"current_hp_per_floor":[75,71,71,71,71,45,45,45,45,32,32,17,17,17,54,10,75,68,68,52,52,45,45,45,75,75,75,75,61,52,52,52,52,52,43,43,43,36,36,43,23,23,23,35,35,62,62,62,62,42],"gold":321,"neow_bonus":"THREE_CARDS","is_prod":false,"is_daily":false,"chose_seed":false,"campfire_upgraded":3,"win_rate":0,"timestamp":1567981208,"path_taken":["M","M","?","?","?","E","?","$","T","E","?","M","$","?","R","BOSS","M","?","M","$","M","R","E","R","T","M","?","E","?","$","R","BOSS","M","$","?","?","?","E","M","$","T","?","?","R","M","M","R","BOSS"],"build_version":"2019-07-17","purchased_purges":2,"victory":true,"max_hp_per_floor":[75,75,75,75,75,75,75,75,75,75,75,75,75,75,75,75,75,75,75,75,75,75,75,75,75,75,75,75,75,52,52,52,52,52,52,52,52,52,52,62,62,62,62,62,62,62,62,62,62,62],"card_choices":[{"not_picked":["Self Repair","Redo"],"picked":"Ball Lightning","floor":0},{"not_picked":["Rebound","Cold Snap"],"picked":"Compile Driver","floor":1},{"not_picked":["Redo","Steam"],"picked":"Reprogram","floor":2},{"not_picked":["Beam Cell","Reboot"],"picked":"Conserve Battery","floor":6},{"not_picked":["Steam Power","Compile Driver"],"picked":"Genetic Algorithm","floor":7},{"not_picked":["Rebound","Turbo"],"picked":"Sweeping Beam","floor":10},{"not_picked":["Meteor Strike","Sweeping Beam"],"picked":"Sunder","floor":12},{"not_picked":["Meteor Strike","Reboot"],"picked":"Seek","floor":16},{"not_picked":["Chaos","Storm+1"],"picked":"Leap","floor":18},{"not_picked":["Recycle","Reinforced Body"],"picked":"Coolheaded","floor":20},{"not_picked":["Self Repair","Streamline"],"picked":"Barrage+1","floor":22},{"not_picked":["Thunder Strike","Rainbow"],"picked":"Ball Lightning+1","floor":24},{"not_picked":["Streamline","Sunder+1"],"picked":"Consume","floor":25},{"not_picked":["Beam Cell","Sweeping Beam+1"],"picked":"Storm","floor":27},{"not_picked":["Compile Driver","Hello World+1","Steam"],"picked":"SKIP","floor":29},{"not_picked":["All For One","Fission"],"picked":"Machine Learning","floor":33},{"not_picked":["Ball Lightning","Conserve Battery+1"],"picked":"Turbo+1","floor":35},{"not_picked":["The Bomb","Good Instincts"],"picked":"Thinking Ahead","floor":37},{"not_picked":["Hologram+1","Reprogram+1","Rebound"],"picked":"SKIP","floor":40},{"not_picked":["Barrage+1","Beam Cell+1","Rebound"],"picked":"SKIP","floor":41},{"not_picked":["Hologram","Fusion","Force Field+1"],"picked":"SKIP","floor":47},{"not_picked":["Go for the Eyes+1","Hyperbeam","Hologram"],"picked":"SKIP","floor":48}],"player_experience":193343,"relics_obtained":[{"floor":6,"key":"Cables"},{"floor":9,"key":"The Courier"},{"floor":10,"key":"Regal Pillow"},{"floor":24,"key":"Dream Catcher"},{"floor":26,"key":"Juzu Bracelet"},{"floor":29,"key":"Shuriken"},{"floor":40,"key":"Pear"},{"floor":43,"key":"DataDisk"},{"floor":44,"key":"Emotion Chip"}],"event_choices":[{"damage_healed":0,"gold_gain":0,"player_choice":"Take Wound","damage_taken":0,"relics_obtained":["Golden Idol"],"max_hp_gain":0,"max_hp_loss":0,"event_name":"Golden Idol","floor":3,"gold_loss":0,"cards_obtained":["Injury"]},{"damage_healed":0,"gold_gain":0,"player_choice":"Ignored","damage_taken":0,"max_hp_gain":0,"max_hp_loss":0,"event_name":"Liars Game","floor":4,"gold_loss":0},{"damage_healed":0,"gold_gain":0,"player_choice":"Got Potions","damage_taken":0,"max_hp_gain":0,"max_hp_loss":0,"event_name":"Lab","floor":5,"gold_loss":0},{"damage_healed":0,"gold_gain":0,"player_choice":"Gave Potion","damage_taken":0,"relics_obtained":["Shovel"],"max_hp_gain":0,"max_hp_loss":0,"event_name":"WeMeetAgain","floor":14,"gold_loss":0},{"damage_healed":0,"gold_gain":0,"player_choice":"Upgrade","damage_taken":0,"max_hp_gain":0,"max_hp_loss":0,"event_name":"Designer","floor":19,"gold_loss":40,"cards_upgraded":["Zap"]},{"damage_healed":0,"gold_gain":0,"player_choice":"Forge","damage_taken":0,"max_hp_gain":0,"max_hp_loss":0,"event_name":"Accursed Blacksmith","floor":28,"gold_loss":0,"cards_upgraded":["Consume"]},{"damage_healed":0,"gold_gain":0,"player_choice":"Became a vampire","damage_taken":0,"max_hp_gain":0,"max_hp_loss":23,"event_name":"Vampires","floor":30,"gold_loss":0,"cards_obtained":["Bite","Bite","Bite","Bite","Bite"]},{"damage_healed":0,"gold_gain":0,"player_choice":"Memory 1","damage_taken":0,"max_hp_gain":0,"max_hp_loss":0,"event_name":"SensoryStone","floor":37,"gold_loss":0},{"damage_healed":0,"gold_gain":0,"player_choice":"Embrace Madness","damage_taken":7,"max_hp_gain":0,"max_hp_loss":0,"event_name":"Winding Halls","floor":38,"gold_loss":0,"cards_obtained":["Madness","Madness"]},{"damage_healed":0,"gold_gain":0,"player_choice":"Fight","damage_taken":0,"max_hp_gain":0,"max_hp_loss":0,"event_name":"MindBloom","floor":44,"gold_loss":0},{"damage_healed":0,"gold_gain":100,"player_choice":"Pray","damage_taken":0,"max_hp_gain":0,"max_hp_loss":0,"event_name":"Golden Shrine","floor":45,"gold_loss":0}],"is_beta":false,"boss_relics":[{"not_picked":["Orrery","Fusion Hammer"],"picked":"Sozu"},{"not_picked":["Coffee Dripper","Runic Dome"],"picked":"Inserter"}],"items_purged_floors":[8,36],"is_endless":false,"potions_floor_spawned":[7,12,18,20,24,35,40,44],"ascension_level":0}