{"gold_per_floor":[111,124,124,141,161,161,190,190,240,270,283,317,317,1,1,102,102,119,138,155,155,175,175,201,201,201,201,214,164,178,204,204,308,308,320,320,368,85,104,131,131,162,162,174,194,20,20,50,50,50],"floor_reached":51,"playtime":2530,"items_purged":[],"score":1241,"play_id":"95467afd-fed3-4173-8105-ff7fff696eef","local_time":"20190526081633","is_ascension_mode":true,"campfire_choices":[{"data":"Disarm","floor":6.0,"key":"SMITH"},{"data":"Iron Wave","floor":8.0,"key":"SMITH"},{"data":"Inflame","floor":15.0,"key":"SMITH"},{"data":"Double Tap","floor":23.0,"key":"SMITH"},{"data":"Sword Boomerang","floor":25.0,"key":"SMITH"},{"floor":27.0,"key":"REST"},{"data":"Clothesline","floor":32.0,"key":"SMITH"},{"data":"Corruption","floor":41.0,"key":"SMITH"},{"data":"Apotheosis","floor":47.0,"key":"SMITH"},{"data":"Blind","floor":49,"key":"SMITH"}],"neow_cost":"NONE","seed_source_timestamp":62167006309828,"circlet_count":0,"master_deck":["Strike_R","Strike_R","Strike_R","Strike_R","Defend_R+1","Defend_R","Defend_R","Defend_R","Bash+1","Clothesline+1","Disarm+1","Wild Strike","Limit Break","Iron Wave+1","Shrug It Off","Thunderclap","Shrug It Off","Inflame+1","Double Tap+1","Sword Boomerang+1","Wild Strike+1","Ghostly Armor","Inflame+1","Power Through","Twin Strike+1","Power Through","Secret Technique","Blind+1","Clothesline+1","Corruption+1","Thunderclap","Clothesline+1","Impervious+1","Perfected Strike+1","Wild Strike+1","Power Through","Apotheosis+1"],"special_seed":0,"relics":["Burning Blood","Mercury Hourglass","Boot","Orichalcum","Pantograph","Mummified Hand","Busted Crown","PreservedInsect","Anchor","StoneCalendar","Eternal Feather","Ice Cream","Lee\u0027s Waffle","Thread and Needle","War Paint","Pear","Toxic Egg 2"],"potions_floor_usage":[50,50,50,50,50,50],"damage_taken":[{"damage":14.0,"enemies":"Jaw Worm","floor":1.0,"turns":5.0},{"damage":0.0,"enemies":"Cultist","floor":2.0,"turns":4.0},{"damage":5.0,"enemies":"2 Louse","floor":4.0,"turns":4.0},{"damage":3.0,"enemies":"Exordium Wildlife","floor":5.0,"turns":3.0},{"damage":19.0,"enemies":"Lagavulin","floor":7.0,"turns":6.0},{"damage":20.0,"enemies":"3 Sentries","floor":10.0,"turns":7.0},{"damage":2.0,"enemies":"Exordium Thugs","floor":11.0,"turns":4.0},{"damage":7.0,"enemies":"Gremlin Nob","floor":12.0,"turns":4.0},{"damage":0.0,"enemies":"Slime Boss","floor":16.0,"turns":6.0},{"damage":11.0,"enemies":"2 Thieves","floor":18.0,"turns":4.0},{"damage":6.0,"enemies":"3 Byrds","floor":19.0,"turns":4.0},{"damage":20.0,"enemies":"Shelled Parasite and Fungi","floor":20.0,"turns":4.0},{"damage":10.0,"enemies":"Centurion and Healer","floor":22.0,"turns":5.0},{"damage":30.0,"enemies":"Gremlin Leader","floor":24.0,"turns":6.0},{"damage":9.0,"enemies":"Snake Plant","floor":28.0,"turns":3.0},{"damage":15.0,"enemies":"Snecko","floor":30.0,"turns":4.0},{"damage":6.0,"enemies":"Book of Stabbing","floor":31.0,"turns":4.0},{"damage":47.0,"enemies":"Collector","floor":33.0,"turns":6.0},{"damage":0.0,"enemies":"Orb Walker","floor":35.0,"turns":3.0},{"damage":48.0,"enemies":"2 Orb Walkers","floor":37.0,"turns":6.0},{"damage":3.0,"enemies":"3 Shapes","floor":39.0,"turns":4.0},{"damage":18.0,"enemies":"Reptomancer","floor":40.0,"turns":5.0},{"damage":0.0,"enemies":"Nemesis","floor":42.0,"turns":5.0},{"damage":8.0,"enemies":"3 Darklings","floor":44.0,"turns":5.0},{"damage":0.0,"enemies":"Writhing Mass","floor":45.0,"turns":4.0},{"damage":0,"enemies":"Giant Head","floor":48,"turns":6},{"damage":32,"enemies":"Donu and Deca","floor":50,"turns":6}],"seed_played":"-297094470474355708","potions_obtained":[{"floor":1.0,"key":"AttackPotion"},{"floor":4.0,"key":"Explosive Potion"},{"floor":10.0,"key":"SpeedPotion"},{"floor":11.0,"key":"SkillPotion"},{"floor":12.0,"key":"GamblersBrew"},{"floor":19.0,"key":"EssenceOfSteel"},{"floor":20.0,"key":"EntropicBrew"},{"floor":37.0,"key":"Ancient Potion"},{"floor":40.0,"key":"Weak Potion"},{"floor":42.0,"key":"SteroidPotion"}],"is_trial":false,"path_per_floor":["M","M","?","M","M","R","E","R","T","E","M","E","?","$","R","B",null,"M","M","M","?","M","R","E","R","T","R","M","$","M","E","R","B",null,"M","?","?","$","M","E","R","E","T","M","M","$","R","E","R","B",null],"character_chosen":"IRONCLAD","items_purchased":["Inflame","Mummified Hand","Strength Potion","Lee\u0027s Waffle","Corruption","Thunderclap","Apotheosis"],"campfire_rested":1,"item_purchase_floors":[14,14,29,38,38,38,46],"current_hp_per_floor":[72,78,78,79,82,82,69,69,69,55,59,58,51,51,51,82,87,82,82,68,68,64,64,40,40,40,66,63,63,54,54,54,38,76,82,77,35,95,95,83,95,95,105,103,105,105,105,105,105,88],"gold":50,"neow_bonus":"TEN_PERCENT_HP_BONUS","is_prod":false,"is_daily":false,"chose_seed":false,"campfire_upgraded":9,"win_rate":1,"timestamp":1558822593,"path_taken":["M","M","?","M","M","R","E","R","T","E","?","E","?","$","R","BOSS","M","M","M","?","M","R","E","R","T","R","M","?","M","E","R","BOSS","M","?","?","$","M","E","R","E","T","M","M","$","R","E","R","BOSS"],"build_version":"2019-01-23","purchased_purges":0,"victory":true,"max_hp_per_floor":[88,88,88,88,88,88,88,88,88,88,88,88,88,88,88,88,88,88,88,88,88,88,88,88,88,88,88,88,88,88,88,88,88,88,88,88,88,95,95,95,95,95,105,105,105,105,105,105,105,105],"card_choices":[{"not_picked":["Searing Blow","Rupture"],"picked":"Clothesline","floor":1.0},{"not_picked":["Clash","Flex"],"picked":"Disarm","floor":2.0},{"not_picked":["Combust","Intimidate"],"picked":"Wild Strike","floor":4.0},{"not_picked":["Clothesline","Anger"],"picked":"Limit Break","floor":5.0},{"not_picked":["Thunderclap","Sever Soul"],"picked":"Iron Wave","floor":7.0},{"not_picked":["Carnage","Iron Wave"],"picked":"Shrug It Off","floor":10.0},{"not_picked":["Armaments","Warcry"],"picked":"Thunderclap","floor":11.0},{"not_picked":["Clash","Feel No Pain"],"picked":"Shrug It Off","floor":12.0},{"not_picked":["Feed","Dark Embrace"],"picked":"Double Tap","floor":16.0},{"not_picked":[],"picked":"Sword Boomerang","floor":18.0},{"not_picked":[],"picked":"Wild Strike+1","floor":19.0},{"not_picked":[],"picked":"Ghostly Armor","floor":20.0},{"not_picked":["Thunderclap"],"picked":"SKIP","floor":22.0},{"not_picked":[],"picked":"Power Through","floor":24.0},{"not_picked":["Burning Pact+1"],"picked":"SKIP","floor":28.0},{"not_picked":["Entrench"],"picked":"SKIP","floor":30.0},{"not_picked":[],"picked":"Twin Strike+1","floor":31.0},{"not_picked":[],"picked":"Power Through","floor":35.0},{"not_picked":[],"picked":"Secret Technique","floor":36.0},{"not_picked":[],"picked":"Blind","floor":36.0},{"not_picked":[],"picked":"Clothesline+1","floor":37.0},{"not_picked":[],"picked":"Clothesline+1","floor":39.0},{"not_picked":[],"picked":"Impervious","floor":40.0},{"not_picked":[],"picked":"Perfected Strike+1","floor":42.0},{"not_picked":[],"picked":"Wild Strike+1","floor":44.0},{"not_picked":[],"picked":"Power Through","floor":45.0},{"not_picked":["Armaments"],"picked":"SKIP","floor":48}],"player_experience":18854,"relics_obtained":[{"floor":7.0,"key":"Mercury Hourglass"},{"floor":9.0,"key":"Boot"},{"floor":10.0,"key":"Orichalcum"},{"floor":12.0,"key":"Pantograph"},{"floor":24.0,"key":"PreservedInsect"},{"floor":26.0,"key":"Anchor"},{"floor":31.0,"key":"StoneCalendar"},{"floor":37.0,"key":"Ice Cream"},{"floor":40.0,"key":"Thread and Needle"},{"floor":42.0,"key":"War Paint"},{"floor":43.0,"key":"Pear"},{"floor":48,"key":"Toxic Egg 2"}],"event_choices":[{"damage_healed":0.0,"max_hp_gain":0.0,"max_hp_loss":0.0,"gold_gain":0.0,"event_name":"Upgrade Shrine","player_choice":"Upgraded","floor":3.0,"gold_loss":0.0,"damage_taken":0.0,"cards_upgraded":["Bash"]},{"cards_removed":["Strike_R"],"damage_healed":0.0,"max_hp_gain":0.0,"max_hp_loss":0.0,"gold_gain":0.0,"event_name":"Golden Wing","player_choice":"Card Removal","floor":13.0,"gold_loss":0.0,"damage_taken":7.0},{"damage_healed":0.0,"max_hp_gain":0.0,"max_hp_loss":0.0,"gold_gain":0.0,"event_name":"Duplicator","player_choice":"Copied","floor":21.0,"gold_loss":0.0,"damage_taken":0.0,"cards_obtained":["Inflame"]},{"damage_healed":0.0,"max_hp_gain":0.0,"max_hp_loss":0.0,"gold_gain":0.0,"event_name":"SensoryStone","player_choice":"Memory 2","floor":36.0,"gold_loss":0.0,"damage_taken":5.0},{"damage_healed":0.0,"max_hp_gain":0.0,"max_hp_loss":0.0,"gold_gain":0.0,"event_name":"Mysterious Sphere","player_choice":"Fight","floor":37.0,"gold_loss":0.0,"damage_taken":0.0}],"is_beta":false,"boss_relics":[{"not_picked":["Black Blood","Coffee Dripper"],"picked":"Busted Crown"},{"not_picked":["Orrery","Sozu"],"picked":"Eternal Feather"}],"items_purged_floors":[],"is_endless":false,"potions_floor_spawned":[1,4,10,11,12,19,20,31,37,40,42],"ascension_level":7}