{"gold_per_floor":[109,124,124,124,149,149,192,211,235,235,271,271,295,310,310,429,429,449,462,94,119,140,180,180,216,216,111,111,130,130,145,145,266,266,290,6,22,355,400,400,431,431,431,459,472,472,489,0,0,0],"floor_reached":51,"playtime":2408,"items_purged":["Parasite"],"score":933,"play_id":"58aa8550-e75b-4dfb-a82e-5875ec0d34d1","local_time":"20190525232327","is_ascension_mode":true,"campfire_choices":[{"data":"Perfected Strike","floor":6.0,"key":"SMITH"},{"data":"Flame Barrier","floor":10.0,"key":"SMITH"},{"data":"Bash","floor":12.0,"key":"SMITH"},{"floor":15.0,"key":"REST"},{"floor":24.0,"key":"REST"},{"data":"Corruption","floor":30.0,"key":"SMITH"},{"data":"Immolate","floor":32.0,"key":"SMITH"},{"data":"Double Tap","floor":40.0,"key":"SMITH"},{"data":"Demon Form","floor":42.0,"key":"SMITH"},{"data":"Perfected Strike","floor":49,"key":"SMITH"}],"neow_cost":"TEN_PERCENT_HP_LOSS","seed_source_timestamp":30276834878414,"circlet_count":0,"master_deck":["Strike_R","Strike_R","Strike_R","Strike_R","Strike_R","Defend_R","Defend_R","Defend_R","Defend_R","Bash+1","Demon Form+1","Perfected Strike+1","Twin Strike","Shrug It Off","Flame Barrier+1","Inflame","Wild Strike","Cleave","Thunderclap","Twin Strike","Offering","Pummel","Shrug It Off","Corruption+1","Immolate+1","Perfected Strike+1","Impervious","Flame Barrier","Immolate+1","Sword Boomerang","Disarm+1","Inflame","Shrug It Off","Pommel Strike+1","Heavy Blade","Immolate","Disarm","Double Tap+1","Thunderclap+1","Pommel Strike+1","Shockwave","Writhe","Disarm+1","Perfected Strike+1","Wild Strike","Heavy Blade"],"special_seed":0,"relics":["Burning Blood","Dream Catcher","Blood Vial","Bag of Preparation","Philosopher\u0027s Stone","Centennial Puzzle","Strawberry","Pantograph","Cursed Key","Bag of Marbles","Nunchaku","Red Skull","FossilizedHelix","Bottled Flame","Champion Belt"],"potions_floor_usage":[],"damage_taken":[{"damage":1.0,"enemies":"Cultist","floor":1.0,"turns":4.0},{"damage":2.0,"enemies":"2 Louse","floor":2.0,"turns":3.0},{"damage":12.0,"enemies":"Jaw Worm","floor":5.0,"turns":2.0},{"damage":21.0,"enemies":"Gremlin Nob","floor":7.0,"turns":3.0},{"damage":8.0,"enemies":"Lots of Slimes","floor":8.0,"turns":5.0},{"damage":14.0,"enemies":"3 Sentries","floor":11.0,"turns":8.0},{"damage":0.0,"enemies":"3 Louse","floor":13.0,"turns":3.0},{"damage":17.0,"enemies":"Exordium Thugs","floor":14.0,"turns":3.0},{"damage":14.0,"enemies":"Slime Boss","floor":16.0,"turns":7.0},{"damage":0.0,"enemies":"Chosen","floor":18.0,"turns":3.0},{"damage":6.0,"enemies":"2 Thieves","floor":19.0,"turns":3.0},{"damage":6.0,"enemies":"Sentry and Sphere","floor":21.0,"turns":3.0},{"damage":31.0,"enemies":"Snake Plant","floor":22.0,"turns":3.0},{"damage":28.0,"enemies":"Book of Stabbing","floor":23.0,"turns":4.0},{"damage":7.0,"enemies":"Slavers","floor":25.0,"turns":4.0},{"damage":1.0,"enemies":"Chosen and Byrds","floor":29.0,"turns":6.0},{"damage":0.0,"enemies":"3 Cultists","floor":31.0,"turns":2.0},{"damage":29.0,"enemies":"Collector","floor":33.0,"turns":6.0},{"damage":4.0,"enemies":"Orb Walker","floor":35.0,"turns":3.0},{"damage":6.0,"enemies":"3 Darklings","floor":37.0,"turns":1.0},{"damage":12.0,"enemies":"2 Orb Walkers","floor":39.0,"turns":3.0},{"damage":12.0,"enemies":"Giant Head","floor":41.0,"turns":4.0},{"damage":17.0,"enemies":"Reptomancer","floor":44.0,"turns":6.0},{"damage":6.0,"enemies":"Sphere and 2 Shapes","floor":45.0,"turns":4.0},{"damage":0.0,"enemies":"Writhing Mass","floor":47.0,"turns":5.0},{"damage":0,"enemies":"Time Eater","floor":50,"turns":6}],"seed_played":"57443042839566489","potions_obtained":[{"floor":5.0,"key":"PowerPotion"},{"floor":7.0,"key":"SpeedPotion"},{"floor":8.0,"key":"Ancient Potion"},{"floor":18.0,"key":"Fire Potion"},{"floor":23.0,"key":"Block Potion"},{"floor":33.0,"key":"Block Potion"},{"floor":37.0,"key":"Swift Potion"},{"floor":44.0,"key":"SpeedPotion"}],"is_trial":false,"path_per_floor":["M","M","?","?","M","R","E","M","T","R","E","R","M","M","R","B",null,"M","M","$","M","M","E","R","E","T","$","?","M","R","M","R","B",null,"M","$","M","?","?","R","E","R","T","E","M","?","M","$","R","B",null],"character_chosen":"IRONCLAD","items_purchased":["Corruption","Immolate","Perfected Strike","Impervious","Inflame","Shrug It Off","Bag of Marbles","Double Tap","Champion Belt","Wild Strike","Heavy Blade"],"campfire_rested":2,"item_purchase_floors":[20,20,20,20,27,27,36,36,48,48,48],"current_hp_per_floor":[72,72,72,54,48,48,33,31,31,31,25,25,33,24,45,39,72,72,72,72,72,47,27,48,56,56,56,56,63,63,71,71,56,79,79,79,79,79,73,73,69,69,69,60,62,62,70,70,70,76],"gold":0,"neow_bonus":"THREE_RARE_CARDS","is_prod":false,"is_daily":false,"chose_seed":false,"campfire_upgraded":8,"win_rate":1,"timestamp":1558790607,"path_taken":["M","M","?","?","M","R","E","?","T","R","E","R","M","M","R","BOSS","M","M","$","M","M","E","R","E","T","?","?","?","R","M","R","BOSS","M","$","M","?","?","R","E","R","T","E","M","?","?","$","R","BOSS"],"build_version":"2019-01-23","purchased_purges":1,"victory":true,"max_hp_per_floor":[72,72,72,72,72,72,72,72,72,72,72,72,72,72,72,72,72,72,72,72,72,72,72,72,79,79,79,79,79,79,79,79,79,79,79,79,79,79,79,79,79,79,79,79,79,79,79,76,76,76],"card_choices":[{"not_picked":["Impervious","Limit Break"],"picked":"Demon Form","floor":0.0},{"not_picked":["Whirlwind","Sever Soul"],"picked":"Perfected Strike","floor":1.0},{"not_picked":["Iron Wave","Hemokinesis"],"picked":"Twin Strike","floor":2.0},{"not_picked":["Twin Strike","Clothesline"],"picked":"Shrug It Off","floor":5.0},{"not_picked":["Flex","Dual Wield"],"picked":"Flame Barrier","floor":7.0},{"not_picked":["Shrug It Off","Entrench"],"picked":"Inflame","floor":8.0},{"not_picked":["Warcry","Headbutt"],"picked":"Wild Strike","floor":11.0},{"not_picked":["Seeing Red","Sever Soul"],"picked":"Cleave","floor":13.0},{"not_picked":["Berserk","Warcry"],"picked":"Thunderclap","floor":14.0},{"not_picked":["Evolve","Cleave"],"picked":"Twin Strike","floor":15.0},{"not_picked":["Feed","Barricade"],"picked":"Offering","floor":16.0},{"not_picked":["Cleave+1","Warcry"],"picked":"Pummel","floor":18.0},{"not_picked":["Ghostly Armor","Cleave+1"],"picked":"Shrug It Off","floor":19.0},{"not_picked":["Cleave","Body Slam","Combust"],"picked":"SKIP","floor":21.0},{"not_picked":["Cleave+1","Warcry+1"],"picked":"Flame Barrier","floor":22.0},{"not_picked":["Bloodletting","Armaments+1"],"picked":"Immolate","floor":23.0},{"not_picked":["Blood for Blood","Cleave"],"picked":"Sword Boomerang","floor":24.0},{"not_picked":["Bludgeon","Corruption"],"picked":"Disarm+1","floor":25.0},{"not_picked":["Armaments","Shrug It Off"],"picked":"Pommel Strike+1","floor":29.0},{"not_picked":["Iron Wave","Warcry"],"picked":"Heavy Blade","floor":31.0},{"not_picked":["Fiend Fire","Offering"],"picked":"Immolate","floor":33.0},{"not_picked":["Evolve","Seeing Red+1"],"picked":"Disarm","floor":35.0},{"not_picked":["Sword Boomerang","True Grit"],"picked":"Thunderclap+1","floor":37.0},{"not_picked":["Second Wind+1","Flex+1"],"picked":"Pommel Strike+1","floor":39.0},{"not_picked":["Cleave","Feed"],"picked":"Shockwave","floor":41.0},{"not_picked":["Flex+1","Pummel"],"picked":"Disarm+1","floor":44.0},{"not_picked":["Seeing Red","Rage+1"],"picked":"Perfected Strike+1","floor":45.0},{"not_picked":["Cleave+1","Anger","Blood for Blood+1"],"picked":"SKIP","floor":47.0}],"player_experience":6570,"relics_obtained":[{"floor":7.0,"key":"Dream Catcher"},{"floor":9.0,"key":"Blood Vial"},{"floor":11.0,"key":"Bag of Preparation"},{"floor":23.0,"key":"Centennial Puzzle"},{"floor":25.0,"key":"Strawberry"},{"floor":26.0,"key":"Pantograph"},{"floor":39.0,"key":"Nunchaku"},{"floor":41.0,"key":"Red Skull"},{"floor":43.0,"key":"FossilizedHelix"},{"floor":44.0,"key":"Bottled Flame"}],"event_choices":[{"damage_healed":0.0,"max_hp_gain":0.0,"max_hp_loss":0.0,"gold_gain":0.0,"event_name":"Golden Wing","player_choice":"Ignored","floor":3.0,"gold_loss":0.0,"damage_taken":0.0},{"damage_healed":0.0,"max_hp_gain":0.0,"max_hp_loss":0.0,"gold_gain":0.0,"event_name":"Golden Idol","player_choice":"Take Damage","floor":4.0,"gold_loss":0.0,"damage_taken":18.0,"relics_obtained":["Golden Idol"]},{"damage_healed":0.0,"max_hp_gain":0.0,"max_hp_loss":0.0,"gold_gain":0.0,"event_name":"Upgrade Shrine","player_choice":"Upgraded","floor":28.0,"gold_loss":0.0,"damage_taken":0.0,"cards_upgraded":["Immolate"]},{"damage_healed":0.0,"max_hp_gain":0.0,"max_hp_loss":0.0,"gold_gain":333.0,"event_name":"The Moai Head","player_choice":"Gave Idol","floor":38.0,"relics_lost":["Golden Idol"],"gold_loss":0.0,"damage_taken":0.0},{"damage_healed":0.0,"max_hp_gain":0.0,"max_hp_loss":0.0,"gold_gain":0.0,"event_name":"Mysterious Sphere","player_choice":"Fight","floor":39.0,"gold_loss":0.0,"damage_taken":0.0},{"damage_healed":0.0,"max_hp_gain":0.0,"max_hp_loss":0.0,"gold_gain":0.0,"event_name":"Tomb of Lord Red Mask","player_choice":"Ignored","floor":46.0,"gold_loss":0.0,"damage_taken":0.0}],"is_beta":false,"boss_relics":[{"not_picked":["Black Star","Velvet Choker"],"picked":"Philosopher\u0027s Stone"},{"not_picked":["Tiny House","Empty Cage"],"picked":"Cursed Key"}],"items_purged_floors":[48],"is_endless":false,"potions_floor_spawned":[5,7,8,18,23,33,37,44,45],"ascension_level":2}