{"gold_per_floor":[111,130,130,130,145,145,180,180,180,180,56,88,115,137,149,265,277,306,336,100,114,114,128,141,167,167,167,167,167,199,211,211,312,312,327,287,300,24,38,38,65,25,72,82,92,0,13,42,42,42],"floor_reached":51,"playtime":3070,"items_purged":[],"score":834,"play_id":"f851e499-7bff-42dd-b20e-3e440a5e11ac","local_time":"20190525165638","is_ascension_mode":false,"campfire_choices":[{"data":"Bash","floor":6.0,"key":"SMITH"},{"data":"Shrug It Off","floor":8.0,"key":"SMITH"},{"data":"Pommel Strike","floor":15.0,"key":"SMITH"},{"data":"Perfected Strike","floor":29.0,"key":"SMITH"},{"data":"RitualDagger","floor":32.0,"key":"SMITH"},{"data":"Uppercut","floor":40.0,"key":"SMITH"},{"data":"Whirlwind","floor":49,"key":"SMITH"}],"neow_cost":"","seed_source_timestamp":6365846743544,"circlet_count":0,"master_deck":["Strike_R","Strike_R+1","Strike_R","Strike_R+1","Strike_R","Defend_R","Defend_R","Defend_R","Defend_R","Bash+1","Shrug It Off+1","Perfected Strike+1","Shrug It Off+1","Corruption+1","Pommel Strike+1","Feel No Pain+1","Shrug It Off","Demon Form+1","Pommel Strike+1","Twin Strike","Metallicize+1","Perfected Strike+1","RitualDagger+1","Feel No Pain+1","Twin Strike+1","J.A.X.","Twin Strike+1","Pommel Strike","Shrug It Off","Uppercut+1","Parasite","Whirlwind+1","Ghostly Armor","Shrug It Off","Twin Strike+1","Shrug It Off+1"],"special_seed":0,"relics":["Burning Blood","Matryoshka","Lantern","Frozen Egg 2","MawBank","Busted Crown","Whetstone","Gremlin Horn","Boot","Bottled Flame","Blood Vial","Snecko Eye","Strawberry","Vajra","Centennial Puzzle","Red Mask","Potion Belt"],"potions_floor_usage":[50,50,50],"damage_taken":[{"damage":12.0,"enemies":"Small Slimes","floor":1.0,"turns":5.0},{"damage":0.0,"enemies":"2 Louse","floor":2.0,"turns":2.0},{"damage":0.0,"enemies":"Cultist","floor":5.0,"turns":3.0},{"damage":11.0,"enemies":"Gremlin Nob","floor":7.0,"turns":3.0},{"damage":15.0,"enemies":"3 Sentries","floor":12.0,"turns":9.0},{"damage":1.0,"enemies":"Blue Slaver","floor":13.0,"turns":3.0},{"damage":0.0,"enemies":"2 Fungi Beasts","floor":14.0,"turns":3.0},{"damage":38.0,"enemies":"The Guardian","floor":16.0,"turns":10.0},{"damage":0.0,"enemies":"3 Byrds","floor":18.0,"turns":5.0},{"damage":11.0,"enemies":"Spheric Guardian","floor":19.0,"turns":4.0},{"damage":0.0,"enemies":"Snecko","floor":21.0,"turns":4.0},{"damage":1.0,"enemies":"Sentry and Sphere","floor":23.0,"turns":4.0},{"damage":8.0,"enemies":"Centurion and Healer","floor":24.0,"turns":4.0},{"damage":16.0,"enemies":"Slavers","floor":25.0,"turns":6.0},{"damage":6.0,"enemies":"Gremlin Leader","floor":30.0,"turns":6.0},{"damage":5.0,"enemies":"Snake Plant","floor":31.0,"turns":2.0},{"damage":26.0,"enemies":"Champ","floor":33.0,"turns":8.0},{"damage":10.0,"enemies":"3 Darklings","floor":35.0,"turns":3.0},{"damage":5.0,"enemies":"Orb Walker","floor":37.0,"turns":2.0},{"damage":0.0,"enemies":"Writhing Mass","floor":39.0,"turns":2.0},{"damage":39.0,"enemies":"Nemesis","floor":41.0,"turns":5.0},{"damage":0.0,"enemies":"3 Darklings","floor":44.0,"turns":5.0},{"damage":4.0,"enemies":"Spire Growth","floor":45.0,"turns":3.0},{"damage":2.0,"enemies":"Maw","floor":47.0,"turns":5.0},{"damage":0,"enemies":"Reptomancer","floor":48,"turns":3},{"damage":26,"enemies":"Awakened One","floor":50,"turns":7}],"seed_played":"-8686532982300894974","potions_obtained":[{"floor":13.0,"key":"Dexterity Potion"},{"floor":14.0,"key":"SteroidPotion"},{"floor":19.0,"key":"PowerPotion"},{"floor":23.0,"key":"GamblersBrew"},{"floor":24.0,"key":"Dexterity Potion"},{"floor":35.0,"key":"Ancient Potion"}],"is_trial":false,"path_per_floor":["M","M","?","?","M","R","E","R","T","?","$","E","M","M","R","B",null,"M","M","$","M","?","M","M","E","T","?","?","R","E","M","R","B",null,"M","?","M","$","M","R","E","$","T","M","M","?","M","E","R","B",null],"character_chosen":"IRONCLAD","items_purchased":["Corruption+1","SteroidPotion","Twin Strike","Whetstone","Metallicize+1","Strawberry","Shrug It Off","Uppercut","Ghostly Armor"],"campfire_rested":0,"item_purchase_floors":[11,11,20,20,20,38,38,38,42],"current_hp_per_floor":[74,80,64,64,70,70,65,65,65,65,65,56,61,67,67,35,80,80,75,75,80,74,79,77,67,67,80,80,80,80,80,80,60,80,76,76,79,86,87,87,54,54,54,62,66,66,72,80,80,62],"gold":42,"neow_bonus":"","is_prod":false,"is_daily":false,"chose_seed":false,"campfire_upgraded":7,"win_rate":0.0,"timestamp":1558767398,"path_taken":["M","M","?","?","M","R","E","R","T","?","$","E","M","M","R","BOSS","M","M","$","M","?","M","M","E","T","?","?","R","E","M","R","BOSS","M","?","M","$","M","R","E","?","T","M","?","?","M","E","R","BOSS"],"build_version":"2019-01-23","purchased_purges":0,"victory":true,"max_hp_per_floor":[80,80,80,80,80,80,80,80,80,80,80,80,80,80,80,80,80,80,80,80,80,80,80,80,80,80,80,80,80,80,80,80,80,80,80,80,80,87,87,87,87,87,87,87,87,87,87,87,87,87],"card_choices":[{"not_picked":["Iron Wave","Warcry"],"picked":"Shrug It Off","floor":1.0},{"not_picked":["Thunderclap","Rupture"],"picked":"Perfected Strike","floor":2.0},{"not_picked":["Flex","Rupture","Body Slam"],"picked":"SKIP","floor":5.0},{"not_picked":["Twin Strike","Dual Wield"],"picked":"Shrug It Off","floor":7.0},{"not_picked":["Armaments","Body Slam"],"picked":"Pommel Strike","floor":12.0},{"not_picked":["Warcry","Burning Pact"],"picked":"Feel No Pain+1","floor":13.0},{"not_picked":["Infernal Blade","Rage"],"picked":"Shrug It Off","floor":14.0},{"not_picked":["Offering","Barricade+1"],"picked":"Demon Form+1","floor":16.0},{"not_picked":["Flex"],"picked":"SKIP","floor":18.0},{"not_picked":[],"picked":"Pommel Strike","floor":19.0},{"not_picked":[],"picked":"Perfected Strike","floor":21.0},{"not_picked":["Clash"],"picked":"SKIP","floor":23.0},{"not_picked":[],"picked":"Feel No Pain+1","floor":24.0},{"not_picked":[],"picked":"Twin Strike","floor":25.0},{"not_picked":["Anger"],"picked":"SKIP","floor":30.0},{"not_picked":[],"picked":"Twin Strike+1","floor":31.0},{"not_picked":["Iron Wave+1"],"picked":"SKIP","floor":35.0},{"not_picked":[],"picked":"Pommel Strike","floor":37.0},{"not_picked":[],"picked":"Whirlwind","floor":39.0},{"not_picked":["Reckless Charge"],"picked":"SKIP","floor":41.0},{"not_picked":[],"picked":"Shrug It Off","floor":44.0},{"not_picked":[],"picked":"Twin Strike+1","floor":45.0},{"not_picked":[],"picked":"Shrug It Off+1","floor":47.0},{"not_picked":["Berserk+1"],"picked":"SKIP","floor":48}],"player_experience":0,"relics_obtained":[{"floor":7.0,"key":"Matryoshka"},{"floor":9.0,"key":"Lantern"},{"floor":9.0,"key":"Frozen Egg 2"},{"floor":12.0,"key":"MawBank"},{"floor":25.0,"key":"Gremlin Horn"},{"floor":26.0,"key":"Boot"},{"floor":26.0,"key":"Bottled Flame"},{"floor":30.0,"key":"Blood Vial"},{"floor":41.0,"key":"Vajra"},{"floor":43.0,"key":"Centennial Puzzle"},{"floor":48,"key":"Potion Belt"}],"event_choices":[{"damage_healed":0.0,"max_hp_gain":0.0,"max_hp_loss":0.0,"gold_gain":0.0,"event_name":"Shining Light","player_choice":"Entered Light","floor":3.0,"gold_loss":0.0,"damage_taken":16.0,"cards_upgraded":["Perfected Strike","Strike_R"]},{"damage_healed":0.0,"max_hp_gain":0.0,"max_hp_loss":0.0,"gold_gain":0.0,"event_name":"Golden Wing","player_choice":"Ignored","floor":4.0,"gold_loss":0.0,"damage_taken":0.0},{"damage_healed":0.0,"max_hp_gain":0.0,"max_hp_loss":0.0,"gold_gain":0.0,"event_name":"Upgrade Shrine","player_choice":"Upgraded","floor":10.0,"gold_loss":0.0,"damage_taken":0.0,"cards_upgraded":["Shrug It Off"]},{"damage_healed":0.0,"max_hp_gain":0.0,"max_hp_loss":0.0,"gold_gain":0.0,"event_name":"Nest","player_choice":"Joined the Cult","floor":22.0,"gold_loss":0.0,"damage_taken":6.0,"cards_obtained":["RitualDagger"]},{"damage_healed":26.0,"max_hp_gain":0.0,"max_hp_loss":0.0,"gold_gain":0.0,"event_name":"The Library","player_choice":"Heal","floor":27.0,"gold_loss":0.0,"damage_taken":0.0},{"damage_healed":0.0,"max_hp_gain":0.0,"max_hp_loss":0.0,"gold_gain":0.0,"event_name":"Drug Dealer","player_choice":"Obtain J.A.X.","floor":28.0,"gold_loss":0.0,"damage_taken":0.0,"cards_obtained":["J.A.X."]},{"damage_healed":0.0,"max_hp_gain":0.0,"max_hp_loss":0.0,"gold_gain":0.0,"event_name":"Designer","player_choice":"Upgrade","floor":36.0,"gold_loss":40.0,"damage_taken":0.0,"cards_upgraded":["Twin Strike"]},{"damage_healed":0.0,"max_hp_gain":0.0,"max_hp_loss":0.0,"gold_gain":0.0,"event_name":"Tomb of Lord Red Mask","player_choice":"Paid","floor":46.0,"gold_loss":92.0,"damage_taken":0.0,"relics_obtained":["Red Mask"]}],"is_beta":false,"boss_relics":[{"not_picked":["Tiny House","Empty Cage"],"picked":"Busted Crown"},{"not_picked":["Black Blood","Sozu"],"picked":"Snecko Eye"}],"items_purged_floors":[],"is_endless":false,"potions_floor_spawned":[13,14,16,19,23,24,35,41,47],"ascension_level":0}