{"gold_per_floor":[114,64,83,83,83,83,110,126,126,126,49,49,75,89,89,184,184,197,214,243,243,257,283,5,5,5,18,18,50,70,70,70,170,170,183,197,197,197,97,123,139,139],"floor_reached":42,"playtime":6124,"items_purged":["Defend_B","Defend_B"],"score":474,"play_id":"a99acc0e-6c79-44cd-a103-83cb0d6b971d","local_time":"20190518233649","is_ascension_mode":false,"campfire_choices":[{"data":"White Noise","floor":6,"key":"SMITH"},{"data":"Fission","floor":15,"key":"SMITH"},{"data":"Defragment","floor":25,"key":"SMITH"},{"floor":32,"key":"REST"}],"neow_cost":"NONE","seed_source_timestamp":3284015375920285,"circlet_count":0,"master_deck":["Strike_B","Strike_B+1","Defend_B","Defend_B","Zap","Dualcast+1","Barrage","White Noise+1","Go for the Eyes","Defragment+1","Fission+1","Genetic Algorithm","Ball Lightning","Creative AI","Cold Snap+1","Cold Snap+1","Defragment","Self Repair","Conserve Battery","Seek","Go for the Eyes+1","Seek","Coolheaded+1","Hologram+1","Ball Lightning","Cold Snap","Conserve Battery+1","White Noise","Madness","Madness","Defend_G","Conserve Battery","Double Energy"],"relics":["Cracked Core","Centennial Puzzle","Orichalcum","Darkstone Periapt","WingedGreaves","Velvet Choker","Red Mask","Regal Pillow","Blood Vial","Blue Candle","Question Card","Bottled Tornado","Orrery","Letter Opener"],"potions_floor_usage":[16,16,29,29,30,40,40],"damage_taken":[{"damage":2,"enemies":"Small Slimes","floor":1,"turns":4},{"damage":3,"enemies":"Jaw Worm","floor":3,"turns":3},{"damage":35,"enemies":"Lagavulin","floor":7,"turns":7},{"damage":6,"enemies":"2 Louse","floor":8,"turns":2},{"damage":18,"enemies":"3 Sentries","floor":13,"turns":6},{"damage":2,"enemies":"Blue Slaver","floor":14,"turns":4},{"damage":11,"enemies":"Slime Boss","floor":16,"turns":8},{"damage":0,"enemies":"Chosen","floor":18,"turns":4},{"damage":12,"enemies":"Spheric Guardian","floor":19,"turns":4},{"damage":3,"enemies":"Masked Bandits","floor":20,"turns":2},{"damage":11,"enemies":"Snake Plant","floor":22,"turns":3},{"damage":58,"enemies":"Gremlin Leader","floor":23,"turns":7},{"damage":6,"enemies":"Centurion and Healer","floor":27,"turns":7},{"damage":29,"enemies":"Slavers","floor":29,"turns":4},{"damage":4,"enemies":"Shelled Parasite and Fungi","floor":30,"turns":6},{"damage":42,"enemies":"Collector","floor":33,"turns":10},{"damage":0,"enemies":"Orb Walker","floor":35,"turns":4},{"damage":1,"enemies":"3 Shapes","floor":36,"turns":4},{"damage":54,"enemies":"Giant Head","floor":40,"turns":10},{"damage":0,"enemies":"Jaw Worm Horde","floor":41,"turns":3},{"damage":43,"enemies":"Reptomancer","floor":42,"turns":2}],"seed_played":"-5912702879704420820","potions_obtained":[{"floor":1,"key":"Strength Potion"},{"floor":8,"key":"Poison Potion"},{"floor":16,"key":"Dexterity Potion"},{"floor":20,"key":"FearPotion"},{"floor":22,"key":"Energy Potion"},{"floor":27,"key":"Weak Potion"},{"floor":30,"key":"Dexterity Potion"},{"floor":36,"key":"SkillPotion"},{"floor":40,"key":"FearPotion"}],"is_trial":false,"path_per_floor":["M","?","M","?","?","R","E","M","T","?","$","?","E","M","R","B",null,"M","M","?","?","M","E","$","R","T","M","?","E","M","T","R","B",null,"M","M","?","?","$","E","M","E"],"character_chosen":"DEFECT","items_purchased":["Defragment","Blood Vial","Conserve Battery"],"campfire_rested":1,"item_purchase_floors":[11,24,24],"current_hp_per_floor":[80,80,77,77,65,65,37,38,38,22,22,22,11,16,16,12,82,82,77,74,74,70,19,19,19,19,29,29,9,21,21,60,34,82,82,82,72,72,72,27,36,0],"gold":139,"neow_bonus":"TEN_PERCENT_HP_BONUS","is_prod":false,"is_daily":false,"chose_seed":false,"campfire_upgraded":3,"win_rate":0.0,"timestamp":1558237009,"path_taken":["M","?","M","?","?","R","E","?","T","?","$","?","E","M","R","BOSS","M","M","?","?","M","E","$","R","T","M","?","E","?","?","R","BOSS","M","M","?","?","$","E","?","E"],"build_version":"2019-01-23","purchased_purges":2,"victory":false,"max_hp_per_floor":[82,82,82,82,82,82,82,82,82,82,82,82,82,82,82,82,82,82,82,82,82,82,82,82,82,82,82,82,82,82,82,82,82,82,82,82,82,82,82,82,82,82],"card_choices":[{"not_picked":["Rip and Tear","Gash"],"picked":"Barrage","floor":1},{"not_picked":["Hologram","Beam Cell"],"picked":"White Noise","floor":3},{"not_picked":["Stack","Aggregate"],"picked":"Go for the Eyes","floor":7},{"not_picked":["Streamline","Blizzard","Steam"],"picked":"SKIP","floor":8},{"not_picked":["Ball Lightning","Static Discharge"],"picked":"Genetic Algorithm","floor":13},{"not_picked":["Static Discharge","Go for the Eyes"],"picked":"Ball Lightning","floor":14},{"not_picked":["All For One","Rainbow"],"picked":"Creative AI","floor":16},{"not_picked":["Gash","Fusion"],"picked":"Cold Snap+1","floor":18},{"not_picked":["Sweeping Beam+1","Storm"],"picked":"Cold Snap+1","floor":19},{"not_picked":["Static Discharge","Coolheaded+1"],"picked":"Defragment","floor":20},{"not_picked":["Hologram","Leap+1","Sweeping Beam"],"picked":"SKIP","floor":22},{"not_picked":["Thunder Strike","Coolheaded"],"picked":"Self Repair","floor":23},{"not_picked":["Stack","Steam","Leap"],"picked":"SKIP","floor":27},{"not_picked":["Go for the Eyes","Redo"],"picked":"Seek","floor":29},{"not_picked":["Beam Cell","Lockon+1","Reprogram"],"picked":"Go for the Eyes+1","floor":30},{"not_picked":["Reboot","Rainbow","Creative AI"],"picked":"Seek","floor":33},{"not_picked":["Steam+1","Gash+1","Redo"],"picked":"Coolheaded+1","floor":34},{"not_picked":["Skim+1","Storm","Lockon"],"picked":"Hologram+1","floor":34},{"not_picked":["Auto Shields","Leap","Darkness"],"picked":"Ball Lightning","floor":34},{"not_picked":["Coolheaded","Rip and Tear+1","BootSequence"],"picked":"Cold Snap","floor":34},{"not_picked":["Streamline","Blizzard","Fusion+1"],"picked":"Conserve Battery+1","floor":35},{"not_picked":["All For One","Genetic Algorithm+1","Streamline+1"],"picked":"White Noise","floor":36},{"not_picked":["Static Discharge+1","Sweeping Beam+1","Leap+1"],"picked":"Conserve Battery","floor":40},{"not_picked":["Beam Cell","Hologram","Fusion+1"],"picked":"Double Energy","floor":41}],"player_experience":77486,"relics_obtained":[{"floor":7,"key":"Orichalcum"},{"floor":9,"key":"Darkstone Periapt"},{"floor":13,"key":"WingedGreaves"},{"floor":20,"key":"Red Mask"},{"floor":23,"key":"Regal Pillow"},{"floor":26,"key":"Blue Candle"},{"floor":29,"key":"Question Card"},{"floor":31,"key":"Bottled Tornado"},{"floor":40,"key":"Letter Opener"}],"event_choices":[{"cards_removed":["Strike_B"],"damage_healed":0,"gold_gain":0,"player_choice":"Card Removal","damage_taken":0,"max_hp_gain":0,"max_hp_loss":0,"event_name":"The Cleric","floor":2,"gold_loss":50},{"damage_healed":0,"gold_gain":0,"cards_transformed":["Strike_B"],"player_choice":"Change","damage_taken":0,"max_hp_gain":0,"max_hp_loss":0,"event_name":"Living Wall","floor":4,"gold_loss":0,"cards_obtained":["Self Repair"]},{"damage_healed":0,"gold_gain":0,"player_choice":"Success","damage_taken":12,"relics_obtained":["Centennial Puzzle"],"max_hp_gain":0,"max_hp_loss":0,"event_name":"Scrap Ooze","floor":5,"gold_loss":0},{"damage_healed":0,"gold_gain":0,"player_choice":"Entered Light","damage_taken":16,"max_hp_gain":0,"max_hp_loss":0,"event_name":"Shining Light","floor":10,"gold_loss":0,"cards_upgraded":["Dualcast","Strike_B"]},{"damage_healed":0,"gold_gain":0,"player_choice":"1 cards matched","damage_taken":0,"max_hp_gain":0,"max_hp_loss":0,"event_name":"Match and Keep!","floor":12,"gold_loss":0,"cards_obtained":["Fission"]},{"damage_healed":0,"gold_gain":0,"player_choice":"1 cards matched","damage_taken":0,"max_hp_gain":0,"max_hp_loss":0,"event_name":"Match and Keep!","floor":12,"gold_loss":0,"cards_obtained":["Fission"]},{"damage_healed":0,"gold_gain":0,"player_choice":"Fought Bandits","damage_taken":0,"max_hp_gain":0,"max_hp_loss":0,"event_name":"Masked Bandits","floor":20,"gold_loss":0},{"damage_healed":0,"gold_gain":0,"player_choice":"Ignored","damage_taken":0,"max_hp_gain":0,"max_hp_loss":0,"event_name":"Ghosts","floor":21,"gold_loss":0},{"damage_healed":0,"gold_gain":0,"player_choice":"Ignored","damage_taken":0,"max_hp_gain":0,"max_hp_loss":0,"event_name":"N\u0027loth","floor":28,"gold_loss":0},{"damage_healed":0,"gold_gain":0,"player_choice":"Embrace Madness","damage_taken":10,"max_hp_gain":0,"max_hp_loss":0,"event_name":"Winding Halls","floor":37,"gold_loss":0,"cards_obtained":["Madness","Madness"]},{"cards_removed":["Self Repair"],"damage_healed":0,"gold_gain":0,"player_choice":"Took Card","damage_taken":0,"max_hp_gain":0,"max_hp_loss":0,"event_name":"NoteForYourself","floor":38,"gold_loss":0,"cards_obtained":["Defend_G"]}],"is_beta":false,"boss_relics":[{"not_picked":["FrozenCore","Black Star"],"picked":"Velvet Choker"},{"not_picked":["Philosopher\u0027s Stone","Snecko Eye"],"picked":"Orrery"}],"items_purged_floors":[24,39],"is_endless":false,"potions_floor_spawned":[1,8,16,20,22,27,30,36,40],"killed_by":"Reptomancer","ascension_level":0}