{"gold_per_floor":[111,129,129,304,322,338,288,288,366,366,392,392,129,142,142,244,244,254,254,254,273,273],"floor_reached":22,"playtime":884,"items_purged":["Doubt"],"score":258,"play_id":"033d90f9-abcf-48b7-a877-464f6474a700","local_time":"20190529220111","is_ascension_mode":true,"campfire_choices":[{"data":"Combust","floor":8,"key":"SMITH"},{"data":"Disarm","floor":10,"key":"SMITH"},{"floor":15,"key":"REST"}],"neow_cost":"TEN_PERCENT_HP_LOSS","seed_source_timestamp":4233942902982771,"circlet_count":0,"master_deck":["Strike_R+1","Defend_R","Defend_R","Defend_R","Defend_R","Bash","Sword Boomerang+1","Combust+1","Flex","Pummel","Disarm+1","Clothesline","True Grit","Metallicize","Heavy Blade","Barricade","Feel No Pain","Body Slam"],"relics":["Burning Blood","Bottled Lightning","Omamori","Tiny Chest","Runic Pyramid"],"potions_floor_usage":[14,18],"damage_taken":[{"damage":1,"enemies":"Small Slimes","floor":1,"turns":3},{"damage":2,"enemies":"2 Louse","floor":2,"turns":3},{"damage":7,"enemies":"Jaw Worm","floor":5,"turns":3},{"damage":4,"enemies":"2 Fungi Beasts","floor":6,"turns":3},{"damage":40,"enemies":"Gremlin Nob","floor":11,"turns":6},{"damage":1,"enemies":"3 Louse","floor":14,"turns":1},{"damage":28,"enemies":"Hexaghost","floor":16,"turns":12},{"damage":15,"enemies":"3 Byrds","floor":18,"turns":4},{"damage":15,"enemies":"Chosen","floor":21,"turns":6},{"damage":15,"enemies":"Snecko","floor":22,"turns":4}],"seed_played":"6756383777054114221","potions_obtained":[{"floor":1,"key":"SteroidPotion"},{"floor":2,"key":"Strength Potion"},{"floor":5,"key":"Explosive Potion"},{"floor":16,"key":"LiquidBronze"},{"floor":18,"key":"Regen Potion"}],"is_trial":false,"path_per_floor":["M","M","?","?","M","M","?","R","T","R","E","?","$","M","R","B",null,"M","?","?","M","M"],"character_chosen":"IRONCLAD","items_purchased":["Metallicize","Tiny Chest"],"campfire_rested":1,"item_purchase_floors":[13,13],"current_hp_per_floor":[72,72,58,58,57,59,59,59,59,59,25,18,18,23,44,22,60,51,35,22,13,0],"gold":273,"neow_bonus":"TRANSFORM_TWO_CARDS","is_prod":false,"is_daily":false,"chose_seed":false,"campfire_upgraded":2,"win_rate":0,"timestamp":1559181671,"path_taken":["M","M","?","?","M","M","?","R","T","R","E","?","?","M","R","BOSS","M","?","?","M","M"],"build_version":"2019-01-23","purchased_purges":1,"victory":false,"max_hp_per_floor":[72,72,72,72,72,72,72,72,72,72,72,72,72,72,72,72,72,72,72,77,77,77],"card_choices":[{"not_picked":["Entrench","Reckless Charge"],"picked":"Flex","floor":1},{"not_picked":["Body Slam","Hemokinesis"],"picked":"Pummel","floor":2},{"not_picked":["Rupture","Warcry"],"picked":"Disarm","floor":5},{"not_picked":["Seeing Red","Flex"],"picked":"Clothesline","floor":6},{"not_picked":["Entrench","Wild Strike"],"picked":"True Grit","floor":11},{"not_picked":["Anger","Flex"],"picked":"Heavy Blade","floor":14},{"not_picked":["Bludgeon","Limit Break"],"picked":"Barricade","floor":16},{"not_picked":["Searing Blow","Power Through"],"picked":"Feel No Pain","floor":18},{"not_picked":["Clothesline","Sever Soul"],"picked":"Body Slam","floor":21}],"player_experience":179331,"relics_obtained":[{"floor":9,"key":"Bottled Lightning"},{"floor":11,"key":"Omamori"}],"event_choices":[{"damage_healed":0,"gold_gain":0,"player_choice":"Entered Light","damage_taken":14,"max_hp_gain":0,"max_hp_loss":0,"event_name":"Shining Light","floor":3,"gold_loss":0,"cards_upgraded":["Strike_R","Sword Boomerang"]},{"damage_healed":0,"gold_gain":175,"player_choice":"AGREE","damage_taken":0,"max_hp_gain":0,"max_hp_loss":0,"event_name":"Liars Game","floor":4,"gold_loss":0,"cards_obtained":["Doubt"]},{"cards_removed":["Strike_R"],"damage_healed":0,"gold_gain":0,"player_choice":"Card Removal","damage_taken":0,"max_hp_gain":0,"max_hp_loss":0,"event_name":"The Cleric","floor":7,"gold_loss":50},{"cards_removed":["Strike_R"],"damage_healed":0,"gold_gain":0,"player_choice":"Card Removal","damage_taken":7,"max_hp_gain":0,"max_hp_loss":0,"event_name":"Golden Wing","floor":12,"gold_loss":0},{"damage_healed":0,"gold_gain":0,"player_choice":"Obtained Book","damage_taken":16,"max_hp_gain":0,"max_hp_loss":0,"event_name":"Cursed Tome","floor":19,"gold_loss":0},{"damage_healed":0,"gold_gain":0,"player_choice":"Shed Blood","damage_taken":18,"max_hp_gain":5,"max_hp_loss":0,"event_name":"Forgotten Altar","floor":20,"gold_loss":0}],"is_beta":false,"boss_relics":[{"not_picked":["Runic Dome","Philosopher\u0027s Stone"],"picked":"Runic Pyramid"}],"items_purged_floors":[13],"is_endless":false,"potions_floor_spawned":[1,2,5,16,18],"killed_by":"Snecko","ascension_level":8}