{"gold_per_floor":[369,380,398,25,25,25,58,76,149,175,175,189,209,219,219,316,316,329,3,18,0,14,47,64,64,87,87,8,107,107,124,124,229,229,241,253,271,283,20,20,20,67,67,67,84,84,101,24,24,24],"floor_reached":51,"playtime":5504,"items_purged":["Strike_R","Armaments","Strike_R"],"score":710,"play_id":"176c7eb8-15a4-4922-8958-5446a93fbf25","local_time":"20190517141155","is_ascension_mode":true,"campfire_choices":[{"data":"Apotheosis","floor":6,"key":"SMITH"},{"data":"Shockwave","floor":11,"key":"SMITH"},{"floor":15,"key":"REST"},{"floor":25,"key":"REST"},{"floor":32,"key":"REST"},{"floor":40,"key":"REST"},{"floor":46,"key":"REST"},{"floor":49,"key":"REST"}],"neow_cost":"CURSE","seed_source_timestamp":3164304250273707,"circlet_count":0,"master_deck":["Defend_R","Defend_R","Defend_R","Defend_R","Bash","Parasite","Spot Weakness","Burning Pact","Apotheosis+1","Shockwave+1","Clothesline+1","Cleave","Combust","Ghostly Armor","Anger","Clothesline","Pummel+1","Demon Form","Flex","Pommel Strike","Shrug It Off","Twin Strike+1","Headbutt+1","Battle Trance","Warcry","Flame Barrier","Disarm","Bludgeon","Anger+1","Headbutt","Metallicize+1","Shrug It Off","Enlightenment","Shockwave","Anger","Seeing Red"],"relics":["Burning Blood","Torii","Shuriken","Red Skull","Odd Mushroom","Fusion Hammer","Blood Vial","Bottled Tornado","Whetstone","Bag of Preparation","Runic Pyramid","Magic Flower","Bird Faced Urn"],"potions_floor_usage":[16,38,38,38,42,50],"damage_taken":[{"damage":5,"enemies":"Jaw Worm","floor":1,"turns":4},{"damage":1,"enemies":"Cultist","floor":2,"turns":3},{"damage":0,"enemies":"2 Louse","floor":3,"turns":3},{"damage":41,"enemies":"3 Sentries","floor":7,"turns":6},{"damage":8,"enemies":"2 Fungi Beasts","floor":8,"turns":3},{"damage":30,"enemies":"Lagavulin","floor":10,"turns":6},{"damage":4,"enemies":"Blue Slaver","floor":12,"turns":4},{"damage":11,"enemies":"The Mushroom Lair","floor":13,"turns":4},{"damage":2,"enemies":"3 Louse","floor":14,"turns":2},{"damage":12,"enemies":"The Guardian","floor":16,"turns":8},{"damage":23,"enemies":"2 Thieves","floor":18,"turns":5},{"damage":2,"enemies":"Chosen","floor":20,"turns":4},{"damage":13,"enemies":"Centurion and Healer","floor":22,"turns":5},{"damage":29,"enemies":"Book of Stabbing","floor":23,"turns":5},{"damage":2,"enemies":"Cultist and Chosen","floor":24,"turns":4},{"damage":5,"enemies":"Snake Plant","floor":31,"turns":4},{"damage":55,"enemies":"Automaton","floor":33,"turns":7},{"damage":27,"enemies":"3 Darklings","floor":35,"turns":5},{"damage":22,"enemies":"3 Shapes","floor":36,"turns":5},{"damage":26,"enemies":"Jaw Worm Horde","floor":37,"turns":3},{"damage":25,"enemies":"Spire Growth","floor":38,"turns":4},{"damage":29,"enemies":"2 Orb Walkers","floor":42,"turns":5},{"damage":12,"enemies":"Writhing Mass","floor":45,"turns":6},{"damage":16,"enemies":"Jaw Worm Horde","floor":47,"turns":5},{"damage":60,"enemies":"Time Eater","floor":50,"turns":7}],"seed_played":"-3819566127939834810","potions_obtained":[{"floor":2,"key":"PowerPotion"},{"floor":3,"key":"Ancient Potion"},{"floor":16,"key":"Poison Potion"},{"floor":18,"key":"PowerPotion"},{"floor":22,"key":"Fire Potion"},{"floor":23,"key":"Energy Potion"},{"floor":38,"key":"SteroidPotion"}],"is_trial":false,"path_per_floor":["M","M","M","$","?","R","E","M","T","E","R","M","?","M","R","B",null,"M","$","M","?","M","E","M","R","T","?","$","?","?","M","R","B",null,"M","M","M","M","$","R","$","?","T","?","M","R","M","$","R","B",null],"character_chosen":"IRONCLAD","items_purchased":["Apotheosis","Shockwave","Clothesline","Pommel Strike","Blood Vial","Shrug It Off","Flame Barrier","Shrug It Off","Enlightenment","Regen Potion"],"campfire_rested":6,"item_purchase_floors":[4,4,4,19,19,19,28,39,39,48],"current_hp_per_floor":[80,80,80,80,80,80,45,43,43,19,19,21,16,20,44,38,80,63,63,69,69,64,43,49,73,73,73,73,73,73,76,80,31,80,59,45,27,10,10,34,34,13,13,13,19,43,48,48,72,51],"gold":24,"neow_bonus":"TWO_FIFTY_GOLD","is_prod":false,"is_daily":false,"chose_seed":false,"campfire_upgraded":2,"win_rate":0,"timestamp":1558116715,"path_taken":["M","M","M","$","?","R","E","M","T","E","R","?","?","M","R","BOSS","M","$","M","?","M","E","M","R","T","?","$","?","?","M","R","BOSS","M","M","M","M","$","R","$","?","T","?","M","R","?","?","R","BOSS"],"build_version":"2019-01-23","purchased_purges":3,"victory":true,"max_hp_per_floor":[80,80,80,80,80,80,80,80,80,80,80,80,80,80,80,80,80,80,80,80,80,80,80,80,80,80,80,80,80,80,80,80,80,80,80,80,80,80,80,80,80,80,80,80,80,80,80,80,80,80],"card_choices":[{"not_picked":["Havoc","Clothesline"],"picked":"Spot Weakness","floor":1},{"not_picked":["Clothesline","Body Slam"],"picked":"Burning Pact","floor":2},{"not_picked":["Clothesline","Iron Wave"],"picked":"Armaments","floor":3},{"not_picked":["Immolate","Clash","Sever Soul"],"picked":"SKIP","floor":7},{"not_picked":["Cleave","True Grit"],"picked":"Combust","floor":8},{"not_picked":["Wild Strike","Cleave"],"picked":"Ghostly Armor","floor":10},{"not_picked":["Iron Wave","Uppercut"],"picked":"Anger","floor":12},{"not_picked":["Sever Soul","Clash"],"picked":"Clothesline","floor":13},{"not_picked":["Rupture","Blood for Blood"],"picked":"Pummel","floor":14},{"not_picked":["Impervious","Fiend Fire"],"picked":"Demon Form","floor":16},{"not_picked":["Wild Strike","True Grit"],"picked":"Flex","floor":18},{"not_picked":["Flex","Perfected Strike"],"picked":"Twin Strike+1","floor":20},{"not_picked":["Feel No Pain+1","Whirlwind"],"picked":"Headbutt+1","floor":22},{"not_picked":["Heavy Blade","Juggernaut"],"picked":"Battle Trance","floor":23},{"not_picked":["Wild Strike","Clash"],"picked":"Warcry","floor":24},{"not_picked":["Headbutt","Sword Boomerang"],"picked":"Disarm","floor":31},{"not_picked":["Brutality","Impervious"],"picked":"Bludgeon","floor":33},{"not_picked":["Clash","Rampage"],"picked":"Anger+1","floor":35},{"not_picked":["Reckless Charge","Flex","Thunderclap+1"],"picked":"SKIP","floor":36},{"not_picked":["Disarm","True Grit+1"],"picked":"Headbutt","floor":37},{"not_picked":["Perfected Strike","Seeing Red"],"picked":"Metallicize+1","floor":38},{"not_picked":["Perfected Strike+1","Clash+1"],"picked":"Shockwave","floor":42},{"not_picked":["Pummel","Shockwave+1"],"picked":"Anger","floor":45},{"not_picked":["Cleave+1","Fire Breathing"],"picked":"Seeing Red","floor":47}],"player_experience":31567,"relics_obtained":[{"floor":7,"key":"Torii"},{"floor":9,"key":"Shuriken"},{"floor":10,"key":"Red Skull"},{"floor":13,"key":"Odd Mushroom"},{"floor":23,"key":"Bottled Tornado"},{"floor":26,"key":"Whetstone"},{"floor":42,"key":"Magic Flower"},{"floor":43,"key":"Bird Faced Urn"}],"event_choices":[{"damage_healed":0,"gold_gain":0,"cards_transformed":["Strike_R"],"player_choice":"Transformed","damage_taken":0,"max_hp_gain":0,"max_hp_loss":0,"event_name":"Transmorgrifier","floor":5,"gold_loss":0,"cards_obtained":["Cleave"]},{"damage_healed":0,"gold_gain":0,"player_choice":"Fought Mushrooms","damage_taken":0,"max_hp_gain":0,"max_hp_loss":0,"event_name":"Mushrooms","floor":13,"gold_loss":0},{"damage_healed":0,"gold_gain":0,"player_choice":"Paid Fearfully","damage_taken":0,"max_hp_gain":0,"max_hp_loss":0,"event_name":"Masked Bandits","floor":21,"gold_loss":18},{"damage_healed":0,"gold_gain":0,"player_choice":"Opened","damage_taken":0,"relics_obtained":["Bag of Preparation"],"max_hp_gain":0,"max_hp_loss":0,"event_name":"The Mausoleum","floor":27,"gold_loss":0},{"damage_healed":0,"gold_gain":99,"player_choice":"Stole From Cult","damage_taken":0,"max_hp_gain":0,"max_hp_loss":0,"event_name":"Nest","floor":29,"gold_loss":0},{"cards_removed":["Strike_R"],"damage_healed":0,"gold_gain":0,"player_choice":"Elegance","damage_taken":0,"max_hp_gain":0,"max_hp_loss":0,"event_name":"Back to Basics","floor":30,"gold_loss":0},{"damage_healed":0,"gold_gain":0,"player_choice":"Fight","damage_taken":0,"max_hp_gain":0,"max_hp_loss":0,"event_name":"Mysterious Sphere","floor":42,"gold_loss":0},{"cards_removed":["Strike_R"],"damage_healed":0,"gold_gain":0,"player_choice":"Purged","damage_taken":0,"max_hp_gain":0,"max_hp_loss":0,"event_name":"Purifier","floor":44,"gold_loss":0}],"is_beta":false,"boss_relics":[{"not_picked":["Black Blood","Philosopher\u0027s Stone"],"picked":"Fusion Hammer"},{"not_picked":["Sozu","Calling Bell"],"picked":"Runic Pyramid"}],"items_purged_floors":[4,19,39],"is_endless":false,"potions_floor_spawned":[2,3,16,18,22,23,31,36,37,38],"ascension_level":1}