{"gold_per_floor":[115,115,190,190,210,236,236,265,341,361,377,377,405,405,405,504,504,521,521,535,547,547,547,576,576,576,576,602,602,620,640,640,735,735,745,745,108,128,138,138,164,164,164,184,184,211,66,166,166,166],"floor_reached":51,"playtime":3448,"items_purged":[],"score":1251,"play_id":"40b65b15-2001-498b-83aa-a8d2a76e796e","local_time":"20190527071211","is_ascension_mode":true,"campfire_choices":[{"data":"Iron Wave","floor":7.0,"key":"SMITH"},{"data":"Corruption","floor":12.0,"key":"SMITH"},{"floor":15.0,"key":"REST"},{"data":"Bludgeon","floor":23.0,"key":"SMITH"},{"floor":25.0,"key":"REST"},{"data":"RitualDagger","floor":27.0,"key":"SMITH"},{"data":"Cleave","floor":32.0,"key":"SMITH"},{"data":"Feed","floor":40.0,"key":"SMITH"},{"data":"Pommel Strike","floor":42,"key":"SMITH"},{"data":"Pommel Strike","floor":45,"key":"SMITH"},{"data":"Pommel Strike","floor":49,"key":"SMITH"}],"neow_cost":"PERCENT_DAMAGE","seed_source_timestamp":41382678419093,"circlet_count":0,"master_deck":["Strike_R+1","Strike_R+1","Strike_R+1","Strike_R+1","Strike_R+1","Defend_R+1","Defend_R+1","Defend_R+1","Defend_R+1","Bash+1","Iron Wave+1","Feel No Pain","Wild Strike","Flame Barrier+1","Corruption+1","Dual Wield+1","Rage+1","Bludgeon+1","Pommel Strike+1","RitualDagger+1","Cleave+1","Feed+1","Headbutt","Doubt","Sword Boomerang+1","Ghostly+1","Ghostly+1","Ghostly+1","Ghostly+1","Ghostly+1","Havoc+1","Pommel Strike+1","Immolate+1","Perfected Strike+1","Disarm+1","Feel No Pain+1","Headbutt+1","Offering+1","Writhe","Shrug It Off+1","Shrug It Off+1","Flex+1","Pommel Strike+1","Disarm+1","Infernal Blade+1"],"special_seed":0,"relics":["Burning Blood","StoneCalendar","Anchor","Thread and Needle","Toxic Egg 2","Regal Pillow","Cursed Key","Ancient Tea Set","War Paint","Bag of Preparation","Lizard Tail","Blood Vial","Happy Flower","Frozen Eye","Calipers","Kunai","Dream Catcher","Dead Branch"],"potions_floor_usage":[50,50,50],"damage_taken":[{"damage":7.0,"enemies":"Small Slimes","floor":1.0,"turns":4.0},{"damage":3.0,"enemies":"2 Louse","floor":5.0,"turns":3.0},{"damage":27.0,"enemies":"Gremlin Nob","floor":6.0,"turns":4.0},{"damage":17.0,"enemies":"3 Sentries","floor":8.0,"turns":7.0},{"damage":0.0,"enemies":"Cultist","floor":10.0,"turns":3.0},{"damage":6.0,"enemies":"Exordium Thugs","floor":11.0,"turns":5.0},{"damage":40.0,"enemies":"Gremlin Nob","floor":13.0,"turns":5.0},{"damage":32.0,"enemies":"Slime Boss","floor":16.0,"turns":7.0},{"damage":0.0,"enemies":"3 Byrds","floor":18.0,"turns":4.0},{"damage":0.0,"enemies":"Spheric Guardian","floor":20.0,"turns":3.0},{"damage":5.0,"enemies":"Snake Plant","floor":21.0,"turns":3.0},{"damage":65.0,"enemies":"Gremlin Leader","floor":24.0,"turns":7.0},{"damage":17.0,"enemies":"Slavers","floor":28.0,"turns":7.0},{"damage":0.0,"enemies":"Shelled Parasite and Fungi","floor":30.0,"turns":5.0},{"damage":0.0,"enemies":"Centurion and Healer","floor":31.0,"turns":4.0},{"damage":22.0,"enemies":"Champ","floor":33.0,"turns":14.0},{"damage":0.0,"enemies":"3 Shapes","floor":35.0,"turns":6.0},{"damage":0.0,"enemies":"Orb Walker","floor":38.0,"turns":3.0},{"damage":0.0,"enemies":"4 Shapes","floor":39.0,"turns":7.0},{"damage":10,"enemies":"Reptomancer","floor":41,"turns":6},{"damage":1,"enemies":"Spire Growth","floor":44,"turns":4},{"damage":0,"enemies":"Nemesis","floor":46,"turns":8},{"damage":6,"enemies":"Mind Bloom Boss Battle","floor":48,"turns":6},{"damage":6,"enemies":"Awakened One","floor":50,"turns":8}],"seed_played":"7075292296962899982","potions_obtained":[{"floor":1.0,"key":"Energy Potion"},{"floor":6.0,"key":"Explosive Potion"},{"floor":10.0,"key":"EssenceOfSteel"},{"floor":13.0,"key":"AttackPotion"},{"floor":18.0,"key":"Energy Potion"},{"floor":20.0,"key":"SpeedPotion"},{"floor":28.0,"key":"Ancient Potion"}],"is_trial":false,"path_per_floor":["M","?","?","?","M","E","R","E","T","M","M","R","E","?","R","B",null,"M","?","M","M","?","R","E","R","T","R","E","?","M","M","R","B",null,"M","?","$","M","M","R","E","R","T","M","R","E","$","?","R","B",null],"character_chosen":"IRONCLAD","items_purchased":["Blood Vial","Happy Flower","Frozen Eye","Disarm+1","SteroidPotion","Flex+1","Pommel Strike","Disarm+1"],"campfire_rested":2,"item_purchase_floors":[37,37,37,37,37,47,47,47],"current_hp_per_floor":[50,50,39,65,68,47,47,36,36,42,42,42,8,8,47,21,65,71,65,71,72,72,72,13,52,52,52,41,40,43,43,43,30,42,49,49,49,49,49,49,45,45,45,49,49,49,49,49,49,49],"gold":166,"neow_bonus":"ONE_RARE_RELIC","is_prod":false,"is_daily":false,"chose_seed":false,"campfire_upgraded":9,"win_rate":1,"timestamp":1558905131,"path_taken":["M","?","?","?","M","E","R","E","T","M","M","R","E","?","R","BOSS","M","?","M","M","?","R","E","R","T","R","E","?","M","M","R","BOSS","M","?","$","M","?","R","E","R","T","M","R","E","$","?","R","BOSS"],"build_version":"2019-01-23","purchased_purges":0,"victory":true,"max_hp_per_floor":[80,80,80,80,80,80,80,80,80,80,80,80,80,80,80,80,80,80,80,80,80,80,80,80,80,80,80,80,40,43,43,43,46,46,49,49,49,49,49,49,49,49,49,49,49,49,49,49,49,49],"card_choices":[{"not_picked":["Rage","Headbutt"],"picked":"Iron Wave","floor":1.0},{"not_picked":["Sword Boomerang","Wild Strike"],"picked":"Feel No Pain","floor":5.0},{"not_picked":["Sever Soul","Hemokinesis"],"picked":"Wild Strike","floor":6.0},{"not_picked":["Thunderclap","Heavy Blade"],"picked":"Flame Barrier","floor":8.0},{"not_picked":["Ghostly Armor+1","Sword Boomerang"],"picked":"Corruption","floor":10.0},{"not_picked":["Body Slam","Seeing Red+1"],"picked":"Dual Wield+1","floor":11.0},{"not_picked":["Thunderclap","Evolve"],"picked":"Rage+1","floor":13.0},{"not_picked":["Reaper","Impervious+1"],"picked":"Bludgeon","floor":16.0},{"not_picked":["Clothesline","Whirlwind"],"picked":"Pommel Strike","floor":18.0},{"not_picked":["Iron Wave","Body Slam"],"picked":"Cleave","floor":20.0},{"not_picked":["Pommel Strike","Body Slam"],"picked":"Feed","floor":21.0},{"not_picked":["Clash","Iron Wave"],"picked":"Headbutt","floor":24.0},{"not_picked":["Pommel Strike","Seeing Red+1"],"picked":"Sword Boomerang+1","floor":28.0},{"not_picked":["Warcry+1","Sword Boomerang"],"picked":"Havoc+1","floor":30.0},{"not_picked":["Dual Wield+1","Wild Strike"],"picked":"Pommel Strike","floor":31.0},{"not_picked":["Fiend Fire","Brutality"],"picked":"Immolate","floor":33.0},{"not_picked":["Evolve","Headbutt"],"picked":"Perfected Strike+1","floor":35.0},{"not_picked":["Warcry+1","Blood for Blood+1"],"picked":"Feel No Pain+1","floor":38.0},{"not_picked":["Intimidate+1","Pummel"],"picked":"Headbutt+1","floor":39.0},{"not_picked":["Iron Wave","Warcry+1"],"picked":"Offering+1","floor":41},{"not_picked":["Disarm+1","Warcry+1"],"picked":"Shrug It Off+1","floor":44},{"not_picked":["Iron Wave+1","Rampage+1"],"picked":"Shrug It Off+1","floor":46},{"not_picked":["Armaments+1","Clothesline+1"],"picked":"Infernal Blade+1","floor":48}],"player_experience":24049,"relics_obtained":[{"floor":6.0,"key":"Anchor"},{"floor":8.0,"key":"Thread and Needle"},{"floor":9.0,"key":"Toxic Egg 2"},{"floor":13.0,"key":"Regal Pillow"},{"floor":24.0,"key":"Ancient Tea Set"},{"floor":26.0,"key":"War Paint"},{"floor":28.0,"key":"Bag of Preparation"},{"floor":41,"key":"Calipers"},{"floor":43,"key":"Kunai"},{"floor":46,"key":"Dream Catcher"},{"floor":48,"key":"Dead Branch"}],"event_choices":[{"damage_healed":0.0,"max_hp_gain":0.0,"max_hp_loss":0.0,"gold_gain":0.0,"event_name":"Living Wall","player_choice":"Grow","floor":2.0,"gold_loss":0.0,"damage_taken":0.0,"cards_upgraded":["Bash"]},{"damage_healed":0.0,"max_hp_gain":0.0,"max_hp_loss":0.0,"gold_gain":75.0,"event_name":"World of Goop","player_choice":"Gather Gold","floor":3.0,"gold_loss":0.0,"damage_taken":11.0},{"damage_healed":26.0,"max_hp_gain":0.0,"max_hp_loss":0.0,"gold_gain":0.0,"event_name":"Big Fish","player_choice":"Banana","floor":4.0,"gold_loss":0.0,"damage_taken":0.0},{"damage_healed":0.0,"max_hp_gain":0.0,"max_hp_loss":0.0,"gold_gain":0.0,"event_name":"Shining Light","player_choice":"Ignored","floor":14.0,"gold_loss":0.0,"damage_taken":0.0},{"damage_healed":0.0,"max_hp_gain":0.0,"max_hp_loss":0.0,"gold_gain":0.0,"event_name":"Nest","player_choice":"Joined the Cult","floor":19.0,"gold_loss":0.0,"damage_taken":6.0,"cards_obtained":["RitualDagger"]},{"damage_healed":0.0,"max_hp_gain":0.0,"max_hp_loss":0.0,"gold_gain":0.0,"event_name":"Back to Basics","player_choice":"Simplicity","floor":22.0,"gold_loss":0.0,"damage_taken":0.0,"cards_upgraded":["Strike_R","Strike_R","Strike_R","Strike_R","Strike_R","Defend_R","Defend_R","Defend_R","Defend_R"]},{"damage_healed":0.0,"max_hp_gain":0.0,"max_hp_loss":40.0,"gold_gain":0.0,"event_name":"Ghosts","player_choice":"Became a Ghost","floor":29.0,"gold_loss":0.0,"damage_taken":0.0,"cards_obtained":["Ghostly","Ghostly","Ghostly","Ghostly","Ghostly"]},{"damage_healed":0.0,"max_hp_gain":0.0,"max_hp_loss":0.0,"gold_gain":0.0,"event_name":"Accursed Blacksmith","player_choice":"Forge","floor":36.0,"gold_loss":0.0,"damage_taken":0.0,"cards_upgraded":["Immolate"]},{"damage_healed":0,"gold_gain":0,"player_choice":"Fight","damage_taken":0,"max_hp_gain":0,"max_hp_loss":0,"event_name":"MindBloom","floor":48,"gold_loss":0}],"is_beta":false,"boss_relics":[{"not_picked":["Astrolabe","Runic Cube"],"picked":"Cursed Key"},{"not_picked":["Fusion Hammer","Runic Pyramid"],"picked":"Lizard Tail"}],"items_purged_floors":[],"is_endless":false,"potions_floor_spawned":[1,6,10,13,18,20,28,30,35,44,46,48],"ascension_level":9}