{"gold_per_floor":[114,114,129,129,139,139,172,172,172,185,185,219,219,149,149,253,253,253,253,29,29,29,29,29,29,29,29,29,29,29,29,29,29,29,29,29,29,29,29,29,29,29,29,29,29,29,29,29,29,29],"floor_reached":51,"playtime":2451,"items_purged":[],"score":950,"play_id":"186a0cf0-dd69-490d-b182-ba3e0ef103e5","local_time":"20190526064717","is_ascension_mode":true,"campfire_choices":[{"data":"Metallicize","floor":6.0,"key":"SMITH"},{"data":"Hemokinesis","floor":11.0,"key":"SMITH"},{"data":"Inflame","floor":13,"key":"SMITH"},{"data":"Corruption","floor":15,"key":"SMITH"},{"data":"Pummel","floor":23,"key":"SMITH"},{"floor":30,"key":"REST"},{"floor":32,"key":"REST"},{"data":"Heavy Blade","floor":40,"key":"SMITH"},{"data":"Heavy Blade","floor":45,"key":"SMITH"},{"data":"Bash","floor":49,"key":"SMITH"}],"neow_cost":"NONE","seed_source_timestamp":57023547912704,"circlet_count":0,"master_deck":["Strike_R+1","Strike_R+1","Strike_R+1","Strike_R+1","Strike_R+1","Defend_R+1","Defend_R+1","Defend_R+1","Defend_R+1","Bash+1","Shrug It Off","Metallicize+1","Pommel Strike","Shockwave+1","Hemokinesis+1","Inflame+1","Corruption+1","Limit Break","Pummel+1","Feel No Pain","Twin Strike+1","Feel No Pain+1","RitualDagger+1","Heavy Blade+1","Heavy Blade+1","Twin Strike","Reaper","Twin Strike+1","Carnage+1","Flex+1","Perfected Strike+1","Disarm+1","Disarm+1","Parasite","Pummel+1","Shrug It Off+1"],"special_seed":0,"relics":["Burning Blood","Calipers","Bottled Flame","Kunai","Ectoplasm","Vajra","Sundial","Orichalcum","Whetstone","Runic Dome","Gambling Chip","Ornamental Fan","Dream Catcher","Toxic Egg 2"],"potions_floor_usage":[12,24,33,33,33,37,50],"damage_taken":[{"damage":6.0,"enemies":"Jaw Worm","floor":1.0,"turns":5.0},{"damage":1.0,"enemies":"Cultist","floor":3.0,"turns":3.0},{"damage":0.0,"enemies":"Small Slimes","floor":5.0,"turns":3.0},{"damage":26.0,"enemies":"3 Sentries","floor":7.0,"turns":11.0},{"damage":8.0,"enemies":"Exordium Thugs","floor":10.0,"turns":6.0},{"damage":13,"enemies":"Lagavulin","floor":12,"turns":7},{"damage":27,"enemies":"Slime Boss","floor":16,"turns":9},{"damage":21,"enemies":"Chosen","floor":18,"turns":5},{"damage":8,"enemies":"Shell Parasite","floor":19,"turns":4},{"damage":5,"enemies":"Centurion and Healer","floor":21,"turns":5},{"damage":23,"enemies":"Slavers","floor":24,"turns":5},{"damage":14,"enemies":"Gremlin Leader","floor":28,"turns":5},{"damage":17,"enemies":"Shelled Parasite and Fungi","floor":29,"turns":5},{"damage":24,"enemies":"Snake Plant","floor":31,"turns":4},{"damage":32,"enemies":"Champ","floor":33,"turns":6},{"damage":29,"enemies":"3 Darklings","floor":35,"turns":4},{"damage":3,"enemies":"Orb Walker","floor":36,"turns":2},{"damage":15,"enemies":"2 Orb Walkers","floor":37,"turns":3},{"damage":6,"enemies":"Transient","floor":39,"turns":5},{"damage":7,"enemies":"Giant Head","floor":41,"turns":5},{"damage":28,"enemies":"Writhing Mass","floor":44,"turns":4},{"damage":6,"enemies":"Jaw Worm Horde","floor":48,"turns":2},{"damage":55,"enemies":"Time Eater","floor":50,"turns":9}],"seed_played":"-3732912941213404388","potions_obtained":[{"floor":2.0,"key":"GamblersBrew"},{"floor":2.0,"key":"Fruit Juice"},{"floor":2.0,"key":"SteroidPotion"},{"floor":3.0,"key":"Regen Potion"},{"floor":5.0,"key":"FearPotion"},{"floor":7.0,"key":"Swift Potion"},{"floor":18,"key":"SteroidPotion"},{"floor":28,"key":"Dexterity Potion"},{"floor":33,"key":"Energy Potion"},{"floor":35,"key":"Fire Potion"},{"floor":36,"key":"BloodPotion"},{"floor":37,"key":"Regen Potion"}],"is_trial":false,"path_per_floor":["M","?","M","?","M","R","E","?","T","M","R","E","R","$","R","B",null,"M","M","$","M","?","R","E","?","T","$","E","M","R","M","R","B",null,"M","M","?","?","M","R","E","?","T","M","R","T","?","M","R","B",null],"character_chosen":"IRONCLAD","items_purchased":["Corruption","Feel No Pain","Vajra"],"campfire_rested":2,"item_purchase_floors":[14,20,20],"current_hp_per_floor":[80,85,90,95,98,98,93,93,93,91,91,84,84,84,84,63,89,74,72,72,73,73,73,56,50,50,50,42,31,60,42,71,45,85,84,87,87,87,98,98,98,98,98,85,85,85,85,85,85,51],"gold":29,"neow_bonus":"TEN_PERCENT_HP_BONUS","is_prod":false,"is_daily":false,"chose_seed":false,"campfire_upgraded":8,"win_rate":1,"timestamp":1558817237,"path_taken":["M","?","?","?","M","R","E","?","T","M","R","E","R","$","R","BOSS","M","M","$","M","?","R","E","?","T","$","E","M","R","M","R","BOSS","M","M","?","?","?","R","E","?","T","?","R","?","?","M","R","BOSS"],"build_version":"2019-01-23","purchased_purges":0,"victory":true,"max_hp_per_floor":[88,93,93,98,98,98,98,98,98,98,98,98,98,98,98,98,98,98,98,98,98,98,98,98,98,98,98,98,98,98,98,98,98,98,98,98,98,98,98,98,98,98,98,98,98,98,93,93,93,93],"card_choices":[{"not_picked":["Warcry","Clothesline"],"picked":"Shrug It Off","floor":1.0},{"not_picked":["True Grit","Reckless Charge"],"picked":"Metallicize","floor":3.0},{"not_picked":["Havoc","Anger"],"picked":"Pommel Strike","floor":5.0},{"not_picked":["Sentinel","Dark Embrace"],"picked":"Shockwave","floor":7.0},{"not_picked":["Iron Wave","Anger"],"picked":"Hemokinesis","floor":10.0},{"not_picked":["Combust","Thunderclap"],"picked":"Inflame","floor":12},{"not_picked":["Impervious","Juggernaut"],"picked":"Limit Break","floor":16},{"not_picked":["Rampage","Ghostly Armor"],"picked":"Pummel","floor":18},{"not_picked":["Entrench","Blood for Blood","Anger"],"picked":"SKIP","floor":19},{"not_picked":["Clash","Cleave"],"picked":"Twin Strike","floor":21},{"not_picked":["Rage","Corruption"],"picked":"Feel No Pain+1","floor":24},{"not_picked":["Clash","Metallicize"],"picked":"Heavy Blade","floor":28},{"not_picked":["Havoc+1","Body Slam+1"],"picked":"Heavy Blade","floor":29},{"not_picked":["Intimidate+1","Sentinel"],"picked":"Twin Strike","floor":31},{"not_picked":["Berserk","Immolate"],"picked":"Reaper","floor":33},{"not_picked":["Thunderclap+1","True Grit"],"picked":"Twin Strike+1","floor":35},{"not_picked":["Entrench","Intimidate"],"picked":"Carnage+1","floor":36},{"not_picked":["Battle Trance","Havoc"],"picked":"Flex+1","floor":37},{"not_picked":["Clothesline","True Grit+1"],"picked":"Perfected Strike+1","floor":39},{"not_picked":["Reaper","Shockwave+1"],"picked":"Disarm+1","floor":41},{"not_picked":["Shrug It Off+1","Pommel Strike+1"],"picked":"Pummel+1","floor":44},{"not_picked":["Armaments+1","Sever Soul+1"],"picked":"Shrug It Off+1","floor":48}],"player_experience":16403,"relics_obtained":[{"floor":7.0,"key":"Calipers"},{"floor":9.0,"key":"Bottled Flame"},{"floor":12,"key":"Kunai"},{"floor":24,"key":"Sundial"},{"floor":26,"key":"Orichalcum"},{"floor":28,"key":"Whetstone"},{"floor":37,"key":"Gambling Chip"},{"floor":41,"key":"Ornamental Fan"},{"floor":43,"key":"Dream Catcher"},{"floor":46,"key":"Toxic Egg 2"}],"event_choices":[{"damage_healed":0.0,"max_hp_gain":0.0,"max_hp_loss":0.0,"gold_gain":0.0,"event_name":"Lab","player_choice":"Got Potions","floor":2.0,"gold_loss":0.0,"damage_taken":0.0},{"damage_healed":0.0,"max_hp_gain":5.0,"max_hp_loss":0.0,"gold_gain":0.0,"event_name":"Big Fish","player_choice":"Donut","floor":4.0,"gold_loss":0.0,"damage_taken":0.0},{"damage_healed":0.0,"max_hp_gain":0.0,"max_hp_loss":0.0,"gold_gain":0.0,"event_name":"Accursed Blacksmith","player_choice":"Forge","floor":8.0,"gold_loss":0.0,"damage_taken":0.0,"cards_upgraded":["Shockwave"]},{"damage_healed":0,"gold_gain":0,"player_choice":"Simplicity","damage_taken":0,"max_hp_gain":0,"max_hp_loss":0,"event_name":"Back to Basics","floor":22,"gold_loss":0,"cards_upgraded":["Strike_R","Strike_R","Strike_R","Strike_R","Strike_R","Defend_R","Defend_R","Defend_R","Defend_R"]},{"damage_healed":0,"gold_gain":0,"player_choice":"Joined the Cult","damage_taken":6,"max_hp_gain":0,"max_hp_loss":0,"event_name":"Nest","floor":25,"gold_loss":0,"cards_obtained":["RitualDagger"]},{"damage_healed":0,"gold_gain":0,"player_choice":"Fight","damage_taken":0,"max_hp_gain":0,"max_hp_loss":0,"event_name":"Mysterious Sphere","floor":37,"gold_loss":0},{"damage_healed":0,"gold_gain":100,"player_choice":"Pray","damage_taken":0,"max_hp_gain":0,"max_hp_loss":0,"event_name":"Golden Shrine","floor":38,"gold_loss":0},{"damage_healed":0,"gold_gain":0,"player_choice":"Copied","damage_taken":0,"max_hp_gain":0,"max_hp_loss":0,"event_name":"Duplicator","floor":42,"gold_loss":0,"cards_obtained":["Disarm"]},{"damage_healed":0,"gold_gain":0,"player_choice":"Max HP","damage_taken":0,"max_hp_gain":0,"max_hp_loss":5,"event_name":"Winding Halls","floor":47,"gold_loss":0}],"is_beta":false,"boss_relics":[{"not_picked":["Runic Pyramid","Tiny House"],"picked":"Ectoplasm"},{"not_picked":["Philosopher\u0027s Stone","Black Star"],"picked":"Runic Dome"}],"items_purged_floors":[],"is_endless":false,"potions_floor_spawned":[3,5,7,10,18,19,28,29,33,35,36,37],"ascension_level":6}