{"gold_per_floor":[109,126,139,149,5,31,31,46,93,93,93,111,146,96,96,224,224,237,237,39,55,105,105,139,155,206,272,296,396,429,444,444,444],"floor_reached":33,"playtime":1929,"items_purged":["Strike_R"],"score":479,"play_id":"de5feb21-d405-44fe-8412-cd38c0969ca7","local_time":"20190529210219","is_ascension_mode":true,"campfire_choices":[{"data":"Havoc","floor":7.0,"key":"SMITH"},{"data":"Armaments","floor":11.0,"key":"SMITH"},{"data":"Juggernaut","floor":15.0,"key":"SMITH"},{"data":"Metallicize","floor":23.0,"key":"SMITH"},{"data":"Metallicize","floor":32,"key":"SMITH"}],"neow_cost":"NONE","seed_source_timestamp":0,"circlet_count":0,"master_deck":["Strike_R","Strike_R","Strike_R","Defend_R","Defend_R","Defend_R","Defend_R","Bash","Twin Strike","Armaments+1","Disarm","Metallicize+1","Cleave","Havoc+1","Heavy Blade","Injury","Whirlwind","Juggernaut+1","Exhume","Twin Strike","Bludgeon","Flame Barrier+1","Battle Trance","Cleave+1","Metallicize","Metallicize+1","Shrug It Off","Body Slam"],"special_seed":0,"relics":["Burning Blood","Bronze Scales","Letter Opener","Smiling Mask","Golden Idol","Pantograph","Velvet Choker","Orichalcum","Art of War","Tiny Chest","Happy Flower"],"potions_floor_usage":[27,28,30,31,33],"damage_taken":[{"damage":19.0,"enemies":"Jaw Worm","floor":1.0,"turns":5.0},{"damage":11.0,"enemies":"2 Louse","floor":2.0,"turns":3.0},{"damage":1.0,"enemies":"Cultist","floor":3.0,"turns":3.0},{"damage":14.0,"enemies":"Large Slime","floor":4.0,"turns":7.0},{"damage":11.0,"enemies":"3 Sentries","floor":6.0,"turns":8.0},{"damage":0.0,"enemies":"Gremlin Gang","floor":8.0,"turns":3.0},{"damage":7.0,"enemies":"2 Fungi Beasts","floor":12.0,"turns":3.0},{"damage":24.0,"enemies":"Gremlin Nob","floor":13.0,"turns":5.0},{"damage":33.0,"enemies":"Hexaghost","floor":16.0,"turns":9.0},{"damage":10.0,"enemies":"Spheric Guardian","floor":18.0,"turns":3.0},{"damage":14.0,"enemies":"Shell Parasite","floor":21.0,"turns":5.0},{"damage":40.0,"enemies":"Book of Stabbing","floor":24.0,"turns":5.0},{"damage":3.0,"enemies":"Centurion and Healer","floor":25.0,"turns":6.0},{"damage":0,"enemies":"Gremlin Leader","floor":27,"turns":4},{"damage":14,"enemies":"Snake Plant","floor":28,"turns":3},{"damage":13,"enemies":"Book of Stabbing","floor":30,"turns":6},{"damage":10,"enemies":"Cultist and Chosen","floor":31,"turns":7},{"damage":49,"enemies":"Collector","floor":33,"turns":9}],"seed_played":"7453105733141231340","potions_obtained":[{"floor":2.0,"key":"Fruit Juice"},{"floor":4.0,"key":"Weak Potion"},{"floor":8.0,"key":"SpeedPotion"},{"floor":12.0,"key":"Energy Potion"},{"floor":13.0,"key":"SpeedPotion"},{"floor":21.0,"key":"Explosive Potion"},{"floor":27,"key":"GamblersBrew"},{"floor":30,"key":"Weak Potion"},{"floor":31,"key":"AttackPotion"}],"is_trial":false,"path_per_floor":["M","M","M","M","$","E","R","M","T","?","R","M","E","?","R","B",null,"M","?","$","M","?","R","E","M","T","E","M","?","E","M","R","B"],"character_chosen":"IRONCLAD","items_purchased":["Bronze Scales","Bludgeon"],"campfire_rested":0,"item_purchase_floors":[5,20],"current_hp_per_floor":[59,59,64,56,56,51,51,57,57,57,57,56,38,38,38,36,73,69,69,69,61,61,61,27,30,30,36,28,28,21,17,17,0],"gold":444,"neow_bonus":"THREE_CARDS","is_prod":false,"is_daily":false,"chose_seed":false,"campfire_upgraded":5,"win_rate":0,"timestamp":1559178139,"path_taken":["M","M","M","M","$","E","R","M","T","?","R","M","E","?","R","BOSS","M","?","$","M","?","R","E","M","T","E","?","?","E","?","R","BOSS"],"build_version":"2019-01-23","purchased_purges":1,"victory":false,"max_hp_per_floor":[80,85,85,85,85,85,85,85,85,85,85,85,85,85,85,85,85,85,85,85,85,85,85,85,85,85,85,85,85,85,85,85,85],"card_choices":[{"not_picked":["Body Slam","Armaments"],"picked":"Twin Strike","floor":0.0},{"not_picked":["Twin Strike","Burning Pact"],"picked":"Armaments","floor":1.0},{"not_picked":["Sentinel","True Grit"],"picked":"Disarm","floor":2.0},{"not_picked":["Havoc","Reaper"],"picked":"Metallicize","floor":3.0},{"not_picked":["Clothesline","Heavy Blade"],"picked":"Cleave","floor":4.0},{"not_picked":["Warcry","Headbutt"],"picked":"Havoc","floor":6.0},{"not_picked":["Reckless Charge","Thunderclap"],"picked":"Heavy Blade","floor":8.0},{"not_picked":["Headbutt","Heavy Blade"],"picked":"Whirlwind","floor":12.0},{"not_picked":["Intimidate","Limit Break"],"picked":"Juggernaut","floor":13.0},{"not_picked":["Fiend Fire","Brutality"],"picked":"Exhume","floor":16.0},{"not_picked":["Warcry","Power Through"],"picked":"Twin Strike","floor":18.0},{"not_picked":["True Grit","Second Wind"],"picked":"Flame Barrier+1","floor":21.0},{"not_picked":["Havoc","Reckless Charge+1"],"picked":"Battle Trance","floor":24.0},{"not_picked":["Armaments","Perfected Strike"],"picked":"Cleave+1","floor":25.0},{"not_picked":["Havoc+1","Sword Boomerang+1"],"picked":"Metallicize","floor":27},{"not_picked":["Havoc+1","Heavy Blade+1"],"picked":"Metallicize","floor":28},{"not_picked":["Anger","Offering"],"picked":"Shrug It Off","floor":30},{"not_picked":["Twin Strike","Infernal Blade+1"],"picked":"Body Slam","floor":31}],"player_experience":174819,"relics_obtained":[{"floor":6.0,"key":"Letter Opener"},{"floor":9.0,"key":"Smiling Mask"},{"floor":13.0,"key":"Pantograph"},{"floor":24.0,"key":"Orichalcum"},{"floor":26.0,"key":"Art of War"},{"floor":27,"key":"Tiny Chest"},{"floor":30,"key":"Happy Flower"}],"event_choices":[{"damage_healed":0.0,"max_hp_gain":0.0,"max_hp_loss":0.0,"gold_gain":0.0,"event_name":"Golden Idol","player_choice":"Take Wound","floor":10.0,"gold_loss":0.0,"damage_taken":0.0,"relics_obtained":["Golden Idol"],"cards_obtained":["Injury"]},{"cards_removed":["Strike_R"],"damage_healed":0.0,"max_hp_gain":0.0,"max_hp_loss":0.0,"gold_gain":0.0,"event_name":"The Cleric","player_choice":"Card Removal","floor":14.0,"gold_loss":50.0,"damage_taken":0.0},{"damage_healed":0.0,"max_hp_gain":0.0,"max_hp_loss":0.0,"gold_gain":0.0,"event_name":"Vampires","player_choice":"Ignored","floor":19.0,"gold_loss":0.0,"damage_taken":0.0},{"damage_healed":0.0,"max_hp_gain":0.0,"max_hp_loss":0.0,"gold_gain":100.0,"event_name":"The Joust","player_choice":"Bet on Murderer","floor":22.0,"gold_loss":50.0,"damage_taken":0.0},{"damage_healed":0,"gold_gain":100,"player_choice":"Pray","damage_taken":0,"max_hp_gain":0,"max_hp_loss":0,"event_name":"Golden Shrine","floor":29,"gold_loss":0}],"is_beta":false,"boss_relics":[{"not_picked":["Black Blood","Lizard Tail"],"picked":"Velvet Choker"}],"items_purged_floors":[20],"is_endless":false,"potions_floor_spawned":[2,4,8,12,13,21,27,30,31],"killed_by":"Collector","ascension_level":8}