{"gold_per_floor":[113,113,130,130,130,165,165,192,192,212,272,272,92,118,118,221,221,239,239,338,352,27,52,68,99,172,190,190,206,206,206,206,311,311,329,345,345,245,245,245,278,9,9,44,56,81,142,0,12,24],"floor_reached":51,"playtime":5739,"items_purged":["Strike_R","Normality","Regret"],"score":892,"play_id":"dbd40866-f58b-46b5-b12a-7ee17768b185","local_time":"20190518001643","is_ascension_mode":true,"campfire_choices":[{"data":"Body Slam","floor":12.0,"key":"SMITH"},{"data":"Armaments","floor":15.0,"key":"SMITH"},{"data":"Feed","floor":32,"key":"SMITH"},{"data":"Demon Form","floor":40,"key":"SMITH"},{"data":"Writhe","floor":45,"key":"PURGE"},{"floor":49,"key":"REST"}],"neow_cost":"NONE","seed_source_timestamp":3200217344400409,"circlet_count":0,"master_deck":["Strike_R+1","Strike_R+1","Defend_R+1","Defend_R+1","Defend_R+1","Defend_R+1","Bash","Sword Boomerang+1","Body Slam+1","Twin Strike","Pommel Strike","Battle Trance","Armaments+1","Body Slam+1","Anger","Battle Trance","Uppercut","Feed+1","Metallicize+1","Shame","Headbutt","Whirlwind","Limit Break+1","Shrug It Off","Rampage","Shrug It Off+1","Demon Form+1","Warcry","Cleave+1","Swift Strike","Pommel Strike+1","Rage+1","Rage"],"special_seed":0,"relics":["Burning Blood","Self Forming Clay","Mercury Hourglass","Juzu Bracelet","Darkstone Periapt","Whetstone","Peace Pipe","Mark of Pain","Anchor","Bottled Tornado","Ancient Tea Set","Pantograph","Meat on the Bone","GremlinMask","Calling Bell","Omamori","Mummified Hand","Champion Belt","StoneCalendar","Membership Card","Ornamental Fan","MawBank","FossilizedHelix","Red Mask"],"potions_floor_usage":[24,33,33,41,41],"damage_taken":[{"damage":8.0,"enemies":"2 Louse","floor":1.0,"turns":3.0},{"damage":0.0,"enemies":"Small Slimes","floor":3.0,"turns":3.0},{"damage":27.0,"enemies":"Lagavulin","floor":6.0,"turns":7.0},{"damage":24.0,"enemies":"3 Sentries","floor":8.0,"turns":7.0},{"damage":0.0,"enemies":"Cultist","floor":10.0,"turns":2.0},{"damage":29.0,"enemies":"Lagavulin Event","floor":11.0,"turns":4.0},{"damage":22.0,"enemies":"Lagavulin","floor":14.0,"turns":5.0},{"damage":4.0,"enemies":"Hexaghost","floor":16.0,"turns":7.0},{"damage":16.0,"enemies":"Chosen","floor":18.0,"turns":5.0},{"damage":0,"enemies":"3 Byrds","floor":21,"turns":4},{"damage":36,"enemies":"Book of Stabbing","floor":23,"turns":5},{"damage":24,"enemies":"Snake Plant","floor":24,"turns":5},{"damage":13,"enemies":"Gremlin Leader","floor":25,"turns":6},{"damage":0,"enemies":"Cultist and Chosen","floor":27,"turns":3},{"damage":6,"enemies":"3 Cultists","floor":29,"turns":4},{"damage":57,"enemies":"Champ","floor":33,"turns":12},{"damage":42,"enemies":"3 Shapes","floor":35,"turns":6},{"damage":7,"enemies":"Orb Walker","floor":36,"turns":4},{"damage":0,"enemies":"Reptomancer","floor":41,"turns":5},{"damage":53,"enemies":"Giant Head","floor":44,"turns":7},{"damage":4,"enemies":"Transient","floor":46,"turns":5},{"damage":90,"enemies":"2 Orb Walkers","floor":47,"turns":7},{"damage":45,"enemies":"Time Eater","floor":50,"turns":9}],"seed_played":"-1079727780246863078","potions_obtained":[{"floor":3.0,"key":"PowerPotion"},{"floor":8.0,"key":"SteroidPotion"},{"floor":10.0,"key":"Fire Potion"},{"floor":14.0,"key":"FairyPotion"},{"floor":16.0,"key":"Fire Potion"},{"floor":21,"key":"BloodPotion"},{"floor":27,"key":"Swift Potion"},{"floor":29,"key":"SkillPotion"},{"floor":33,"key":"LiquidBronze"},{"floor":36,"key":"EssenceOfSteel"},{"floor":47,"key":"Energy Potion"}],"is_trial":false,"path_per_floor":["M","?","M","?","?","E","?","E","T","M","?","R","$","E","R","B",null,"M","?","?","M","$","E","M","E","T","M","?","M","?","?","R","B",null,"M","M","?","$","?","R","E","$","T","E","R","M","?","?","R","B",null],"character_chosen":"IRONCLAD","items_purchased":["Anger","Battle Trance","Bottled Tornado","Whirlwind","Membership Card"],"campfire_rested":1,"item_purchase_floors":[13,13,22,22,42],"current_hp_per_floor":[86,86,88,93,90,69,69,51,51,57,34,34,34,18,18,20,93,86,92,92,101,101,71,63,56,56,65,65,65,65,65,65,55,130,98,101,101,101,101,101,107,107,107,72,72,86,32,32,74,72],"gold":36,"neow_bonus":"TEN_PERCENT_HP_BONUS","is_prod":false,"is_daily":false,"chose_seed":false,"campfire_upgraded":4,"win_rate":0,"timestamp":1558153003,"path_taken":["M","?","M","?","?","E","?","E","T","M","?","R","$","E","R","BOSS","M","?","?","M","$","E","M","E","T","M","?","M","?","?","R","BOSS","M","M","?","$","?","R","E","$","T","E","R","M","?","?","R","BOSS"],"build_version":"2019-01-23","purchased_purges":3,"victory":true,"max_hp_per_floor":[88,88,88,93,93,93,93,93,93,93,93,93,93,93,93,93,93,96,102,102,105,105,105,105,105,105,108,108,108,108,108,108,112,130,134,138,138,138,138,138,138,138,138,138,138,138,142,142,142,142],"card_choices":[{"not_picked":["Perfected Strike","Sentinel"],"picked":"Sword Boomerang","floor":1.0},{"not_picked":["Sword Boomerang","Warcry"],"picked":"Twin Strike","floor":3.0},{"not_picked":["Feel No Pain","Havoc"],"picked":"Pommel Strike","floor":6.0},{"not_picked":["Body Slam","Sever Soul"],"picked":"Battle Trance","floor":8.0},{"not_picked":["Iron Wave","Evolve"],"picked":"Armaments","floor":10.0},{"not_picked":["Clash","Second Wind"],"picked":"Body Slam","floor":11.0},{"not_picked":["Wild Strike","Blood for Blood"],"picked":"Uppercut","floor":14.0},{"not_picked":["Juggernaut","Impervious"],"picked":"Feed","floor":16.0},{"not_picked":["Cleave","Body Slam+1"],"picked":"Metallicize","floor":18.0},{"not_picked":["Warcry","Clash+1"],"picked":"Headbutt","floor":21},{"not_picked":["Armaments","Headbutt"],"picked":"Limit Break","floor":23},{"not_picked":["Seeing Red","Flex"],"picked":"Shrug It Off","floor":24},{"not_picked":["Whirlwind","Berserk"],"picked":"Rampage","floor":25},{"not_picked":["Fire Breathing","Body Slam+1"],"picked":"Shrug It Off+1","floor":27},{"not_picked":["True Grit","Heavy Blade+1","Armaments"],"picked":"SKIP","floor":29},{"not_picked":["Limit Break","Brutality"],"picked":"Demon Form","floor":33},{"not_picked":["Headbutt","Second Wind"],"picked":"Warcry","floor":35},{"not_picked":["Thunderclap+1","Havoc"],"picked":"Cleave+1","floor":36},{"not_picked":["Purity","Trip"],"picked":"Swift Strike","floor":37},{"not_picked":["Sentinel+1","Havoc+1","Perfected Strike+1"],"picked":"SKIP","floor":41},{"not_picked":["Seeing Red+1","Entrench"],"picked":"Pommel Strike+1","floor":44},{"not_picked":["Second Wind+1","Clothesline"],"picked":"Rage+1","floor":46},{"not_picked":["Seeing Red","Cleave"],"picked":"Rage","floor":47}],"player_experience":48098,"relics_obtained":[{"floor":6.0,"key":"Mercury Hourglass"},{"floor":8.0,"key":"Juzu Bracelet"},{"floor":9.0,"key":"Darkstone Periapt"},{"floor":11.0,"key":"Whetstone"},{"floor":14.0,"key":"Peace Pipe"},{"floor":23,"key":"Ancient Tea Set"},{"floor":25,"key":"Pantograph"},{"floor":26,"key":"Meat on the Bone"},{"floor":34,"key":"Omamori"},{"floor":34,"key":"Mummified Hand"},{"floor":34,"key":"Champion Belt"},{"floor":41,"key":"StoneCalendar"},{"floor":43,"key":"Ornamental Fan"},{"floor":44,"key":"MawBank"},{"floor":47,"key":"FossilizedHelix"}],"event_choices":[{"damage_healed":0.0,"max_hp_gain":0.0,"max_hp_loss":0.0,"gold_gain":0.0,"cards_transformed":["Strike_R"],"event_name":"Living Wall","player_choice":"Change","floor":2.0,"gold_loss":0.0,"damage_taken":0.0,"cards_obtained":["Body Slam"]},{"damage_healed":0.0,"max_hp_gain":5.0,"max_hp_loss":0.0,"gold_gain":0.0,"event_name":"Big Fish","player_choice":"Donut","floor":4.0,"gold_loss":0.0,"damage_taken":0.0},{"damage_healed":0.0,"max_hp_gain":0.0,"max_hp_loss":0.0,"gold_gain":0.0,"event_name":"Scrap Ooze","player_choice":"Success","floor":5.0,"gold_loss":0.0,"damage_taken":3.0,"relics_obtained":["Self Forming Clay"]},{"cards_removed":["Strike_R"],"damage_healed":0.0,"max_hp_gain":0.0,"max_hp_loss":0.0,"gold_gain":0.0,"event_name":"Purifier","player_choice":"Purged","floor":7.0,"gold_loss":0.0,"damage_taken":0.0},{"damage_healed":0.0,"max_hp_gain":0.0,"max_hp_loss":0.0,"gold_gain":0.0,"event_name":"Dead Adventurer","player_choice":"Searched \u00272\u0027 times","floor":11.0,"gold_loss":0.0,"damage_taken":0.0},{"damage_healed":0.0,"max_hp_gain":0.0,"max_hp_loss":0.0,"gold_gain":0.0,"event_name":"Addict","player_choice":"Stole Relic","floor":19.0,"gold_loss":0.0,"damage_taken":0.0,"relics_obtained":["Anchor"],"cards_obtained":["Shame"]},{"damage_healed":0.0,"max_hp_gain":0.0,"max_hp_loss":0.0,"gold_gain":99.0,"event_name":"Nest","player_choice":"Stole From Cult","floor":20.0,"gold_loss":0.0,"damage_taken":0.0},{"damage_healed":0,"gold_gain":0,"player_choice":"Forge","damage_taken":0,"max_hp_gain":0,"max_hp_loss":0,"event_name":"Accursed Blacksmith","floor":28,"gold_loss":0,"cards_upgraded":["Metallicize"]},{"damage_healed":0,"gold_gain":0,"player_choice":"Simplicity","damage_taken":0,"max_hp_gain":0,"max_hp_loss":0,"event_name":"Back to Basics","floor":30,"gold_loss":0,"cards_upgraded":["Strike_R","Strike_R","Defend_R","Defend_R","Defend_R","Defend_R"]},{"damage_healed":0,"gold_gain":0,"player_choice":"Trade","damage_taken":0,"relics_obtained":["GremlinMask"],"max_hp_gain":0,"max_hp_loss":0,"event_name":"FaceTrader","floor":31,"gold_loss":0},{"damage_healed":0,"gold_gain":0,"player_choice":"Memory 1","damage_taken":0,"max_hp_gain":0,"max_hp_loss":0,"event_name":"SensoryStone","floor":37,"gold_loss":0},{"damage_healed":0,"gold_gain":0,"player_choice":"Upgraded","damage_taken":0,"max_hp_gain":0,"max_hp_loss":0,"event_name":"Upgrade Shrine","floor":39,"gold_loss":0,"cards_upgraded":["Limit Break"]},{"damage_healed":0,"gold_gain":0,"player_choice":"Fight","damage_taken":0,"max_hp_gain":0,"max_hp_loss":0,"event_name":"Mysterious Sphere","floor":47,"gold_loss":0},{"damage_healed":0,"gold_gain":0,"player_choice":"Paid","damage_taken":0,"relics_obtained":["Red Mask"],"max_hp_gain":0,"max_hp_loss":0,"event_name":"Tomb of Lord Red Mask","floor":48,"gold_loss":154}],"is_beta":false,"boss_relics":[{"not_picked":["Philosopher\u0027s Stone","Runic Dome"],"picked":"Mark of Pain"},{"not_picked":["Eternal Feather","Velvet Choker"],"picked":"Calling Bell"}],"items_purged_floors":[13,38,42],"is_endless":false,"potions_floor_spawned":[3,8,10,14,16,21,27,29,33,36,47],"ascension_level":3}