{"gold_per_floor":[116,131,206,225,245,245,273,291,291,291,306,306,306,336,336,436,436,455,455,53,70,89,114,114,114,140,140,140,150,150,160,160,258,258,275,151,167,24,38,38,51,67,119,0,12,43,55,78,90,102],"floor_reached":51,"playtime":2137,"items_purged":[],"score":1092,"play_id":"10d68edc-d8c3-4a84-90d0-49ed9704af50","local_time":"20190528055712","is_ascension_mode":true,"campfire_choices":[{"data":"Perfected Strike","floor":6.0,"key":"SMITH"},{"data":"Perfected Strike","floor":10.0,"key":"SMITH"},{"data":"Perfected Strike","floor":13.0,"key":"SMITH"},{"data":"Bash","floor":15.0,"key":"SMITH"},{"data":"Immolate","floor":25.0,"key":"SMITH"},{"data":"Inflame","floor":28.0,"key":"SMITH"},{"data":"Pummel","floor":30.0,"key":"SMITH"},{"data":"Demon Form","floor":32.0,"key":"SMITH"},{"data":"Sword Boomerang","floor":40.0,"key":"SMITH"},{"data":"Disarm","floor":47,"key":"SMITH"},{"data":"Power Through","floor":49,"key":"SMITH"}],"neow_cost":"PERCENT_DAMAGE","seed_source_timestamp":124699847654153,"circlet_count":0,"master_deck":["AscendersBane","Strike_R+1","Strike_R+1","Strike_R+1","Strike_R+1","Strike_R+1","Defend_R+1","Defend_R+1","Defend_R+1","Defend_R+1","Bash+1","Feel No Pain","Perfected Strike+1","Perfected Strike+1","Spot Weakness","Perfected Strike+1","Power Through+1","Thunderclap+1","Limit Break","Demon Form+1","Pummel+1","Heavy Blade+1","Inflame+1","Immolate+1","True Grit+1","Twin Strike+1","Impervious","Heavy Blade+1","Sword Boomerang+1","Disarm+1","Shrug It Off+1","Uppercut+1"],"special_seed":0,"relics":["Burning Blood","Darkstone Periapt","Shuriken","Ornamental Fan","Coffee Dripper","Vajra","Dodecahedron","Mummified Hand","Pen Nib","Busted Crown","Whetstone","MawBank","Red Mask"],"potions_floor_usage":[42,46,50],"damage_taken":[{"damage":0.0,"enemies":"2 Louse","floor":1.0,"turns":3.0},{"damage":2.0,"enemies":"Jaw Worm","floor":2.0,"turns":3.0},{"damage":1.0,"enemies":"Cultist","floor":4.0,"turns":3.0},{"damage":12.0,"enemies":"Looter","floor":5.0,"turns":4.0},{"damage":30.0,"enemies":"Gremlin Nob","floor":7.0,"turns":4.0},{"damage":8.0,"enemies":"Blue Slaver","floor":8.0,"turns":2.0},{"damage":0.0,"enemies":"Large Slime","floor":11.0,"turns":4.0},{"damage":10.0,"enemies":"3 Sentries","floor":14.0,"turns":6.0},{"damage":46.0,"enemies":"Hexaghost","floor":16.0,"turns":7.0},{"damage":6.0,"enemies":"Spheric Guardian","floor":18.0,"turns":3.0},{"damage":0.0,"enemies":"2 Thieves","floor":21.0,"turns":3.0},{"damage":4.0,"enemies":"Centurion and Healer","floor":22.0,"turns":4.0},{"damage":17.0,"enemies":"Slavers","floor":23.0,"turns":4.0},{"damage":0.0,"enemies":"Snake Plant","floor":29.0,"turns":2.0},{"damage":0.0,"enemies":"Snecko","floor":31.0,"turns":3.0},{"damage":26.0,"enemies":"Collector","floor":33.0,"turns":6.0},{"damage":0.0,"enemies":"Orb Walker","floor":35.0,"turns":2.0},{"damage":6.0,"enemies":"3 Darklings","floor":37.0,"turns":3.0},{"damage":0.0,"enemies":"Jaw Worm Horde","floor":39.0,"turns":2.0},{"damage":6,"enemies":"Maw","floor":41,"turns":5},{"damage":0,"enemies":"3 Darklings","floor":42,"turns":3},{"damage":15,"enemies":"4 Shapes","floor":46,"turns":3},{"damage":2,"enemies":"Writhing Mass","floor":48,"turns":4},{"damage":74,"enemies":"Awakened One","floor":50,"turns":8}],"seed_played":"9168598932971324444","potions_obtained":[{"floor":1.0,"key":"SteroidPotion"},{"floor":8.0,"key":"Weak Potion"},{"floor":11.0,"key":"SkillPotion"},{"floor":14.0,"key":"Energy Potion"},{"floor":16.0,"key":"SkillPotion"},{"floor":18.0,"key":"AttackPotion"},{"floor":23.0,"key":"BloodPotion"},{"floor":35.0,"key":"Block Potion"},{"floor":46,"key":"AttackPotion"}],"is_trial":false,"path_per_floor":["M","M","?","M","M","R","E","M","T","R","M","?","R","E","R","B",null,"M","?","$","M","M","E","?","R","T","?","R","M","R","M","R","B",null,"M","$","M","$","M","R","M","M","T","?","?","M","R","M","R","B",null],"character_chosen":"IRONCLAD","items_purchased":["Vajra","Dodecahedron","Sword Boomerang","Disarm","Whetstone"],"campfire_rested":0,"item_purchase_floors":[20,20,36,36,38],"current_hp_per_floor":[73,77,66,71,65,65,41,39,39,39,45,77,77,73,73,33,80,80,96,96,96,96,85,85,85,85,85,85,91,91,96,96,76,91,96,96,96,96,96,96,96,96,96,96,96,96,96,96,96,28],"gold":114,"neow_bonus":"TWENTY_PERCENT_HP_BONUS","is_prod":false,"is_daily":false,"chose_seed":false,"campfire_upgraded":11,"win_rate":1,"timestamp":1558987032,"path_taken":["M","M","?","M","M","R","E","M","T","R","M","?","R","E","R","BOSS","M","?","$","M","M","E","?","R","T","?","R","M","R","M","R","BOSS","M","$","M","$","?","R","M","M","T","?","?","M","R","M","R","BOSS"],"build_version":"2019-01-23","purchased_purges":0,"victory":true,"max_hp_per_floor":[96,96,96,96,96,96,96,96,96,96,96,96,96,96,96,96,96,96,96,96,96,96,96,96,96,96,96,96,96,96,96,96,96,96,96,96,96,96,96,96,96,96,96,96,96,96,96,96,96,96],"card_choices":[{"not_picked":["Rupture","Heavy Blade"],"picked":"Feel No Pain","floor":1.0},{"not_picked":["Headbutt","Shrug It Off"],"picked":"Perfected Strike","floor":2.0},{"not_picked":["Combust","Intimidate"],"picked":"Perfected Strike","floor":4.0},{"not_picked":["Body Slam","Rupture"],"picked":"Spot Weakness","floor":5.0},{"not_picked":["Spot Weakness","Seeing Red"],"picked":"Perfected Strike","floor":7.0},{"not_picked":["Rage","Entrench"],"picked":"Power Through","floor":8.0},{"not_picked":["Sever Soul","Body Slam"],"picked":"Thunderclap","floor":11.0},{"not_picked":["Wild Strike","Cleave"],"picked":"Limit Break","floor":14.0},{"not_picked":["Barricade","Brutality"],"picked":"Demon Form","floor":16.0},{"not_picked":["Evolve","True Grit"],"picked":"Pummel","floor":18.0},{"not_picked":["Dual Wield","Rage"],"picked":"Heavy Blade","floor":21.0},{"not_picked":["Evolve","Anger"],"picked":"Inflame","floor":22.0},{"not_picked":["Thunderclap+1","Feel No Pain+1"],"picked":"Immolate","floor":23.0},{"not_picked":["Seeing Red","Wild Strike+1"],"picked":"True Grit+1","floor":29.0},{"not_picked":["Pummel","Clash"],"picked":"Twin Strike+1","floor":31.0},{"not_picked":["Limit Break","Juggernaut"],"picked":"Impervious","floor":33.0},{"not_picked":[],"picked":"Heavy Blade","floor":35.0},{"not_picked":[],"picked":"Flame Barrier+1","floor":37.0},{"not_picked":["Body Slam"],"picked":"SKIP","floor":39.0},{"not_picked":["Anger"],"picked":"SKIP","floor":41},{"not_picked":["Sentinel"],"picked":"SKIP","floor":42},{"not_picked":[],"picked":"Shrug It Off+1","floor":46},{"not_picked":[],"picked":"Uppercut+1","floor":48}],"player_experience":30040,"relics_obtained":[{"floor":7.0,"key":"Darkstone Periapt"},{"floor":9.0,"key":"Shuriken"},{"floor":14.0,"key":"Ornamental Fan"},{"floor":23.0,"key":"Mummified Hand"},{"floor":26.0,"key":"Pen Nib"},{"floor":43,"key":"MawBank"}],"event_choices":[{"damage_healed":0.0,"max_hp_gain":0.0,"max_hp_loss":0.0,"gold_gain":75.0,"event_name":"World of Goop","player_choice":"Gather Gold","floor":3.0,"gold_loss":0.0,"damage_taken":11.0},{"damage_healed":32.0,"max_hp_gain":0.0,"max_hp_loss":0.0,"gold_gain":0.0,"event_name":"Big Fish","player_choice":"Banana","floor":12.0,"gold_loss":0.0,"damage_taken":0.0},{"damage_healed":32.0,"max_hp_gain":0.0,"max_hp_loss":0.0,"gold_gain":0.0,"event_name":"The Library","player_choice":"Heal","floor":19.0,"gold_loss":0.0,"damage_taken":0.0},{"damage_healed":0.0,"max_hp_gain":0.0,"max_hp_loss":0.0,"gold_gain":0.0,"event_name":"Back to Basics","player_choice":"Simplicity","floor":24.0,"gold_loss":0.0,"damage_taken":0.0,"cards_upgraded":["Strike_R","Strike_R","Strike_R","Strike_R","Strike_R","Defend_R","Defend_R","Defend_R","Defend_R"]},{"damage_healed":0.0,"max_hp_gain":0.0,"max_hp_loss":0.0,"gold_gain":0.0,"event_name":"Upgrade Shrine","player_choice":"Upgraded","floor":27.0,"gold_loss":0.0,"damage_taken":0.0,"cards_upgraded":["Heavy Blade"]},{"damage_healed":0,"gold_gain":0,"player_choice":"Paid","damage_taken":0,"relics_obtained":["Red Mask"],"max_hp_gain":0,"max_hp_loss":0,"event_name":"Tomb of Lord Red Mask","floor":44,"gold_loss":131},{"cards_removed":["Flame Barrier"],"damage_healed":0,"gold_gain":0,"player_choice":"Removed Skill","damage_taken":0,"max_hp_gain":0,"max_hp_loss":0,"event_name":"Falling","floor":45,"gold_loss":0}],"is_beta":false,"boss_relics":[{"not_picked":["Black Star","Orrery"],"picked":"Coffee Dripper"},{"not_picked":["Astrolabe","Empty Cage"],"picked":"Busted Crown"}],"items_purged_floors":[],"is_endless":false,"potions_floor_spawned":[1,8,11,14,16,18,23,35,41,46],"ascension_level":11}