{"gold_per_floor":[111,128,128,128,29,29,64,64,91,107,107,143,168,1,1,127,127,140,160,160,106,106,141,141,176,176,226,276,295,314,42,42,171,171,185,208,0,175,225,225,261,261,287,325,18,38,61,82,82,82],"floor_reached":51,"playtime":2543,"items_purged":["Writhe"],"score":1239,"play_id":"51eac088-9f2e-4cde-8335-aef6bb9da796","local_time":"20190527151323","is_ascension_mode":true,"campfire_choices":[{"data":"Power Through","floor":8.0,"key":"SMITH"},{"floor":11.0,"key":"REST"},{"data":"Apotheosis","floor":15.0,"key":"SMITH"},{"data":"Disarm","floor":24.0,"key":"SMITH"},{"data":"J.A.X.","floor":32.0,"key":"SMITH"},{"floor":40.0,"key":"REST"},{"floor":42.0,"key":"REST"},{"floor":49,"key":"REST"}],"neow_cost":"NONE","seed_source_timestamp":0,"circlet_count":0,"master_deck":["AscendersBane","Strike_R","Strike_R","Strike_R","Strike_R","Strike_R","Defend_R+1","Defend_R","Defend_R","Defend_R","Bash+1","Pommel Strike+1","Wild Strike","Power Through+1","Cleave","Reaper","Disarm+1","Apotheosis+1","Double Tap+1","Twin Strike+1","Feel No Pain","J.A.X.+1","Shrug It Off","Twin Strike","Perfected Strike+1","Parasite","Havoc+1","Iron Wave","Heavy Blade","Demon Form","Heavy Blade","Heavy Blade","Limit Break","Inflame","Shrug It Off+1","Heavy Blade","Clumsy","Uppercut+1","Inflame","Wild Strike","Pommel Strike+1","Heavy Blade","Twin Strike+1"],"special_seed":0,"relics":["Burning Blood","Golden Idol","Juzu Bracelet","Mango","Bag of Marbles","Ornamental Fan","Cursed Key","SsserpentHead","Potion Belt","Shuriken","Whetstone","Letter Opener","Happy Flower","Fusion Hammer","Gambling Chip","Pantograph","Boot","War Paint","Strawberry"],"potions_floor_usage":[50,50,50,50,50],"damage_taken":[{"damage":7.0,"enemies":"Jaw Worm","floor":1.0,"turns":3.0},{"damage":12.0,"enemies":"Small Slimes","floor":2.0,"turns":3.0},{"damage":50.0,"enemies":"3 Sentries","floor":7.0,"turns":10.0},{"damage":3.0,"enemies":"2 Louse","floor":10.0,"turns":3.0},{"damage":20.0,"enemies":"Lagavulin","floor":12.0,"turns":5.0},{"damage":1.0,"enemies":"Exordium Thugs","floor":13.0,"turns":3.0},{"damage":24.0,"enemies":"The Guardian","floor":16.0,"turns":11.0},{"damage":3.0,"enemies":"3 Byrds","floor":18.0,"turns":4.0},{"damage":19.0,"enemies":"Spheric Guardian","floor":19.0,"turns":4.0},{"damage":8.0,"enemies":"Book of Stabbing","floor":23.0,"turns":3.0},{"damage":19.0,"enemies":"Gremlin Leader","floor":25.0,"turns":6.0},{"damage":11.0,"enemies":"Snecko","floor":29.0,"turns":3.0},{"damage":28.0,"enemies":"Chosen and Byrds","floor":30.0,"turns":5.0},{"damage":72.0,"enemies":"Champ","floor":33.0,"turns":9.0},{"damage":8.0,"enemies":"Orb Walker","floor":35.0,"turns":3.0},{"damage":0.0,"enemies":"3 Shapes","floor":36.0,"turns":3.0},{"damage":3.0,"enemies":"Mind Bloom Boss Battle","floor":38.0,"turns":3.0},{"damage":23.0,"enemies":"Nemesis","floor":41.0,"turns":5.0},{"damage":44.0,"enemies":"Giant Head","floor":44.0,"turns":6.0},{"damage":19,"enemies":"Sphere and 2 Shapes","floor":46,"turns":5},{"damage":7,"enemies":"Transient","floor":47,"turns":5},{"damage":1,"enemies":"Spire Growth","floor":48,"turns":4},{"damage":101,"enemies":"Awakened One","floor":50,"turns":6}],"seed_played":"2454439778241536664","potions_obtained":[{"floor":10.0,"key":"Explosive Potion"},{"floor":13.0,"key":"SteroidPotion"},{"floor":18.0,"key":"Swift Potion"},{"floor":23.0,"key":"Strength Potion"},{"floor":30.0,"key":"BloodPotion"},{"floor":38.0,"key":"Ancient Potion"},{"floor":44.0,"key":"EssenceOfSteel"}],"is_trial":false,"path_per_floor":["M","M","?","?","?","?","E","R","T","M","R","E","M","$","R","B",null,"M","M","?","$","?","E","R","E","T","?","T","M","M","$","R","B",null,"M","M","$","?","?","R","E","R","T","E","$","M","M","M","R","B",null],"character_chosen":"IRONCLAD","items_purchased":["Apotheosis","Shrug It Off","Heavy Blade","Happy Flower","Limit Break","Inflame","Strawberry","Inflame","Wild Strike","Weak Potion"],"campfire_rested":4,"item_purchase_floors":[14,21,31,31,37,37,45,45,45,45],"current_hp_per_floor":[71,65,70,70,70,70,40,40,40,43,70,56,61,61,61,50,82,93,80,80,80,80,78,78,90,90,90,90,85,81,81,81,28,77,80,86,86,89,89,93,76,93,93,55,62,49,73,78,100,22],"gold":82,"neow_bonus":"UPGRADE_CARD","is_prod":false,"is_daily":false,"chose_seed":false,"campfire_upgraded":4,"win_rate":1,"timestamp":1558934003,"path_taken":["M","M","?","?","?","?","E","R","T","M","R","E","M","$","R","BOSS","M","M","?","$","?","E","R","E","T","?","?","M","M","$","R","BOSS","M","M","$","?","?","R","E","R","T","E","$","M","M","M","R","BOSS"],"build_version":"2019-01-23","purchased_purges":1,"victory":true,"max_hp_per_floor":[80,80,85,79,79,79,93,93,93,93,93,93,93,93,93,93,93,93,93,93,93,93,93,93,93,93,93,93,93,93,93,93,93,93,93,93,93,93,93,93,93,93,93,93,100,100,100,100,100,100],"card_choices":[{"not_picked":["Heavy Blade","Rampage"],"picked":"Pommel Strike","floor":1.0},{"not_picked":["Thunderclap","Intimidate"],"picked":"Wild Strike","floor":2.0},{"not_picked":["Blood for Blood","Battle Trance"],"picked":"Power Through","floor":7.0},{"not_picked":["Flex","Havoc"],"picked":"Cleave","floor":10.0},{"not_picked":["Warcry","Battle Trance"],"picked":"Reaper","floor":12.0},{"not_picked":["Anger","Carnage"],"picked":"Disarm","floor":13.0},{"not_picked":["Brutality","Feed"],"picked":"Double Tap","floor":16.0},{"not_picked":["Headbutt+1","Rage"],"picked":"Twin Strike+1","floor":18.0},{"not_picked":["Burning Pact","Second Wind"],"picked":"Feel No Pain","floor":19.0},{"not_picked":["True Grit","Thunderclap"],"picked":"Twin Strike","floor":23.0},{"not_picked":["Power Through","Cleave"],"picked":"Perfected Strike","floor":25.0},{"not_picked":["Burning Pact","Second Wind"],"picked":"Havoc","floor":29.0},{"not_picked":["Body Slam","Metallicize"],"picked":"Iron Wave","floor":30.0},{"not_picked":["Immolate","Berserk"],"picked":"Demon Form","floor":33.0},{"not_picked":["Carnage","True Grit"],"picked":"Heavy Blade","floor":35.0},{"not_picked":["Battle Trance","Anger"],"picked":"Heavy Blade","floor":36.0},{"not_picked":["Fiend Fire","Dropkick+1"],"picked":"Shrug It Off+1","floor":38.0},{"not_picked":["Evolve","Battle Trance"],"picked":"Heavy Blade","floor":41.0},{"not_picked":["Blood for Blood+1","Battle Trance"],"picked":"Uppercut+1","floor":44.0},{"not_picked":["Uppercut+1","Warcry"],"picked":"Pommel Strike+1","floor":46},{"not_picked":["Havoc+1","Sever Soul"],"picked":"Heavy Blade","floor":47},{"not_picked":["Clothesline","Uppercut"],"picked":"Twin Strike+1","floor":48}],"player_experience":27497,"relics_obtained":[{"floor":7.0,"key":"Mango"},{"floor":9.0,"key":"Bag of Marbles"},{"floor":12.0,"key":"Ornamental Fan"},{"floor":23.0,"key":"Potion Belt"},{"floor":25.0,"key":"Shuriken"},{"floor":26.0,"key":"Whetstone"},{"floor":28.0,"key":"Letter Opener"},{"floor":38.0,"key":"Gambling Chip"},{"floor":41.0,"key":"Pantograph"},{"floor":43.0,"key":"Boot"},{"floor":44.0,"key":"War Paint"}],"event_choices":[{"damage_healed":0.0,"max_hp_gain":5.0,"max_hp_loss":0.0,"gold_gain":0.0,"event_name":"Big Fish","player_choice":"Donut","floor":3.0,"gold_loss":0.0,"damage_taken":0.0},{"damage_healed":0.0,"max_hp_gain":0.0,"max_hp_loss":6.0,"gold_gain":0.0,"event_name":"Golden Idol","player_choice":"Lose Max HP","floor":4.0,"gold_loss":0.0,"damage_taken":0.0,"relics_obtained":["Golden Idol"]},{"damage_healed":0.0,"max_hp_gain":0.0,"max_hp_loss":0.0,"gold_gain":0.0,"event_name":"WeMeetAgain","player_choice":"Paid Gold","floor":5.0,"gold_loss":99.0,"damage_taken":0.0,"relics_obtained":["Juzu Bracelet"]},{"damage_healed":0.0,"max_hp_gain":0.0,"max_hp_loss":0.0,"gold_gain":0.0,"event_name":"The Cleric","player_choice":"Leave","floor":6.0,"gold_loss":0.0,"damage_taken":0.0},{"damage_healed":0.0,"max_hp_gain":0.0,"max_hp_loss":0.0,"gold_gain":0.0,"event_name":"Drug Dealer","player_choice":"Obtain J.A.X.","floor":20.0,"gold_loss":0.0,"damage_taken":0.0,"cards_obtained":["J.A.X."]},{"damage_healed":0.0,"max_hp_gain":0.0,"max_hp_loss":0.0,"gold_gain":0.0,"event_name":"FaceTrader","player_choice":"Trade","floor":22.0,"gold_loss":0.0,"damage_taken":0.0,"relics_obtained":["SsserpentHead"]},{"damage_healed":0.0,"max_hp_gain":0.0,"max_hp_loss":0.0,"gold_gain":0.0,"event_name":"Upgrade Shrine","player_choice":"Upgraded","floor":27.0,"gold_loss":0.0,"damage_taken":0.0,"cards_upgraded":["Double Tap"]},{"damage_healed":0.0,"max_hp_gain":0.0,"max_hp_loss":0.0,"gold_gain":0.0,"event_name":"MindBloom","player_choice":"Fight","floor":38.0,"gold_loss":0.0,"damage_taken":0.0},{"damage_healed":0.0,"max_hp_gain":0.0,"max_hp_loss":0.0,"gold_gain":0.0,"event_name":"Tomb of Lord Red Mask","player_choice":"Ignored","floor":39.0,"gold_loss":0.0,"damage_taken":0.0}],"is_beta":false,"boss_relics":[{"not_picked":["Busted Crown","Orrery"],"picked":"Cursed Key"},{"not_picked":["Velvet Choker","Philosopher\u0027s Stone"],"picked":"Fusion Hammer"}],"items_purged_floors":[31],"is_endless":false,"potions_floor_spawned":[10,13,18,23,30,38,44,48],"ascension_level":10}