{"gold_per_floor":[109,121,132,149,164,190,190,222,249,284,284,299,313,341,341,439,439,457,457,475,475,491,491,518,533,557,65,76,92,92,92,92,192,192,202,217,217,231,231,231,231,231,231,231,231,250,50,63,63,63],"floor_reached":51,"playtime":1801,"items_purged":["Pain","Regret"],"score":932,"play_id":"9f37aa48-8793-4ae5-8d89-401c98a87b02","local_time":"20190526034344","is_ascension_mode":true,"campfire_choices":[{"data":"Uppercut","floor":7.0,"key":"SMITH"},{"data":"Heavy Blade","floor":15.0,"key":"SMITH"},{"data":"Carnage","floor":23.0,"key":"SMITH"},{"data":"Immolate","floor":30.0,"key":"SMITH"},{"data":"Bludgeon","floor":32.0,"key":"SMITH"},{"data":"Whirlwind","floor":40,"key":"SMITH"},{"data":"Spot Weakness","floor":44,"key":"SMITH"},{"floor":49,"key":"REST"}],"neow_cost":"NONE","seed_source_timestamp":46535975994342,"circlet_count":0,"master_deck":["Defend_R","Defend_R","Defend_R","Defend_R","Bash+1","Infernal Blade","Cleave","Inflame+1","Thunderclap","Uppercut+1","Shrug It Off","Heavy Blade+1","Double Tap+1","Pummel","Headbutt","Sword Boomerang","Limit Break","Heavy Blade+1","Necronomicurse","Twin Strike","Carnage+1","Immolate+1","Whirlwind+1","Spot Weakness+1","Limit Break","Bludgeon+1","Metallicize+1","Shrug It Off+1","Bite","Bite","Bite","Bite","Bite","Impervious","Ghostly Armor+1","Carnage+1","Clumsy","Inflame+1"],"special_seed":0,"relics":["Burning Blood","Whetstone","Question Card","Sundial","Bronze Scales","Pen Nib","Odd Mushroom","Cursed Key","Necronomicon","Dream Catcher","MawBank","Busted Crown","Pear","Ornamental Fan"],"potions_floor_usage":[33,41,41,50,50],"damage_taken":[{"damage":6.0,"enemies":"Cultist","floor":1.0,"turns":3.0},{"damage":7.0,"enemies":"Small Slimes","floor":2.0,"turns":4.0},{"damage":0.0,"enemies":"2 Louse","floor":3.0,"turns":2.0},{"damage":5.0,"enemies":"2 Fungi Beasts","floor":4.0,"turns":3.0},{"damage":0.0,"enemies":"Gremlin Gang","floor":5.0,"turns":2.0},{"damage":10.0,"enemies":"Lagavulin","floor":6.0,"turns":5.0},{"damage":6.0,"enemies":"Gremlin Nob","floor":8.0,"turns":4.0},{"damage":12.0,"enemies":"3 Sentries","floor":10.0,"turns":4.0},{"damage":11.0,"enemies":"Large Slime","floor":12.0,"turns":5.0},{"damage":0.0,"enemies":"Exordium Wildlife","floor":13.0,"turns":2.0},{"damage":12.0,"enemies":"The Mushroom Lair","floor":14.0,"turns":3.0},{"damage":18.0,"enemies":"Slime Boss","floor":16.0,"turns":5.0},{"damage":7.0,"enemies":"Chosen","floor":18.0,"turns":2.0},{"damage":8.0,"enemies":"Shell Parasite","floor":20.0,"turns":3.0},{"damage":10.0,"enemies":"Shelled Parasite and Fungi","floor":22.0,"turns":3.0},{"damage":3.0,"enemies":"Gremlin Leader","floor":24.0,"turns":3.0},{"damage":14.0,"enemies":"Centurion and Healer","floor":25.0,"turns":2.0},{"damage":8.0,"enemies":"Chosen and Byrds","floor":28.0,"turns":3.0},{"damage":0.0,"enemies":"3 Cultists","floor":29.0,"turns":2.0},{"damage":16,"enemies":"Automaton","floor":33,"turns":4},{"damage":0,"enemies":"3 Shapes","floor":35,"turns":2},{"damage":0,"enemies":"Orb Walker","floor":36,"turns":1},{"damage":26,"enemies":"Maw","floor":38,"turns":5},{"damage":0,"enemies":"3 Darklings","floor":41,"turns":2},{"damage":0,"enemies":"Jaw Worm Horde","floor":46,"turns":3},{"damage":22,"enemies":"Maw","floor":48,"turns":4},{"damage":21,"enemies":"Time Eater","floor":50,"turns":3}],"seed_played":"1428784780098356731","potions_obtained":[{"floor":1.0,"key":"Energy Potion"},{"floor":3.0,"key":"Strength Potion"},{"floor":4.0,"key":"AttackPotion"},{"floor":6.0,"key":"SkillPotion"},{"floor":10.0,"key":"PowerPotion"},{"floor":20.0,"key":"SmokeBomb"},{"floor":29.0,"key":"FearPotion"},{"floor":38,"key":"BloodPotion"}],"is_trial":false,"path_per_floor":["M","M","M","M","M","E","R","E","T","E","?","M","M","?","R","B",null,"M","?","M","?","M","R","E","M","T","$","M","M","R","?","R","B",null,"M","M","?","M","?","R","M","?","T","R","T","M","$","M","R","B",null],"character_chosen":"IRONCLAD","items_purchased":["Spot Weakness","Limit Break","Bludgeon","PowerPotion","Block Potion","Fire Potion"],"campfire_rested":1,"item_purchase_floors":[27,27,27,27,47,47],"current_hp_per_floor":[80,79,80,80,80,76,76,76,76,70,70,65,71,65,65,53,80,79,63,61,61,57,57,60,52,52,52,50,56,56,56,56,46,56,56,56,53,39,39,39,50,50,60,60,60,63,63,53,63,48],"gold":63,"neow_bonus":"RANDOM_COMMON_RELIC","is_prod":false,"is_daily":false,"chose_seed":false,"campfire_upgraded":7,"win_rate":1,"timestamp":1558806224,"path_taken":["M","M","?","M","M","E","R","E","T","E","?","M","M","?","R","BOSS","M","?","M","?","?","R","E","M","T","$","M","M","R","?","R","BOSS","M","M","?","M","?","R","M","?","T","R","?","?","$","M","R","BOSS"],"build_version":"2019-01-23","purchased_purges":2,"victory":true,"max_hp_per_floor":[80,80,80,80,80,80,80,80,80,80,80,80,80,80,80,80,80,80,80,80,80,80,80,80,80,80,80,80,80,80,56,56,56,56,56,56,53,53,53,53,53,53,63,63,63,63,63,63,63,63],"card_choices":[{"not_picked":["Warcry","Evolve"],"picked":"Infernal Blade","floor":1.0},{"not_picked":["Armaments","Rampage"],"picked":"Cleave","floor":2.0},{"not_picked":["Flame Barrier","Armaments"],"picked":"Inflame","floor":3.0},{"not_picked":["Havoc","Flex"],"picked":"Thunderclap","floor":4.0},{"not_picked":["Thunderclap","Second Wind"],"picked":"Uppercut","floor":5.0},{"not_picked":["Pommel Strike","Flex"],"picked":"Shrug It Off","floor":6.0},{"not_picked":["Flame Barrier","Ghostly Armor","Iron Wave"],"picked":"Heavy Blade","floor":8.0},{"not_picked":["Sever Soul","Rage","Warcry"],"picked":"Double Tap","floor":10.0},{"not_picked":["Metallicize","Clothesline","Bloodletting"],"picked":"Pummel","floor":12.0},{"not_picked":["Reckless Charge","Perfected Strike","Anger"],"picked":"Headbutt","floor":13.0},{"not_picked":["Headbutt","Clash","Anger"],"picked":"Sword Boomerang","floor":14.0},{"not_picked":["Dark Embrace","Fiend Fire","Feed"],"picked":"Limit Break","floor":16.0},{"not_picked":["Bloodletting","Perfected Strike","Rampage"],"picked":"Heavy Blade+1","floor":18.0},{"not_picked":["Clash","Body Slam","Pommel Strike+1"],"picked":"Twin Strike","floor":20.0},{"not_picked":["True Grit","Twin Strike","Feel No Pain"],"picked":"Carnage","floor":22.0},{"not_picked":["Perfected Strike","Flame Barrier","Anger+1"],"picked":"Immolate","floor":24.0},{"not_picked":["Blood for Blood+1","Evolve","Thunderclap"],"picked":"Whirlwind","floor":25.0},{"not_picked":["Wild Strike","True Grit","Bloodletting"],"picked":"Metallicize+1","floor":28.0},{"not_picked":["Uppercut","Sword Boomerang","Searing Blow+1"],"picked":"Shrug It Off+1","floor":29.0},{"not_picked":["Exhume","Offering","Brutality"],"picked":"Impervious","floor":33},{"not_picked":["Warcry"],"picked":"Ghostly Armor+1","floor":35},{"not_picked":["Thunderclap+1","Clothesline"],"picked":"SKIP","floor":36},{"not_picked":["Sword Boomerang+1"],"picked":"Carnage+1","floor":38},{"not_picked":["Panacea"],"picked":"Impatience","floor":39},{"not_picked":["Reckless Charge"],"picked":"Inflame+1","floor":46},{"not_picked":["True Grit","Reckless Charge+1"],"picked":"SKIP","floor":48}],"player_experience":11902,"relics_obtained":[{"floor":6.0,"key":"Question Card"},{"floor":8.0,"key":"Sundial"},{"floor":9.0,"key":"Bronze Scales"},{"floor":10.0,"key":"Pen Nib"},{"floor":14.0,"key":"Odd Mushroom"},{"floor":19.0,"key":"Necronomicon"},{"floor":24.0,"key":"Dream Catcher"},{"floor":26.0,"key":"MawBank"},{"floor":43,"key":"Pear"},{"floor":45,"key":"Ornamental Fan"}],"event_choices":[{"damage_healed":0.0,"max_hp_gain":0.0,"max_hp_loss":0.0,"gold_gain":0.0,"event_name":"Living Wall","player_choice":"Grow","floor":11.0,"gold_loss":0.0,"damage_taken":0.0,"cards_upgraded":["Double Tap"]},{"damage_healed":0.0,"max_hp_gain":0.0,"max_hp_loss":0.0,"gold_gain":0.0,"event_name":"Mushrooms","player_choice":"Fought Mushrooms","floor":14.0,"gold_loss":0.0,"damage_taken":0.0},{"damage_healed":0.0,"max_hp_gain":0.0,"max_hp_loss":0.0,"gold_gain":0.0,"event_name":"Cursed Tome","player_choice":"Obtained Book","floor":19.0,"gold_loss":0.0,"damage_taken":16.0},{"damage_healed":0.0,"max_hp_gain":0.0,"max_hp_loss":0.0,"gold_gain":0.0,"event_name":"Accursed Blacksmith","player_choice":"Forge","floor":21.0,"gold_loss":0.0,"damage_taken":0.0,"cards_upgraded":["Inflame"]},{"damage_healed":0.0,"max_hp_gain":0.0,"max_hp_loss":24.0,"gold_gain":0.0,"event_name":"Vampires","player_choice":"Became a vampire","floor":31.0,"gold_loss":0.0,"damage_taken":0.0,"cards_obtained":["Bite","Bite","Bite","Bite","Bite"]},{"damage_healed":0,"gold_gain":0,"player_choice":"Max HP","damage_taken":0,"max_hp_gain":0,"max_hp_loss":3,"event_name":"Winding Halls","floor":37,"gold_loss":0},{"damage_healed":0,"gold_gain":0,"player_choice":"Memory 1","damage_taken":0,"max_hp_gain":0,"max_hp_loss":0,"event_name":"SensoryStone","floor":39,"gold_loss":0},{"cards_removed":["Impatience"],"damage_healed":0,"gold_gain":0,"player_choice":"Removed Skill","damage_taken":0,"max_hp_gain":0,"max_hp_loss":0,"event_name":"Falling","floor":42,"gold_loss":0}],"is_beta":false,"boss_relics":[{"not_picked":["Snecko Eye","Fusion Hammer"],"picked":"Cursed Key"},{"not_picked":["Runic Cube","Calling Bell"],"picked":"Busted Crown"}],"items_purged_floors":[27,47],"is_endless":false,"potions_floor_spawned":[1,3,4,6,10,20,29,38,41],"ascension_level":4}