{"gold_per_floor":[111,129,142,156,156,187,187,218,218,243,243,418,418,64,64,159,159,174,190,190,280,296,296,323,333,333,333,361,361,13,29,29,124,124,135,150,150,163,12,12,12,12,12,12,28,0,0,100,100,100],"floor_reached":51,"playtime":2700,"items_purged":["Doubt","Parasite"],"score":914,"play_id":"c8631523-7bb2-4ae4-a519-7c6a9243526d","local_time":"20190526051920","is_ascension_mode":true,"campfire_choices":[{"data":"Uppercut","floor":7.0,"key":"SMITH"},{"data":"Inflame","floor":13.0,"key":"SMITH"},{"data":"Metallicize","floor":15.0,"key":"SMITH"},{"data":"Pummel","floor":23.0,"key":"SMITH"},{"data":"Bite","floor":27,"key":"SMITH"},{"data":"Bite","floor":29,"key":"SMITH"},{"data":"Bite","floor":32,"key":"SMITH"},{"data":"Heavy Blade","floor":40,"key":"SMITH"},{"data":"Iron Wave","floor":42,"key":"SMITH"},{"data":"Bash","floor":44,"key":"SMITH"},{"data":"Cleave","floor":49,"key":"SMITH"}],"neow_cost":"NONE","seed_source_timestamp":51389525023438,"circlet_count":0,"master_deck":["Defend_R+1","Defend_R","Defend_R","Bash+1","Uppercut+1","Inflame+1","Rage+1","Iron Wave+1","Havoc+1","Havoc+1","Metallicize+1","Pummel+1","True Grit+1","Offering+1","Cleave+1","Sword Boomerang+1","Bite+1","Bite+1","Bite+1","Bite","Bite","Corruption+1","Thunderclap+1","Impervious+1","Inflame+1","Offering+1","Clothesline+1","Impervious+1","Sword Boomerang+1","Headbutt","Shrug It Off+1","Flex+1","Wild Strike","Heavy Blade+1","True Grit+1"],"special_seed":0,"relics":["Burning Blood","Toxic Egg 2","Happy Flower","Pear","Shuriken","Lee\u0027s Waffle","Coffee Dripper","Orichalcum","Mercury Hourglass","Ancient Tea Set","Blood Vial","Frozen Eye","Orrery","Champion Belt","Red Mask","Unceasing Top"],"potions_floor_usage":[24,50,50,50],"damage_taken":[{"damage":6.0,"enemies":"Cultist","floor":1.0,"turns":3.0},{"damage":3.0,"enemies":"Jaw Worm","floor":2.0,"turns":5.0},{"damage":6.0,"enemies":"2 Louse","floor":3.0,"turns":2.0},{"damage":13.0,"enemies":"Large Slime","floor":4.0,"turns":4.0},{"damage":17.0,"enemies":"3 Sentries","floor":6.0,"turns":8.0},{"damage":17.0,"enemies":"Gremlin Nob","floor":8.0,"turns":4.0},{"damage":17.0,"enemies":"3 Sentries","floor":10.0,"turns":8.0},{"damage":28.0,"enemies":"The Guardian","floor":16.0,"turns":9.0},{"damage":6.0,"enemies":"Chosen","floor":18.0,"turns":3.0},{"damage":10.0,"enemies":"Shell Parasite","floor":19.0,"turns":4.0},{"damage":6.0,"enemies":"Snake Plant","floor":22.0,"turns":3.0},{"damage":33,"enemies":"Slavers","floor":24,"turns":6},{"damage":7,"enemies":"Shelled Parasite and Fungi","floor":25,"turns":3},{"damage":22,"enemies":"Gremlin Leader","floor":28,"turns":5},{"damage":14,"enemies":"Snecko","floor":31,"turns":5},{"damage":30,"enemies":"Champ","floor":33,"turns":9},{"damage":7,"enemies":"3 Shapes","floor":35,"turns":4},{"damage":7,"enemies":"Orb Walker","floor":36,"turns":3},{"damage":6,"enemies":"Writhing Mass","floor":38,"turns":2},{"damage":6,"enemies":"Spire Growth","floor":45,"turns":3},{"damage":6,"enemies":"Mind Bloom Boss Battle","floor":48,"turns":2},{"damage":36,"enemies":"Donu and Deca","floor":50,"turns":6}],"seed_played":"9165010666576270773","potions_obtained":[{"floor":1.0,"key":"GamblersBrew"},{"floor":3.0,"key":"FearPotion"},{"floor":10.0,"key":"SkillPotion"},{"floor":16.0,"key":"BloodPotion"},{"floor":22.0,"key":"SpeedPotion"},{"floor":28,"key":"Ancient Potion"}],"is_trial":false,"path_per_floor":["M","M","M","M","?","E","R","E","T","E","?","?","R","$","R","B",null,"M","M","?","?","M","R","E","M","T","R","E","R","$","M","R","B",null,"M","M","?","M","$","R","?","R","T","R","M","?","$","?","R","B",null],"character_chosen":"IRONCLAD","items_purchased":["Lee\u0027s Waffle","Pummel","True Grit+1","Blood Vial","Frozen Eye","Heavy Blade"],"campfire_rested":0,"item_purchase_floors":[14,14,14,30,30,39],"current_hp_per_floor":[88,88,88,81,63,52,52,41,51,40,64,64,64,105,105,83,100,100,96,73,59,65,65,50,53,53,53,50,50,50,54,54,60,70,73,73,73,73,70,70,66,66,66,66,66,66,66,66,66,47],"gold":100,"neow_bonus":"TEN_PERCENT_HP_BONUS","is_prod":false,"is_daily":false,"chose_seed":false,"campfire_upgraded":11,"win_rate":1,"timestamp":1558811960,"path_taken":["M","M","?","M","?","E","R","E","T","E","?","?","R","$","R","BOSS","M","M","?","?","M","R","E","?","T","R","E","R","$","M","R","BOSS","M","M","?","?","$","R","?","R","T","R","M","?","$","?","R","BOSS"],"build_version":"2019-01-23","purchased_purges":2,"victory":true,"max_hp_per_floor":[88,88,88,88,88,88,88,88,98,98,98,98,98,105,105,105,105,105,105,73,73,73,73,73,73,73,73,73,73,73,73,73,73,73,73,73,73,73,70,70,66,66,66,66,66,66,66,66,66,66],"card_choices":[{"not_picked":["Evolve","Sever Soul"],"picked":"Uppercut","floor":1.0},{"not_picked":["Entrench","Reckless Charge"],"picked":"Inflame","floor":2.0},{"not_picked":["Clash","Havoc"],"picked":"Rage","floor":3.0},{"not_picked":["Dual Wield","Anger"],"picked":"Iron Wave","floor":4.0},{"not_picked":["Second Wind","Uppercut"],"picked":"Havoc","floor":6.0},{"not_picked":["Flex+1","Thunderclap"],"picked":"Havoc+1","floor":8.0},{"not_picked":["True Grit+1","Clash"],"picked":"Metallicize","floor":10.0},{"not_picked":["Barricade","Bludgeon"],"picked":"Offering+1","floor":16.0},{"not_picked":["Pommel Strike+1","Iron Wave"],"picked":"Cleave","floor":18.0},{"not_picked":["True Grit+1","Berserk"],"picked":"Sword Boomerang+1","floor":19.0},{"not_picked":["Pommel Strike","Searing Blow+1"],"picked":"Corruption+1","floor":22.0},{"not_picked":["Cleave","Whirlwind","Perfected Strike+1"],"picked":"SKIP","floor":24},{"not_picked":["Pommel Strike","Corruption"],"picked":"Thunderclap+1","floor":25},{"not_picked":["Corruption","Bloodletting+1"],"picked":"Impervious+1","floor":28},{"not_picked":["Wild Strike","Clash+1"],"picked":"Inflame+1","floor":31},{"not_picked":["Brutality","Barricade"],"picked":"Offering+1","floor":33},{"not_picked":["Havoc+1","Rupture"],"picked":"Clothesline+1","floor":34},{"not_picked":["Shrug It Off+1","Iron Wave"],"picked":"Impervious+1","floor":34},{"not_picked":["Armaments+1","Headbutt"],"picked":"Sword Boomerang+1","floor":34},{"not_picked":["Clothesline","Dual Wield+1"],"picked":"Headbutt","floor":34},{"not_picked":["Flex+1","Cleave+1"],"picked":"Shrug It Off+1","floor":35},{"not_picked":["Combust","Intimidate+1"],"picked":"Flex+1","floor":36},{"not_picked":["Blood for Blood","Headbutt","Barricade"],"picked":"SKIP","floor":38},{"not_picked":["Wild Strike","Sever Soul","Iron Wave"],"picked":"SKIP","floor":45},{"not_picked":["Anger","Metallicize"],"picked":"True Grit+1","floor":48}],"player_experience":13703,"relics_obtained":[{"floor":6.0,"key":"Toxic Egg 2"},{"floor":8.0,"key":"Happy Flower"},{"floor":9.0,"key":"Pear"},{"floor":10.0,"key":"Shuriken"},{"floor":24,"key":"Orichalcum"},{"floor":26,"key":"Mercury Hourglass"},{"floor":28,"key":"Ancient Tea Set"},{"floor":43,"key":"Champion Belt"},{"floor":48,"key":"Unceasing Top"}],"event_choices":[{"damage_healed":0.0,"max_hp_gain":0.0,"max_hp_loss":0.0,"gold_gain":0.0,"event_name":"Shining Light","player_choice":"Entered Light","floor":5.0,"gold_loss":0.0,"damage_taken":18.0,"cards_upgraded":["Defend_R","Rage"]},{"damage_healed":24.0,"max_hp_gain":0.0,"max_hp_loss":0.0,"gold_gain":0.0,"event_name":"Mushrooms","player_choice":"Healed and dodged fight","floor":11.0,"gold_loss":0.0,"damage_taken":0.0,"cards_obtained":["Parasite"]},{"damage_healed":0.0,"max_hp_gain":0.0,"max_hp_loss":0.0,"gold_gain":175.0,"event_name":"Liars Game","player_choice":"AGREE","floor":12.0,"gold_loss":0.0,"damage_taken":0.0,"cards_obtained":["Doubt"]},{"damage_healed":0.0,"max_hp_gain":0.0,"max_hp_loss":32.0,"gold_gain":0.0,"event_name":"Vampires","player_choice":"Became a vampire","floor":20.0,"gold_loss":0.0,"damage_taken":0.0,"cards_obtained":["Bite","Bite","Bite","Bite","Bite"]},{"damage_healed":0.0,"max_hp_gain":0.0,"max_hp_loss":0.0,"gold_gain":90.0,"event_name":"Knowing Skull","player_choice":"GOLD ","floor":21.0,"potions_obtained":[],"gold_loss":0.0,"damage_taken":14.0,"cards_obtained":[]},{"damage_healed":0,"gold_gain":0,"cards_transformed":["Defend_R"],"player_choice":"Transformed","damage_taken":0,"max_hp_gain":0,"max_hp_loss":0,"event_name":"Transmorgrifier","floor":37,"gold_loss":0,"cards_obtained":["Wild Strike"]},{"damage_healed":0,"gold_gain":0,"player_choice":"Max HP","damage_taken":0,"max_hp_gain":0,"max_hp_loss":4,"event_name":"Winding Halls","floor":41,"gold_loss":0},{"damage_healed":0,"gold_gain":0,"player_choice":"Paid","damage_taken":0,"relics_obtained":["Red Mask"],"max_hp_gain":0,"max_hp_loss":0,"event_name":"Tomb of Lord Red Mask","floor":46,"gold_loss":28},{"damage_healed":0,"gold_gain":0,"player_choice":"Fight","damage_taken":0,"max_hp_gain":0,"max_hp_loss":0,"event_name":"MindBloom","floor":48,"gold_loss":0}],"is_beta":false,"boss_relics":[{"not_picked":["Tiny House","Astrolabe"],"picked":"Coffee Dripper"},{"not_picked":["Calling Bell","Runic Cube"],"picked":"Orrery"}],"items_purged_floors":[14,39],"is_endless":false,"potions_floor_spawned":[1,3,10,16,22,28,31,36],"ascension_level":5}