{"gold_per_floor":[110,36,36,36,55,96,116,116,164,114,12,47,47,61,61,192,255,278,64,82,82,29,73,73,86,86,105,105,130,153,153,153,153],"floor_reached":33,"playtime":4012,"items_purged":["Strike_R"],"score":289,"play_id":"6b8295db-75f0-4be1-a68b-65fd484500c7","local_time":"20190515222835","is_ascension_mode":true,"campfire_choices":[{"data":"Body Slam","floor":8,"key":"SMITH"},{"data":"Metallicize","floor":13,"key":"SMITH"},{"data":"Bludgeon","floor":15,"key":"SMITH"},{"data":"Whirlwind","floor":24,"key":"SMITH"},{"floor":28,"key":"DIG"},{"floor":32,"key":"REST"}],"neow_cost":"PERCENT_DAMAGE","seed_source_timestamp":3022820590931109,"circlet_count":0,"master_deck":["Defend_R","Defend_R+1","Defend_R","Defend_R","Bash","Cleave","Dual Wield","Clothesline","Metallicize+1","Warcry","Body Slam+1","Heavy Blade","Heavy Blade","Shockwave","Bludgeon+1","Reaper","Pommel Strike","Whirlwind+1","Headbutt","Barricade+1","Shrug It Off","Thunderclap+1","Shrug It Off","Disarm","Warcry","Shrug It Off+1","True Grit","Evolve"],"relics":["Burning Blood","Golden Idol","Bag of Marbles","Orichalcum","Centennial Puzzle","Tiny House","Peace Pipe","Shovel","Pantograph"],"potions_floor_usage":[12,23,23,23,30,33],"damage_taken":[{"damage":6,"enemies":"2 Louse","floor":1,"turns":2},{"damage":3,"enemies":"Jaw Worm","floor":5,"turns":5},{"damage":10,"enemies":"Lagavulin","floor":6,"turns":10},{"damage":0,"enemies":"Cultist","floor":7,"turns":3},{"damage":4,"enemies":"3 Sentries","floor":12,"turns":8},{"damage":9,"enemies":"Exordium Wildlife","floor":14,"turns":4},{"damage":9,"enemies":"Slime Boss","floor":16,"turns":9},{"damage":16,"enemies":"3 Byrds","floor":18,"turns":6},{"damage":19,"enemies":"2 Thieves","floor":20,"turns":4},{"damage":54,"enemies":"Gremlin Leader","floor":23,"turns":8},{"damage":15,"enemies":"Chosen and Byrds","floor":25,"turns":7},{"damage":8,"enemies":"3 Cultists","floor":27,"turns":6},{"damage":15,"enemies":"Cultist and Chosen","floor":29,"turns":6},{"damage":41,"enemies":"Centurion and Healer","floor":30,"turns":9},{"damage":90,"enemies":"Collector","floor":33,"turns":18}],"seed_played":"-1352962929870036122","potions_obtained":[{"floor":6,"key":"Strength Potion"},{"floor":14,"key":"Block Potion"},{"floor":16,"key":"Strength Potion"},{"floor":17,"key":"SkillPotion"},{"floor":25,"key":"BloodPotion"},{"floor":29,"key":"FearPotion"}],"is_trial":false,"path_per_floor":["M","$","?","?","M","E","M","R","T","?","$","E","R","M","R","B",null,"M","$","M","?","$","E","R","M","T","M","R","M","M","?","R","B"],"character_chosen":"IRONCLAD","items_purchased":["Metallicize","Heavy Blade","Headbutt","Barricade","Shrug It Off","Shrug It Off"],"campfire_rested":1,"item_purchase_floors":[2,11,19,19,19,22],"current_hp_per_floor":[56,56,36,41,44,40,46,46,46,46,46,48,48,45,45,42,90,80,80,75,75,75,39,39,33,33,40,40,39,21,21,48,0],"gold":153,"neow_bonus":"TRANSFORM_TWO_CARDS","is_prod":false,"is_daily":false,"chose_seed":false,"campfire_upgraded":4,"win_rate":0,"timestamp":1557973715,"path_taken":["M","$","?","?","M","E","M","R","T","?","?","E","R","M","R","BOSS","M","$","M","?","$","E","R","M","T","M","R","?","M","?","R","BOSS"],"build_version":"2019-01-23","purchased_purges":1,"victory":false,"max_hp_per_floor":[80,80,80,85,85,85,85,85,85,85,85,85,85,85,85,85,90,90,90,90,90,90,90,90,90,90,90,90,90,90,90,90,90],"card_choices":[{"not_picked":["Clash","Thunderclap"],"picked":"Clothesline","floor":1},{"not_picked":["Dual Wield","Clash"],"picked":"Warcry","floor":5},{"not_picked":["Perfected Strike","Sever Soul"],"picked":"Body Slam","floor":6},{"not_picked":["Carnage","Flex"],"picked":"Heavy Blade","floor":7},{"not_picked":["Twin Strike","Rupture"],"picked":"Shockwave","floor":12},{"not_picked":["Clash","Clothesline"],"picked":"Bludgeon","floor":14},{"not_picked":["Impervious","Immolate"],"picked":"Reaper","floor":16},{"not_picked":["Shockwave","Warcry"],"picked":"Pommel Strike","floor":17},{"not_picked":["Heavy Blade","Body Slam"],"picked":"Whirlwind","floor":18},{"not_picked":["Iron Wave","Searing Blow"],"picked":"Thunderclap+1","floor":20},{"not_picked":["Bloodletting","Anger"],"picked":"Disarm","floor":23},{"not_picked":["Perfected Strike","Iron Wave","Carnage"],"picked":"SKIP","floor":25},{"not_picked":["Burning Pact","Corruption"],"picked":"Warcry","floor":27},{"not_picked":["Pommel Strike","Cleave"],"picked":"Shrug It Off+1","floor":29},{"not_picked":["Ghostly Armor","Perfected Strike"],"picked":"True Grit","floor":30}],"player_experience":20142,"relics_obtained":[{"floor":6,"key":"Bag of Marbles"},{"floor":9,"key":"Orichalcum"},{"floor":12,"key":"Centennial Puzzle"},{"floor":23,"key":"Peace Pipe"},{"floor":26,"key":"Shovel"},{"floor":28,"key":"Pantograph"}],"event_choices":[{"damage_healed":0,"gold_gain":0,"player_choice":"Take Damage","damage_taken":20,"relics_obtained":["Golden Idol"],"max_hp_gain":0,"max_hp_loss":0,"event_name":"Golden Idol","floor":3,"gold_loss":0},{"damage_healed":0,"gold_gain":0,"player_choice":"Donut","damage_taken":0,"max_hp_gain":5,"max_hp_loss":0,"event_name":"Big Fish","floor":4,"gold_loss":0},{"cards_removed":["Strike_R"],"damage_healed":0,"gold_gain":0,"player_choice":"Card Removal","damage_taken":0,"max_hp_gain":0,"max_hp_loss":0,"event_name":"The Cleric","floor":10,"gold_loss":50},{"damage_healed":0,"gold_gain":0,"player_choice":"Upgraded","damage_taken":0,"max_hp_gain":0,"max_hp_loss":0,"event_name":"Upgrade Shrine","floor":21,"gold_loss":0,"cards_upgraded":["Barricade"]},{"damage_healed":0,"gold_gain":0,"cards_transformed":["Strike_R"],"player_choice":"Transformed","damage_taken":0,"max_hp_gain":0,"max_hp_loss":0,"event_name":"Transmorgrifier","floor":31,"gold_loss":0,"cards_obtained":["Evolve"]}],"is_beta":false,"boss_relics":[{"not_picked":["Snecko Eye","Velvet Choker"],"picked":"Tiny House"}],"items_purged_floors":[11],"is_endless":false,"potions_floor_spawned":[6,14,16,25,29],"killed_by":"Collector","ascension_level":1}