{"gold_per_floor":[369,389,26,40,40,66,66,101,128,157,157,174,174,249,249,323,323,342,57,57,74,91,117,117,145,227,227,237,251,281,281,281,357,357,369,382,382,148,161,193,193,225,251,263,275,302,314,358,370,382],"floor_reached":51,"playtime":2559,"items_purged":[],"score":1504,"play_id":"c3b3ae10-5cca-4e35-bbaa-46b96d2ea811","local_time":"20190529133003","is_ascension_mode":true,"campfire_choices":[{"data":"Perfected Strike","floor":7.0,"key":"SMITH"},{"data":"Heavy Blade","floor":13.0,"key":"SMITH"},{"floor":15.0,"key":"REST"},{"floor":24.0,"key":"REST"},{"floor":32.0,"key":"REST"},{"floor":45,"key":"REST"},{"floor":47,"key":"REST"},{"floor":49,"key":"REST"}],"neow_cost":"PERCENT_DAMAGE","seed_source_timestamp":0,"circlet_count":0,"master_deck":["AscendersBane","Strike_R","Strike_R","Strike_R","Strike_R","Strike_R","Defend_R","Defend_R","Defend_R","Defend_R","Bash","Shockwave","Headbutt","Perfected Strike+1","Demon Form","Shrug It Off","Heavy Blade+1","Heavy Blade","Twin Strike","Spot Weakness","Double Tap","Offering","Heavy Blade","Dropkick","Pummel","Bludgeon","Clothesline+1","Perfected Strike+1","Heavy Blade+1","Offering","Pummel+1","Mayhem","Metamorphosis","Immolate+1","Sword Boomerang+1","Shockwave","Shrug It Off","Corruption","True Grit+1","Twin Strike+1"],"special_seed":0,"relics":["Burning Blood","Lee\u0027s Waffle","Bag of Preparation","Smiling Mask","Orichalcum","Bottled Flame","Fusion Hammer","Magic Flower","Mercury Hourglass","Pen Nib","Molten Egg 2","Ancient Tea Set","Snecko Eye","Toxic Egg 2","Blood Vial","MawBank","Blue Candle","Torii"],"potions_floor_usage":[42,50,50],"damage_taken":[{"damage":4.0,"enemies":"2 Louse","floor":1.0,"turns":4.0},{"damage":4.0,"enemies":"Small Slimes","floor":2.0,"turns":5.0},{"damage":6.0,"enemies":"Cultist","floor":4.0,"turns":3.0},{"damage":31.0,"enemies":"Gremlin Nob","floor":6.0,"turns":5.0},{"damage":25.0,"enemies":"3 Sentries","floor":8.0,"turns":7.0},{"damage":0.0,"enemies":"Lagavulin","floor":10.0,"turns":4.0},{"damage":3.0,"enemies":"2 Fungi Beasts","floor":12.0,"turns":2.0},{"damage":30.0,"enemies":"Hexaghost","floor":16.0,"turns":7.0},{"damage":6.0,"enemies":"Chosen","floor":18.0,"turns":2.0},{"damage":0.0,"enemies":"3 Byrds","floor":21.0,"turns":5.0},{"damage":28.0,"enemies":"Snake Plant","floor":22.0,"turns":3.0},{"damage":28.0,"enemies":"Gremlin Leader","floor":23.0,"turns":4.0},{"damage":27.0,"enemies":"Book of Stabbing","floor":25.0,"turns":3.0},{"damage":16.0,"enemies":"Centurion and Healer","floor":28.0,"turns":3.0},{"damage":12.0,"enemies":"Shelled Parasite and Fungi","floor":29.0,"turns":2.0},{"damage":12.0,"enemies":"Gremlin Leader","floor":30.0,"turns":3.0},{"damage":60,"enemies":"Automaton","floor":33,"turns":5},{"damage":0,"enemies":"3 Shapes","floor":35,"turns":7},{"damage":8,"enemies":"Orb Walker","floor":36,"turns":2},{"damage":0,"enemies":"3 Darklings","floor":39,"turns":1},{"damage":20,"enemies":"Giant Head","floor":40,"turns":5},{"damage":23,"enemies":"Reptomancer","floor":42,"turns":3},{"damage":6,"enemies":"Sphere and 2 Shapes","floor":46,"turns":2},{"damage":11,"enemies":"Nemesis","floor":48,"turns":3},{"damage":55,"enemies":"Awakened One","floor":50,"turns":4}],"seed_played":"4071877266924288144","potions_obtained":[{"floor":1.0,"key":"Dexterity Potion"},{"floor":8.0,"key":"LiquidBronze"},{"floor":16.0,"key":"Regen Potion"},{"floor":28.0,"key":"AttackPotion"},{"floor":29.0,"key":"Energy Potion"},{"floor":33,"key":"Weak Potion"},{"floor":46,"key":"Fire Potion"},{"floor":48,"key":"Explosive Potion"}],"is_trial":false,"path_per_floor":["M","M","$","M","?","E","R","E","T","E","?","M","R","?","R","B",null,"M","$","?","M","M","E","R","E","T","?","M","M","E","?","R","B",null,"M","M","?","$","M","E","?","E","T","?","R","M","R","E","R","B",null],"character_chosen":"IRONCLAD","items_purchased":["Lee\u0027s Waffle","Perfected Strike","Demon Form","Magic Flower","Immolate+1","Sword Boomerang+1","Shockwave"],"campfire_rested":6,"item_purchase_floors":[3,3,3,19,38,38,38],"current_hp_per_floor":[52,54,82,82,82,57,57,38,38,44,49,52,52,41,67,43,76,76,76,76,85,66,47,73,69,69,52,45,42,39,39,66,15,73,82,83,73,73,82,71,71,57,57,57,84,90,92,90,92,46],"gold":394,"neow_bonus":"TWO_FIFTY_GOLD","is_prod":false,"is_daily":false,"chose_seed":false,"campfire_upgraded":2,"win_rate":0,"timestamp":1559100603,"path_taken":["M","M","$","M","?","E","R","E","T","E","?","M","R","?","R","BOSS","M","$","?","?","M","E","R","E","T","?","M","M","E","?","R","BOSS","M","M","?","$","M","E","?","E","T","?","R","M","R","E","R","BOSS"],"build_version":"2019-01-23","purchased_purges":0,"victory":true,"max_hp_per_floor":[75,75,82,82,82,82,82,82,82,82,87,87,87,87,87,87,87,87,87,87,87,87,87,87,87,87,92,92,92,92,92,92,92,92,92,92,92,92,92,92,92,92,92,92,92,92,92,92,92,92],"card_choices":[{"not_picked":["Anger","Clothesline"],"picked":"Shockwave","floor":1.0},{"not_picked":["Clash","Body Slam"],"picked":"Headbutt","floor":2.0},{"not_picked":["Spot Weakness","Armaments"],"picked":"Shrug It Off","floor":4.0},{"not_picked":["Barricade","Anger"],"picked":"Heavy Blade","floor":6.0},{"not_picked":["Body Slam","Ghostly Armor"],"picked":"Heavy Blade","floor":8.0},{"not_picked":["Pommel Strike","Sever Soul"],"picked":"Twin Strike","floor":10.0},{"not_picked":["Second Wind","Sever Soul"],"picked":"Spot Weakness","floor":12.0},{"not_picked":["Demon Form","Juggernaut"],"picked":"Double Tap","floor":16.0},{"not_picked":["Clothesline","Clash","Iron Wave"],"picked":"SKIP","floor":18.0},{"not_picked":["Feed","Warcry"],"picked":"Heavy Blade","floor":21.0},{"not_picked":["Sever Soul","Evolve"],"picked":"Dropkick","floor":22.0},{"not_picked":["Thunderclap","Shockwave"],"picked":"Pummel","floor":23.0},{"not_picked":["Carnage","Barricade"],"picked":"Bludgeon","floor":25.0},{"not_picked":["Sever Soul+1","Armaments"],"picked":"Clothesline+1","floor":28.0},{"not_picked":["Iron Wave+1","Pommel Strike+1"],"picked":"Perfected Strike+1","floor":29.0},{"not_picked":["Sentinel","Clash+1"],"picked":"Heavy Blade+1","floor":30.0},{"not_picked":["Exhume","Fiend Fire+1"],"picked":"Offering","floor":33},{"not_picked":["Iron Wave+1","Thunderclap+1"],"picked":"Pummel+1","floor":35},{"not_picked":["Reckless Charge+1","Battle Trance+1","Second Wind"],"picked":"SKIP","floor":36},{"not_picked":["Forethought","Violence"],"picked":"Mayhem","floor":37},{"not_picked":["Jack Of All Trades","Mayhem"],"picked":"Metamorphosis","floor":37},{"not_picked":["Seeing Red","Flex"],"picked":"Shrug It Off","floor":39},{"not_picked":["Intimidate","Headbutt+1"],"picked":"True Grit","floor":40},{"not_picked":["Clash+1","Carnage+1"],"picked":"Corruption","floor":42},{"not_picked":["Clash+1","Clothesline+1"],"picked":"True Grit+1","floor":46},{"not_picked":["Armaments+1","Seeing Red+1"],"picked":"Twin Strike+1","floor":48}],"player_experience":46210,"relics_obtained":[{"floor":6.0,"key":"Bag of Preparation"},{"floor":8.0,"key":"Smiling Mask"},{"floor":9.0,"key":"Orichalcum"},{"floor":10.0,"key":"Bottled Flame"},{"floor":23.0,"key":"Mercury Hourglass"},{"floor":25.0,"key":"Pen Nib"},{"floor":26.0,"key":"Molten Egg 2"},{"floor":30.0,"key":"Ancient Tea Set"},{"floor":40,"key":"Toxic Egg 2"},{"floor":42,"key":"Blood Vial"},{"floor":43,"key":"MawBank"},{"floor":44,"key":"Blue Candle"},{"floor":48,"key":"Torii"}],"event_choices":[{"damage_healed":0.0,"max_hp_gain":0.0,"max_hp_loss":0.0,"gold_gain":0.0,"event_name":"Golden Wing","player_choice":"Ignored","floor":5.0,"gold_loss":0.0,"damage_taken":0.0},{"damage_healed":0.0,"max_hp_gain":5.0,"max_hp_loss":0.0,"gold_gain":0.0,"event_name":"Big Fish","player_choice":"Donut","floor":11.0,"gold_loss":0.0,"damage_taken":0.0},{"damage_healed":0.0,"max_hp_gain":0.0,"max_hp_loss":0.0,"gold_gain":75.0,"event_name":"World of Goop","player_choice":"Gather Gold","floor":14.0,"gold_loss":0.0,"damage_taken":11.0},{"damage_healed":0.0,"max_hp_gain":0.0,"max_hp_loss":0.0,"gold_gain":0.0,"event_name":"Match and Keep!","player_choice":"1 cards matched","floor":20.0,"gold_loss":0.0,"damage_taken":0.0,"cards_obtained":["Offering"]},{"damage_healed":0.0,"max_hp_gain":5.0,"max_hp_loss":0.0,"gold_gain":0.0,"event_name":"Forgotten Altar","player_choice":"Shed Blood","floor":27.0,"gold_loss":0.0,"damage_taken":22.0},{"damage_healed":0.0,"max_hp_gain":0.0,"max_hp_loss":0.0,"gold_gain":0.0,"event_name":"Ghosts","player_choice":"Ignored","floor":31.0,"gold_loss":0.0,"damage_taken":0.0},{"damage_healed":0,"gold_gain":0,"player_choice":"Memory 3","damage_taken":10,"max_hp_gain":0,"max_hp_loss":0,"event_name":"SensoryStone","floor":37,"gold_loss":0},{"cards_removed":["True Grit"],"damage_healed":0,"gold_gain":0,"player_choice":"Removed Skill","damage_taken":0,"max_hp_gain":0,"max_hp_loss":0,"event_name":"Falling","floor":41,"gold_loss":0},{"damage_healed":0,"gold_gain":0,"player_choice":"Relic","damage_taken":0,"max_hp_gain":0,"max_hp_loss":0,"event_name":"Wheel of Change","floor":44,"gold_loss":0}],"is_beta":false,"boss_relics":[{"not_picked":["White Beast Statue","Runic Cube"],"picked":"Fusion Hammer"},{"not_picked":["Astrolabe","Eternal Feather"],"picked":"Snecko Eye"}],"items_purged_floors":[],"is_endless":false,"potions_floor_spawned":[1,8,12,16,23,28,29,33,35,39,46,48],"ascension_level":14}