{"gold_per_floor":[109,109,109,18,31,31,46,46,46,46,67,67,67,87,87,212,212,200,28,128,149,167,167,192,212,235,275,275,300,319,337,337,457,457,471,596,388,408,49,88,106,106,186,186,230,230,250,273,273,273],"floor_reached":51,"playtime":8449,"items_purged":["Strike_R","Strike_R"],"score":896,"play_id":"00496bd6-1572-4608-b96f-7aca4fb3e09a","local_time":"20190514210600","is_ascension_mode":false,"campfire_choices":[{"data":"Flame Barrier","floor":6.0,"key":"SMITH"},{"data":"Metallicize","floor":8.0,"key":"SMITH"},{"data":"Cleave","floor":10.0,"key":"SMITH"},{"data":"Iron Wave","floor":15.0,"key":"SMITH"},{"data":"Barricade","floor":23.0,"key":"SMITH"},{"data":"Body Slam","floor":28.0,"key":"SMITH"},{"data":"Metallicize","floor":32.0,"key":"SMITH"},{"data":"Juggernaut","floor":44,"key":"SMITH"},{"data":"Iron Wave","floor":46,"key":"SMITH"},{"floor":49,"key":"REST"}],"neow_cost":"NONE","seed_source_timestamp":0,"circlet_count":0,"master_deck":["Strike_R","Strike_R","Strike_R","Defend_R","Defend_R","Defend_R","Defend_R","Bash","Sword Boomerang","Flame Barrier+1","Cleave","Cleave+1","Metallicize+1","Iron Wave+1","Body Slam+1","Barricade+1","Iron Wave+1","Battle Trance+1","Bandage Up+1","Armaments+1","Flame Barrier+1","Juggernaut+1","True Grit+1","Dual Wield+1","True Grit+1","Twin Strike+1","Metallicize+1","Offering+1","Clothesline+1","Intimidate+1","Shrug It Off+1","Burning Pact+1","Battle Trance+1","Headbutt+1","Shrug It Off+1","Dark Shackles+1","Master of Strategy+1","Offering+1","Pommel Strike+1"],"special_seed":0,"relics":["Black Blood","Golden Idol","Toxic Egg 2","Velvet Choker","Lantern","Blood Vial","Thread and Needle","Bottled Tornado","Pear","Frozen Egg 2","Potion Belt"],"potions_floor_usage":[48,48,50],"damage_taken":[{"damage":8.0,"enemies":"Small Slimes","floor":1.0,"turns":3.0},{"damage":7.0,"enemies":"2 Louse","floor":5.0,"turns":2.0},{"damage":0.0,"enemies":"Jaw Worm","floor":7.0,"turns":3.0},{"damage":4.0,"enemies":"Blue Slaver","floor":11.0,"turns":5.0},{"damage":2.0,"enemies":"Gremlin Gang","floor":14.0,"turns":3.0},{"damage":82.0,"enemies":"The Guardian","floor":16.0,"turns":16.0},{"damage":15.0,"enemies":"2 Thieves","floor":18.0,"turns":5.0},{"damage":6.0,"enemies":"Shell Parasite","floor":21.0,"turns":7.0},{"damage":15.0,"enemies":"Centurion and Healer","floor":22.0,"turns":9.0},{"damage":2.0,"enemies":"Cultist and Chosen","floor":24.0,"turns":11.0},{"damage":9.0,"enemies":"Snake Plant","floor":25.0,"turns":5.0},{"damage":26.0,"enemies":"Book of Stabbing","floor":27.0,"turns":7.0},{"damage":16.0,"enemies":"Sentry and Sphere","floor":29.0,"turns":5.0},{"damage":12.0,"enemies":"Centurion and Healer","floor":30.0,"turns":8.0},{"damage":0.0,"enemies":"Chosen and Byrds","floor":31.0,"turns":6.0},{"damage":0.0,"enemies":"Champ","floor":33.0,"turns":13.0},{"damage":2,"enemies":"3 Shapes","floor":35,"turns":6},{"damage":6,"enemies":"Mind Bloom Boss Battle","floor":36,"turns":8},{"damage":2,"enemies":"3 Darklings","floor":38,"turns":7},{"damage":7,"enemies":"Giant Head","floor":40,"turns":11},{"damage":6,"enemies":"Sphere and 2 Shapes","floor":41,"turns":4},{"damage":0,"enemies":"Nemesis","floor":45,"turns":7},{"damage":12,"enemies":"Spire Growth","floor":47,"turns":5},{"damage":36,"enemies":"Transient","floor":48,"turns":5},{"damage":6,"enemies":"Awakened One","floor":50,"turns":13}],"seed_played":"-6141793338666237601","potions_obtained":[{"floor":1.0,"key":"Ancient Potion"},{"floor":7.0,"key":"FearPotion"},{"floor":16.0,"key":"SteroidPotion"},{"floor":21.0,"key":"GamblersBrew"},{"floor":25.0,"key":"Fire Potion"},{"floor":31.0,"key":"Regen Potion"},{"floor":35,"key":"Strength Potion"},{"floor":41,"key":"SkillPotion"},{"floor":48,"key":"Fire Potion"}],"is_trial":false,"path_per_floor":["M","?","?","$","M","R","M","R","T","R","M","?","?","M","R","B",null,"M","$","?","M","M","R","M","M","T","E","R","M","M","M","R","B",null,"M","?","$","M","$","E","M","?","T","R","E","R","M","M","R","B",null],"character_chosen":"IRONCLAD","items_purchased":["Flame Barrier","Cleave","Battle Trance+1","Bandage Up+1","Block Potion","Shrug It Off+1","Burning Pact+1","Bottled Tornado"],"campfire_rested":1,"item_purchase_floors":[4,4,19,19,19,37,37,39],"current_hp_per_floor":[86,86,86,86,85,85,88,88,88,88,88,88,88,88,88,12,88,79,79,79,85,82,82,88,88,88,68,68,66,68,82,82,88,88,88,88,88,88,88,98,98,93,93,93,98,98,98,72,98,98],"gold":273,"neow_bonus":"TEN_PERCENT_HP_BONUS","is_prod":false,"is_daily":false,"chose_seed":false,"campfire_upgraded":9,"win_rate":0.0,"timestamp":1557882360,"path_taken":["M","?","?","$","M","R","M","R","T","R","M","?","?","?","R","BOSS","M","$","?","?","M","R","M","M","T","E","R","M","M","M","R","BOSS","M","?","$","M","$","E","M","?","T","R","E","R","M","M","R","BOSS"],"build_version":"2019-01-23","purchased_purges":2,"victory":true,"max_hp_per_floor":[88,88,88,88,88,88,88,88,88,88,88,88,88,88,88,88,88,88,88,88,88,88,88,88,88,88,88,88,88,88,88,88,88,88,88,88,88,88,88,98,98,98,98,98,98,98,98,98,98,98],"card_choices":[{"not_picked":["Blood for Blood","Thunderclap"],"picked":"Sword Boomerang","floor":1.0},{"not_picked":["Whirlwind","Burning Pact"],"picked":"Cleave","floor":5.0},{"not_picked":["Burning Pact","Twin Strike"],"picked":"Metallicize","floor":7.0},{"not_picked":["Cleave","Clothesline"],"picked":"Iron Wave","floor":11.0},{"not_picked":["Clothesline","Inflame"],"picked":"Body Slam","floor":14.0},{"not_picked":["Fiend Fire","Double Tap+1"],"picked":"Barricade","floor":16.0},{"not_picked":["Perfected Strike+1","Pummel+1"],"picked":"Iron Wave","floor":18.0},{"not_picked":["Anger","Searing Blow+1"],"picked":"Armaments+1","floor":21.0},{"not_picked":["Second Wind+1","Iron Wave"],"picked":"Flame Barrier+1","floor":22.0},{"not_picked":["Clothesline","Body Slam"],"picked":"Juggernaut","floor":24.0},{"not_picked":["Sword Boomerang","Anger"],"picked":"True Grit+1","floor":25.0},{"not_picked":["Carnage","Blood for Blood+1"],"picked":"Dual Wield+1","floor":27.0},{"not_picked":["Perfected Strike","Pommel Strike"],"picked":"True Grit+1","floor":29.0},{"not_picked":["Sword Boomerang+1","Thunderclap+1"],"picked":"Twin Strike+1","floor":30.0},{"not_picked":["Twin Strike","Uppercut+1"],"picked":"Metallicize","floor":31.0},{"not_picked":["Bludgeon","Demon Form"],"picked":"Offering+1","floor":33.0},{"not_picked":["Dropkick+1","Pummel+1"],"picked":"Clothesline+1","floor":35},{"not_picked":["Dropkick+1","Carnage+1"],"picked":"Intimidate+1","floor":36},{"not_picked":["Clothesline+1","Twin Strike"],"picked":"Battle Trance+1","floor":38},{"not_picked":["Hemokinesis+1","Uppercut"],"picked":"Headbutt+1","floor":40},{"not_picked":["Clothesline","Perfected Strike"],"picked":"Shrug It Off+1","floor":41},{"not_picked":["Jack Of All Trades+1","Thinking Ahead+1"],"picked":"Dark Shackles+1","floor":42},{"not_picked":["Impatience+1","Enlightenment+1"],"picked":"Master of Strategy+1","floor":42},{"not_picked":["Shockwave+1","Barricade+1"],"picked":"Offering+1","floor":45},{"not_picked":["Pummel","Rage+1","Reckless Charge"],"picked":"SKIP","floor":47},{"not_picked":["Carnage","Perfected Strike"],"picked":"Pommel Strike+1","floor":48}],"player_experience":1201,"relics_obtained":[{"floor":9.0,"key":"Toxic Egg 2"},{"floor":26.0,"key":"Lantern"},{"floor":27.0,"key":"Blood Vial"},{"floor":36,"key":"Thread and Needle"},{"floor":40,"key":"Pear"},{"floor":43,"key":"Frozen Egg 2"},{"floor":45,"key":"Potion Belt"}],"event_choices":[{"damage_healed":0.0,"max_hp_gain":0.0,"max_hp_loss":0.0,"gold_gain":0.0,"event_name":"Golden Wing","player_choice":"Ignored","floor":2.0,"gold_loss":0.0,"damage_taken":0.0},{"damage_healed":0.0,"max_hp_gain":0.0,"max_hp_loss":0.0,"gold_gain":0.0,"event_name":"Golden Idol","player_choice":"Take Wound","floor":3.0,"gold_loss":0.0,"damage_taken":0.0,"relics_obtained":["Golden Idol"],"cards_obtained":["Injury"]},{"cards_removed":["Injury"],"damage_healed":0.0,"max_hp_gain":0.0,"max_hp_loss":0.0,"gold_gain":0.0,"event_name":"Living Wall","player_choice":"Forget","floor":12.0,"gold_loss":0.0,"damage_taken":0.0},{"damage_healed":0.0,"max_hp_gain":0.0,"max_hp_loss":0.0,"gold_gain":0.0,"event_name":"Liars Game","player_choice":"Ignored","floor":13.0,"gold_loss":0.0,"damage_taken":0.0},{"damage_healed":0.0,"max_hp_gain":0.0,"max_hp_loss":0.0,"gold_gain":100.0,"event_name":"Golden Shrine","player_choice":"Pray","floor":20.0,"gold_loss":0.0,"damage_taken":0.0},{"damage_healed":0,"gold_gain":0,"player_choice":"Fight","damage_taken":0,"max_hp_gain":0,"max_hp_loss":0,"event_name":"MindBloom","floor":36,"gold_loss":0},{"damage_healed":0,"gold_gain":0,"player_choice":"Memory 2","damage_taken":5,"max_hp_gain":0,"max_hp_loss":0,"event_name":"SensoryStone","floor":42,"gold_loss":0}],"is_beta":false,"boss_relics":[{"not_picked":["Sozu","Lizard Tail"],"picked":"Velvet Choker"},{"not_picked":["White Beast Statue","Snecko Eye"],"picked":"Black Blood"}],"items_purged_floors":[37,39],"is_endless":false,"potions_floor_spawned":[1,7,16,21,24,25,31,35,40,41,48],"ascension_level":0}