{"gold_per_floor":[117,48,59,59,75,101,101,135,160,173,173,186,186,243,243,243],"floor_reached":16,"playtime":517,"items_purged":[],"score":110,"play_id":"f2e97ac9-22fd-42df-8248-e3a965bb11f4","local_time":"20190529210359","is_ascension_mode":false,"campfire_choices":[{"data":"Neutralize","floor":7,"key":"SMITH"},{"data":"Caltrops","floor":13,"key":"SMITH"},{"floor":15,"key":"REST"}],"neow_cost":"NONE","seed_source_timestamp":467826677139000,"circlet_count":0,"master_deck":["Strike_G","Strike_G","Strike_G","Defend_G","Defend_G","Defend_G","Defend_G","Defend_G","Survivor","Neutralize+1","Slice","Dash","Caltrops+1","Blade Dance","Dagger Spray","All Out Attack","Infinite Blades","Backstab","Dagger Throw","Noxious Fumes","Noxious Fumes"],"relics":["Ring of the Snake","Juzu Bracelet","Blood Vial","Dream Catcher","Bottled Lightning"],"potions_floor_usage":[6,8,14],"damage_taken":[{"damage":0,"enemies":"Small Slimes","floor":1,"turns":5},{"damage":0,"enemies":"Cultist","floor":3,"turns":4},{"damage":3,"enemies":"Jaw Worm","floor":5,"turns":3},{"damage":9,"enemies":"3 Sentries","floor":6,"turns":7},{"damage":30,"enemies":"Lagavulin","floor":8,"turns":9},{"damage":4,"enemies":"Looter","floor":10,"turns":3},{"damage":1,"enemies":"Exordium Wildlife","floor":12,"turns":4},{"damage":24,"enemies":"Lagavulin Event","floor":14,"turns":7},{"damage":32,"enemies":"Slime Boss","floor":16,"turns":5}],"seed_played":"3203259196472873226","potions_obtained":[{"floor":1,"key":"SpeedPotion"},{"floor":3,"key":"Energy Potion"},{"floor":8,"key":"Energy Potion"},{"floor":10,"key":"Energy Potion"}],"is_trial":false,"path_per_floor":["M","$","M","?","M","E","R","E","T","M","?","M","R","?","R","B"],"character_chosen":"THE_SILENT","items_purchased":["Dash"],"campfire_rested":1,"item_purchase_floors":[2],"current_hp_per_floor":[77,77,77,77,74,65,65,35,35,33,26,27,27,5,28,0],"gold":243,"neow_bonus":"TEN_PERCENT_HP_BONUS","is_prod":false,"is_daily":false,"chose_seed":false,"campfire_upgraded":2,"win_rate":0,"timestamp":1559153039,"path_taken":["M","$","M","?","M","E","R","E","T","M","?","M","R","?","R","BOSS"],"build_version":"2019-05-28","purchased_purges":0,"victory":false,"max_hp_per_floor":[77,77,77,77,77,77,77,77,77,77,77,77,77,77,77,77],"card_choices":[{"not_picked":["Calculated Gamble","Dodge and Roll"],"picked":"Slice","floor":1},{"not_picked":["Deadly Poison","Backflip"],"picked":"Caltrops","floor":3},{"not_picked":["Choke","Reflex"],"picked":"Dagger Spray","floor":5},{"not_picked":["Doppelganger","Well Laid Plans"],"picked":"All Out Attack","floor":6},{"not_picked":["Outmaneuver","Slice"],"picked":"Infinite Blades","floor":8},{"not_picked":["Sucker Punch","Expertise"],"picked":"Backstab","floor":10},{"not_picked":["Underhanded Strike","Accuracy"],"picked":"Dagger Throw","floor":12},{"not_picked":["Dagger Spray","Bane"],"picked":"Noxious Fumes","floor":14},{"not_picked":["Underhanded Strike","Leg Sweep"],"picked":"Noxious Fumes","floor":15}],"player_experience":396497,"relics_obtained":[{"floor":6,"key":"Juzu Bracelet"},{"floor":8,"key":"Blood Vial"},{"floor":9,"key":"Dream Catcher"},{"floor":14,"key":"Bottled Lightning"}],"event_choices":[{"damage_healed":0,"gold_gain":0,"cards_transformed":["Strike_G"],"player_choice":"Transformed","damage_taken":0,"max_hp_gain":0,"max_hp_loss":0,"event_name":"Transmorgrifier","floor":4,"gold_loss":0,"cards_obtained":["Blade Dance"]},{"cards_removed":["Strike_G"],"damage_healed":0,"gold_gain":0,"player_choice":"Card Removal","damage_taken":7,"max_hp_gain":0,"max_hp_loss":0,"event_name":"Golden Wing","floor":11,"gold_loss":0},{"damage_healed":0,"gold_gain":0,"player_choice":"Searched \u00271\u0027 times","damage_taken":0,"max_hp_gain":0,"max_hp_loss":0,"event_name":"Dead Adventurer","floor":14,"gold_loss":0}],"is_beta":true,"boss_relics":[],"items_purged_floors":[],"is_endless":false,"potions_floor_spawned":[1,3,8,10],"killed_by":"Slime Boss","ascension_level":0}