{"gold_per_floor":[112,112,132,150,57,57,87,87,158,173,273,286,317,337,337,439,439,453,453,453,464,476,476,488,488,488,506,536,536,546,572,572,668,668,687,697,697,667,686,686,712,730,730,730,746,746,62,92,92,92],"floor_reached":51,"playtime":2665,"items_purged":[],"score":1040,"play_id":"bbaf3ae5-d4d7-4040-8df6-a07409aa73a3","local_time":"20190527044949","is_ascension_mode":true,"campfire_choices":[{"data":"1","floor":6.0,"key":"LIFT"},{"data":"2","floor":8.0,"key":"LIFT"},{"data":"Bash","floor":15.0,"key":"SMITH"},{"data":"3","floor":23.0,"key":"LIFT"},{"data":"Sword Boomerang","floor":25.0,"key":"SMITH"},{"data":"Rage","floor":29.0,"key":"SMITH"},{"floor":32.0,"key":"REST"},{"data":"Sword Boomerang","floor":40,"key":"SMITH"},{"data":"Demon Form","floor":46,"key":"SMITH"},{"floor":49,"key":"REST"}],"neow_cost":"TEN_PERCENT_HP_LOSS","seed_source_timestamp":33079874639467,"circlet_count":0,"master_deck":["Strike_R","Strike_R","Strike_R","Defend_R","Defend_R","Defend_R","Defend_R","Bash+1","Battle Trance","Iron Wave+1","Seeing Red","Dropkick","Sword Boomerang+1","Shrug It Off","Pommel Strike","Pommel Strike","Havoc+1","Pommel Strike+1","Demon Form+1","Rage+1","Iron Wave","Sword Boomerang+1","Bludgeon","Carnage+1","Sword Boomerang+1","Headbutt+1","Pommel Strike+1","Disarm","Clothesline","True Grit+1","Wild Strike+1"],"special_seed":0,"relics":["Burning Blood","Girya","Boot","Singing Bowl","Dream Catcher","Velvet Choker","Strawberry","Shuriken","Potion Belt","Whetstone","Mark of Pain","Self Forming Clay","Letter Opener","Sling","PreservedInsect","Regal Pillow","Sundial"],"potions_floor_usage":[36,39,42,50,50,50,50],"damage_taken":[{"damage":3.0,"enemies":"2 Louse","floor":1.0,"turns":3.0},{"damage":5.0,"enemies":"Small Slimes","floor":3.0,"turns":4.0},{"damage":1.0,"enemies":"Cultist","floor":4.0,"turns":4.0},{"damage":20.0,"enemies":"3 Sentries","floor":7.0,"turns":9.0},{"damage":1.0,"enemies":"Looter","floor":10.0,"turns":2.0},{"damage":1.0,"enemies":"2 Fungi Beasts","floor":12.0,"turns":2.0},{"damage":20.0,"enemies":"Gremlin Nob","floor":13.0,"turns":4.0},{"damage":1.0,"enemies":"Gremlin Gang","floor":14.0,"turns":4.0},{"damage":32.0,"enemies":"Hexaghost","floor":16.0,"turns":7.0},{"damage":4.0,"enemies":"3 Byrds","floor":18.0,"turns":4.0},{"damage":10.0,"enemies":"2 Thieves","floor":21.0,"turns":4.0},{"damage":0.0,"enemies":"Centurion and Healer","floor":22.0,"turns":4.0},{"damage":5.0,"enemies":"Snecko","floor":24.0,"turns":3.0},{"damage":14.0,"enemies":"Snake Plant","floor":27.0,"turns":2.0},{"damage":25.0,"enemies":"Gremlin Leader","floor":28.0,"turns":6.0},{"damage":0.0,"enemies":"Cultist and Chosen","floor":30.0,"turns":3.0},{"damage":27.0,"enemies":"Automaton","floor":33.0,"turns":6.0},{"damage":3.0,"enemies":"Orb Walker","floor":35.0,"turns":3.0},{"damage":5,"enemies":"3 Shapes","floor":36,"turns":3},{"damage":15,"enemies":"Sphere and 2 Shapes","floor":39,"turns":5},{"damage":34,"enemies":"Giant Head","floor":41,"turns":6},{"damage":3,"enemies":"Spire Growth","floor":42,"turns":3},{"damage":3,"enemies":"Transient","floor":45,"turns":5},{"damage":9,"enemies":"Nemesis","floor":48,"turns":3},{"damage":49,"enemies":"Awakened One","floor":50,"turns":8}],"seed_played":"-6789738041341394128","potions_obtained":[{"floor":4.0,"key":"Swift Potion"},{"floor":7.0,"key":"SteroidPotion"},{"floor":12.0,"key":"Weak Potion"},{"floor":13.0,"key":"FairyPotion"},{"floor":18.0,"key":"Strength Potion"},{"floor":24.0,"key":"Dexterity Potion"},{"floor":33.0,"key":"EssenceOfSteel"},{"floor":35.0,"key":"AttackPotion"},{"floor":38,"key":"Explosive Potion"},{"floor":41,"key":"AttackPotion"}],"is_trial":false,"path_per_floor":["M","?","M","M","$","R","E","R","T","M","?","M","E","M","R","B",null,"M","?","?","M","M","R","M","R","T","M","E","R","M","T","R","B",null,"M","M","?","?","M","R","E","M","T","?","M","R","$","E","R","B",null],"character_chosen":"IRONCLAD","items_purchased":["Dropkick","Sword Boomerang","Sling","PreservedInsect","Regal Pillow","Disarm","Clothesline","PowerPotion"],"campfire_rested":2,"item_purchase_floors":[5,5,47,47,47,47,47,47],"current_hp_per_floor":[72,65,66,71,71,71,57,57,57,64,64,71,57,64,64,40,70,72,79,79,75,83,83,84,84,84,76,57,57,63,63,89,68,84,89,90,90,90,81,81,55,58,58,58,61,61,61,58,93,50],"gold":92,"neow_bonus":"ONE_RARE_RELIC","is_prod":false,"is_daily":false,"chose_seed":false,"campfire_upgraded":5,"win_rate":1,"timestamp":1558896589,"path_taken":["M","?","M","M","$","R","E","R","T","M","?","M","E","?","R","BOSS","M","?","?","M","M","R","M","R","T","?","E","R","M","?","R","BOSS","M","M","?","?","M","R","E","?","T","?","M","R","$","E","R","BOSS"],"build_version":"2019-01-23","purchased_purges":0,"victory":true,"max_hp_per_floor":[72,72,72,72,72,72,72,72,72,74,74,76,76,78,78,80,80,80,87,87,87,89,89,89,89,89,89,89,89,89,89,89,89,89,91,91,91,91,91,91,93,93,93,93,93,93,93,93,93,93],"card_choices":[{"not_picked":["Pommel Strike","Iron Wave"],"picked":"Battle Trance","floor":1.0},{"not_picked":["Juggernaut","Ghostly Armor"],"picked":"Iron Wave","floor":3.0},{"not_picked":["Sentinel","Warcry"],"picked":"Seeing Red","floor":4.0},{"not_picked":["True Grit","Feel No Pain"],"picked":"Shrug It Off","floor":7.0},{"not_picked":["Anger","Dual Wield","Perfected Strike"],"picked":"Singing Bowl","floor":10.0},{"not_picked":["Fire Breathing","Perfected Strike","Rupture"],"picked":"Singing Bowl","floor":12.0},{"not_picked":["Searing Blow","Exhume"],"picked":"Pommel Strike","floor":13.0},{"not_picked":["Intimidate","Havoc","Clothesline"],"picked":"Singing Bowl","floor":14.0},{"not_picked":["Dark Embrace","Juggernaut","Barricade"],"picked":"Singing Bowl","floor":16.0},{"not_picked":["Clothesline","Anger"],"picked":"Pommel Strike","floor":18.0},{"not_picked":["Body Slam","Warcry"],"picked":"Havoc+1","floor":21.0},{"not_picked":["Anger","Perfected Strike","Flex"],"picked":"Singing Bowl","floor":22.0},{"not_picked":["Wild Strike","Dual Wield+1"],"picked":"Pommel Strike","floor":24.0},{"not_picked":["Warcry+1","Anger"],"picked":"Demon Form","floor":27.0},{"not_picked":["True Grit","Pommel Strike+1"],"picked":"Rage","floor":28.0},{"not_picked":["Rupture+1","Carnage"],"picked":"Iron Wave","floor":30.0},{"not_picked":["Body Slam","Thunderclap"],"picked":"Sword Boomerang+1","floor":32.0},{"not_picked":["Fiend Fire","Offering"],"picked":"Bludgeon","floor":33.0},{"not_picked":["True Grit+1","Clothesline","Anger+1"],"picked":"Singing Bowl","floor":35.0},{"not_picked":["Second Wind","Body Slam"],"picked":"Carnage+1","floor":36},{"not_picked":["Havoc+1","Bludgeon"],"picked":"Sword Boomerang","floor":39},{"not_picked":["Perfected Strike+1","Dual Wield+1","Searing Blow+1"],"picked":"Singing Bowl","floor":41},{"not_picked":["Disarm","Flex"],"picked":"Headbutt+1","floor":42},{"not_picked":["Seeing Red","Armaments"],"picked":"Pommel Strike+1","floor":45},{"not_picked":["Inflame","Searing Blow+1"],"picked":"True Grit+1","floor":48},{"not_picked":["Infernal Blade","Second Wind"],"picked":"Wild Strike+1","floor":49}],"player_experience":21384,"relics_obtained":[{"floor":7.0,"key":"Boot"},{"floor":9.0,"key":"Singing Bowl"},{"floor":13.0,"key":"Dream Catcher"},{"floor":26.0,"key":"Shuriken"},{"floor":28.0,"key":"Potion Belt"},{"floor":31.0,"key":"Whetstone"},{"floor":41,"key":"Self Forming Clay"},{"floor":43,"key":"Letter Opener"},{"floor":48,"key":"Sundial"}],"event_choices":[{"cards_removed":["Strike_R"],"damage_healed":0.0,"max_hp_gain":0.0,"max_hp_loss":0.0,"gold_gain":0.0,"event_name":"Golden Wing","player_choice":"Card Removal","floor":2.0,"gold_loss":0.0,"damage_taken":7.0},{"damage_healed":0.0,"max_hp_gain":0.0,"max_hp_loss":0.0,"gold_gain":100.0,"event_name":"Golden Shrine","player_choice":"Pray","floor":11.0,"gold_loss":0.0,"damage_taken":0.0},{"damage_healed":0.0,"max_hp_gain":0.0,"max_hp_loss":0.0,"gold_gain":0.0,"event_name":"The Mausoleum","player_choice":"Opened","floor":19.0,"gold_loss":0.0,"damage_taken":0.0,"relics_obtained":["Strawberry"]},{"damage_healed":0.0,"max_hp_gain":0.0,"max_hp_loss":0.0,"gold_gain":0.0,"cards_transformed":["Strike_R"],"event_name":"Transmorgrifier","player_choice":"Transformed","floor":20.0,"gold_loss":0.0,"damage_taken":0.0,"cards_obtained":["Berserk"]},{"damage_healed":0,"gold_gain":0,"player_choice":"Ignored","damage_taken":0,"max_hp_gain":0,"max_hp_loss":0,"event_name":"Tomb of Lord Red Mask","floor":37,"gold_loss":0},{"damage_healed":0,"gold_gain":0,"player_choice":"Bought 2 Potions","damage_taken":0,"max_hp_gain":0,"max_hp_loss":0,"event_name":"The Woman in Blue","floor":38,"gold_loss":0},{"cards_removed":["Berserk"],"damage_healed":0,"gold_gain":0,"player_choice":"Removed Power","damage_taken":0,"max_hp_gain":0,"max_hp_loss":0,"event_name":"Falling","floor":44,"gold_loss":0}],"is_beta":false,"boss_relics":[{"not_picked":["Sozu","Calling Bell"],"picked":"Velvet Choker"},{"not_picked":["Philosopher\u0027s Stone","Black Star"],"picked":"Mark of Pain"}],"items_purged_floors":[],"is_endless":false,"potions_floor_spawned":[4,7,12,13,18,21,24,33,35,41],"ascension_level":8}