{"gold_per_floor":[110,130,140,153,153,187,262,262,288,313,327,327,123,143,143,267,267,260,110,129,129,39,39,74,99,99,130,145,145,20,35,35,35],"floor_reached":33,"playtime":3878,"items_purged":["Strike_R","Strike_R","Defend_R"],"score":397,"play_id":"de9d25b3-de51-45f3-ae8b-b9b65e09944c","local_time":"20190518020029","is_ascension_mode":true,"campfire_choices":[{"data":"Feed","floor":8,"key":"SMITH"},{"data":"Shockwave","floor":12,"key":"SMITH"},{"data":"Pommel Strike","floor":15,"key":"SMITH"},{"data":"Pommel Strike","floor":23,"key":"SMITH"},{"data":"Armaments","floor":29,"key":"SMITH"},{"data":"Battle Trance","floor":32,"key":"SMITH"}],"neow_cost":"NONE","seed_source_timestamp":3208474094453245,"circlet_count":0,"master_deck":["Strike_R","Strike_R","Strike_R","Defend_R","Defend_R+1","Bash","Shockwave+1","Spot Weakness","Warcry","Feed+1","Pommel Strike+1","Spot Weakness","Shrug It Off","Ghostly Armor","Rage","Reaper","Pommel Strike+1","Battle Trance+1","Uppercut","Shrug It Off+1","Armaments+1","Seeing Red+1","Ghostly Armor"],"relics":["Burning Blood","Golden Idol","Bronze Scales","Oddly Smooth Stone","Velvet Choker","Orichalcum","Gremlin Horn","Molten Egg 2"],"potions_floor_usage":[6,6,24,24,24,33,33],"damage_taken":[{"damage":1,"enemies":"Cultist","floor":1,"turns":4},{"damage":4,"enemies":"Jaw Worm","floor":2,"turns":5},{"damage":0,"enemies":"Small Slimes","floor":3,"turns":3},{"damage":12,"enemies":"Blue Slaver","floor":4,"turns":5},{"damage":25,"enemies":"3 Sentries","floor":6,"turns":5},{"damage":15,"enemies":"Gremlin Gang","floor":10,"turns":4},{"damage":3,"enemies":"Large Slime","floor":11,"turns":6},{"damage":6,"enemies":"3 Louse","floor":14,"turns":2},{"damage":20,"enemies":"Hexaghost","floor":16,"turns":8},{"damage":9,"enemies":"2 Thieves","floor":18,"turns":4},{"damage":16,"enemies":"Spheric Guardian","floor":20,"turns":5},{"damage":32,"enemies":"Slavers","floor":24,"turns":4},{"damage":14,"enemies":"Shelled Parasite and Fungi","floor":25,"turns":4},{"damage":6,"enemies":"Book of Stabbing","floor":27,"turns":5},{"damage":8,"enemies":"Cultist and Chosen","floor":28,"turns":7},{"damage":28,"enemies":"Sentry and Sphere","floor":31,"turns":7},{"damage":119,"enemies":"Champ","floor":33,"turns":13}],"seed_played":"7946030604727525651","potions_obtained":[{"floor":1,"key":"Strength Potion"},{"floor":3,"key":"Explosive Potion"},{"floor":6,"key":"EssenceOfSteel"},{"floor":16,"key":"Weak Potion"},{"floor":18,"key":"Strength Potion"},{"floor":25,"key":"BloodPotion"},{"floor":27,"key":"EssenceOfSteel"}],"is_trial":false,"path_per_floor":["M","M","M","M","?","E","?","R","T","M","M","R","$","M","R","B",null,"M","$","M","?","?","R","E","M","T","E","M","R","$","M","R","B"],"character_chosen":"IRONCLAD","items_purchased":["Shrug It Off","Ghostly Armor","Pommel Strike"],"campfire_rested":0,"item_purchase_floors":[13,13,19],"current_hp_per_floor":[88,88,88,82,60,44,33,33,33,28,35,35,35,35,35,25,103,103,103,97,97,97,97,94,90,90,90,107,107,107,88,88,0],"gold":35,"neow_bonus":"TEN_PERCENT_HP_BONUS","is_prod":false,"is_daily":false,"chose_seed":false,"campfire_upgraded":6,"win_rate":0,"timestamp":1558159229,"path_taken":["M","M","?","M","?","E","?","R","T","M","M","R","$","M","R","BOSS","M","$","M","?","?","R","E","M","T","E","?","R","$","M","R","BOSS"],"build_version":"2019-01-23","purchased_purges":3,"victory":false,"max_hp_per_floor":[88,88,88,88,88,91,91,91,91,95,99,99,99,99,99,103,103,103,103,107,107,107,107,111,115,115,115,119,119,119,119,119,119],"card_choices":[{"not_picked":["True Grit","Heavy Blade"],"picked":"Shockwave","floor":1},{"not_picked":["Clothesline","Twin Strike"],"picked":"Spot Weakness","floor":2},{"not_picked":["Dual Wield","Blood for Blood"],"picked":"Warcry","floor":3},{"not_picked":["Corruption","Warcry"],"picked":"Feed","floor":4},{"not_picked":["Evolve","Ghostly Armor"],"picked":"Pommel Strike","floor":6},{"not_picked":["Warcry","Feel No Pain"],"picked":"Spot Weakness","floor":10},{"not_picked":["Sword Boomerang","Hemokinesis","Power Through"],"picked":"SKIP","floor":11},{"not_picked":["Second Wind","Hemokinesis"],"picked":"Rage","floor":14},{"not_picked":["Dark Embrace","Berserk"],"picked":"Reaper","floor":16},{"not_picked":["Perfected Strike","Rage+1","Corruption"],"picked":"SKIP","floor":18},{"not_picked":["Dropkick","Clash+1"],"picked":"Battle Trance","floor":20},{"not_picked":["Bloodletting+1","Armaments+1"],"picked":"Uppercut","floor":24},{"not_picked":["Body Slam+1","Dual Wield+1"],"picked":"Shrug It Off+1","floor":25},{"not_picked":["Havoc","Reckless Charge"],"picked":"Armaments","floor":27},{"not_picked":["Power Through","Fire Breathing"],"picked":"Seeing Red+1","floor":28},{"not_picked":["Iron Wave+1","Flex"],"picked":"Ghostly Armor","floor":31}],"player_experience":54638,"relics_obtained":[{"floor":6,"key":"Bronze Scales"},{"floor":9,"key":"Oddly Smooth Stone"},{"floor":24,"key":"Orichalcum"},{"floor":26,"key":"Gremlin Horn"},{"floor":27,"key":"Molten Egg 2"}],"event_choices":[{"damage_healed":0,"gold_gain":0,"player_choice":"Take Damage","damage_taken":22,"relics_obtained":["Golden Idol"],"max_hp_gain":0,"max_hp_loss":0,"event_name":"Golden Idol","floor":5,"gold_loss":0},{"damage_healed":0,"gold_gain":75,"player_choice":"Gather Gold","damage_taken":11,"max_hp_gain":0,"max_hp_loss":0,"event_name":"World of Goop","floor":7,"gold_loss":0},{"damage_healed":0,"gold_gain":0,"player_choice":"Ignored","damage_taken":0,"max_hp_gain":0,"max_hp_loss":0,"event_name":"Vampires","floor":21,"gold_loss":0},{"cards_removed":["Defend_R"],"damage_healed":0,"gold_gain":0,"player_choice":"Upgrade and Remove","damage_taken":0,"max_hp_gain":0,"max_hp_loss":0,"event_name":"Designer","floor":22,"gold_loss":90,"cards_upgraded":["Defend_R"]}],"is_beta":false,"boss_relics":[{"not_picked":["Black Star","Runic Cube"],"picked":"Velvet Choker"}],"items_purged_floors":[13,19,30],"is_endless":false,"potions_floor_spawned":[1,3,6,16,18,25,27],"killed_by":"Champ","ascension_level":4}