{"gold_per_floor":[119,394,25,40,56,82,97,126,126,126,144,173,185,201,201,275,275,289,289,289,289,301,301,328,328,328,361,375,401,401,419,419,498,498,516,38,52,452,469,495,495,495,570,604,81,81,92,109,109,109],"floor_reached":51,"playtime":3356,"items_purged":["Regret","Parasite"],"score":1589,"play_id":"f6a52174-e774-4b84-8b08-9c29cfc8e0cf","local_time":"20190528140951","is_ascension_mode":true,"campfire_choices":[{"data":"Corruption","floor":10.0,"key":"SMITH"},{"data":"Disarm","floor":15.0,"key":"SMITH"},{"data":"Immolate","floor":23.0,"key":"SMITH"},{"data":"Double Tap","floor":25.0,"key":"SMITH"},{"data":"Perfected Strike","floor":32,"key":"SMITH"},{"data":"Flame Barrier","floor":41,"key":"SMITH"},{"data":"Shockwave","floor":46,"key":"SMITH"},{"data":"Metallicize","floor":49,"key":"SMITH"}],"neow_cost":"NONE","seed_source_timestamp":152864813079147,"circlet_count":0,"master_deck":["AscendersBane","Strike_R","Strike_R","Strike_R","Strike_R","Strike_R","Defend_R","Defend_R","Defend_R","Defend_R+1","Bash","Perfected Strike+1","Shrug It Off","Headbutt","Corruption+1","Disarm+1","Dropkick","Shockwave+1","Thunderclap","Headbutt","Power Through","Double Tap+1","Wild Strike","Pommel Strike","Immolate+1","Pommel Strike","Feel No Pain","Sever Soul+1","Twin Strike+1","Juggernaut","Seeing Red+1","Pummel+1","Bash+1","Deep Breath","Pommel Strike+1","True Grit+1","Immolate+1","Heavy Blade+1","Whirlwind+1","Flame Barrier+1","Sentinel","Clothesline+1","Sever Soul+1","Blood for Blood+1","Thunderclap+1","Pommel Strike+1","Shrug It Off","Havoc","Metallicize+1","Blood for Blood+1","Whirlwind+1","Carnage+1","True Grit+1"],"special_seed":0,"relics":["Burning Blood","NeowsBlessing","Meat on the Bone","FossilizedHelix","Gambling Chip","Prayer Wheel","Pocketwatch","Snecko Eye","MutagenicStrength","Nilry\u0027s Codex","Bag of Preparation","Molten Egg 2","Self Forming Clay","Potion Belt","Cursed Key","Bottled Flame","War Paint","Old Coin","Lantern","Dodecahedron","Centennial Puzzle","HandDrill"],"potions_floor_usage":[50,50,50,50],"damage_taken":[{"damage":0.0,"enemies":"Small Slimes","floor":1.0,"turns":1.0},{"damage":0.0,"enemies":"Cultist","floor":4.0,"turns":1.0},{"damage":0.0,"enemies":"Jaw Worm","floor":5.0,"turns":1.0},{"damage":27.0,"enemies":"3 Sentries","floor":6.0,"turns":8.0},{"damage":9.0,"enemies":"Looter","floor":7.0,"turns":3.0},{"damage":16.0,"enemies":"Gremlin Nob","floor":8.0,"turns":4.0},{"damage":18.0,"enemies":"Lots of Slimes","floor":11.0,"turns":4.0},{"damage":0.0,"enemies":"Lagavulin","floor":12.0,"turns":6.0},{"damage":0.0,"enemies":"Blue Slaver","floor":13.0,"turns":3.0},{"damage":0.0,"enemies":"Gremlin Gang","floor":14.0,"turns":3.0},{"damage":5.0,"enemies":"Hexaghost","floor":16.0,"turns":6.0},{"damage":0.0,"enemies":"3 Byrds","floor":18.0,"turns":5.0},{"damage":0.0,"enemies":"Spheric Guardian","floor":22.0,"turns":1.0},{"damage":0.0,"enemies":"Gremlin Leader","floor":24.0,"turns":4.0},{"damage":0.0,"enemies":"Slavers","floor":27.0,"turns":2.0},{"damage":0.0,"enemies":"Snecko","floor":28.0,"turns":2.0},{"damage":0,"enemies":"Book of Stabbing","floor":29,"turns":5},{"damage":0,"enemies":"Cultist and Chosen","floor":31,"turns":1},{"damage":14,"enemies":"Champ","floor":33,"turns":6},{"damage":0,"enemies":"3 Shapes","floor":35,"turns":1},{"damage":0,"enemies":"Orb Walker","floor":37,"turns":2},{"damage":0,"enemies":"Mind Bloom Boss Battle","floor":38,"turns":3},{"damage":26,"enemies":"Spire Growth","floor":39,"turns":4},{"damage":0,"enemies":"Nemesis","floor":40,"turns":3},{"damage":0,"enemies":"Giant Head","floor":44,"turns":4},{"damage":0,"enemies":"Transient","floor":47,"turns":5},{"damage":0,"enemies":"3 Darklings","floor":48,"turns":1},{"damage":12,"enemies":"Donu and Deca","floor":50,"turns":5}],"seed_played":"-1969163959385593349","potions_obtained":[{"floor":5.0,"key":"Strength Potion"},{"floor":11.0,"key":"SteroidPotion"},{"floor":12.0,"key":"SmokeBomb"},{"floor":18.0,"key":"Swift Potion"},{"floor":21.0,"key":"Fruit Juice"},{"floor":21.0,"key":"Energy Potion"},{"floor":27.0,"key":"Block Potion"},{"floor":28.0,"key":"Strength Potion"},{"floor":31,"key":"PowerPotion"},{"floor":35,"key":"SteroidPotion"}],"is_trial":false,"path_per_floor":["M","?","$","M","M","E","M","E","T","R","M","E","M","M","R","B",null,"M","?","?","?","M","R","E","R","T","E","M","E","?","M","R","B",null,"M","$","M","?","M","E","R","?","T","E","$","R","M","M","R","B",null],"character_chosen":"IRONCLAD","items_purchased":["Meat on the Bone","Shrug It Off","Ancient Potion","Bottled Flame","War Paint","Pommel Strike+1","Shrug It Off","Havoc","HandDrill","Metallicize"],"campfire_rested":0,"item_purchase_floors":[3,3,36,36,36,45,45,45,45,45],"current_hp_per_floor":[78,78,78,80,80,59,56,58,58,58,58,64,70,76,76,77,79,80,80,64,69,75,75,81,81,81,85,85,85,85,85,85,77,83,85,85,85,85,65,71,71,71,71,77,77,77,78,78,78,72],"gold":109,"neow_bonus":"THREE_ENEMY_KILL","is_prod":false,"is_daily":false,"chose_seed":false,"campfire_upgraded":8,"win_rate":0,"timestamp":1559016591,"path_taken":["M","?","$","M","?","E","M","E","T","R","M","E","M","M","R","BOSS","M","?","?","?","M","R","E","R","T","E","?","E","?","M","R","BOSS","M","$","?","?","M","E","R","?","T","E","$","R","M","M","R","BOSS"],"build_version":"2019-01-23","purchased_purges":2,"victory":true,"max_hp_per_floor":[80,80,80,80,80,80,80,80,80,80,80,80,80,80,80,80,80,80,80,80,85,85,85,85,85,85,85,85,85,85,85,85,85,85,85,85,85,85,85,85,85,81,81,81,78,78,78,78,78,78],"card_choices":[{"not_picked":["Clash","Armaments"],"picked":"Perfected Strike","floor":1.0},{"not_picked":["Flex","Metallicize"],"picked":"Headbutt","floor":4.0},{"not_picked":["Entrench","Whirlwind"],"picked":"Corruption","floor":5.0},{"not_picked":["Body Slam","Dropkick"],"picked":"Disarm","floor":6.0},{"not_picked":["Corruption","Fire Breathing"],"picked":"Dropkick","floor":7.0},{"not_picked":["Uppercut","Clothesline"],"picked":"Shockwave","floor":8.0},{"not_picked":["Reckless Charge","Pommel Strike"],"picked":"Thunderclap","floor":11.0},{"not_picked":["Sever Soul","Evolve"],"picked":"Headbutt","floor":11.0},{"not_picked":["Anger","Twin Strike"],"picked":"Power Through","floor":12.0},{"not_picked":["Havoc","Sword Boomerang"],"picked":"Double Tap","floor":13.0},{"not_picked":["Flex","Infernal Blade"],"picked":"Wild Strike","floor":13.0},{"not_picked":["Thunderclap","Rampage"],"picked":"Pommel Strike","floor":14.0},{"not_picked":["Evolve","Iron Wave","Headbutt"],"picked":"SKIP","floor":14.0},{"not_picked":["Exhume","Offering"],"picked":"Immolate","floor":16.0},{"not_picked":["Cleave","Sword Boomerang","Evolve"],"picked":"SKIP","floor":18.0},{"not_picked":["Anger","Armaments","Intimidate"],"picked":"SKIP","floor":18.0},{"not_picked":["Thunderclap","Shockwave"],"picked":"Pommel Strike","floor":22.0},{"not_picked":["Headbutt","Entrench","Cleave"],"picked":"SKIP","floor":22.0},{"not_picked":["Twin Strike","Thunderclap"],"picked":"Feel No Pain","floor":24.0},{"not_picked":["Cleave+1","Sentinel"],"picked":"Sever Soul+1","floor":27.0},{"not_picked":["Clash+1","Anger+1"],"picked":"Twin Strike+1","floor":28.0},{"not_picked":["Havoc","Cleave+1"],"picked":"Juggernaut","floor":28.0},{"not_picked":["Rampage+1","Clothesline+1"],"picked":"Seeing Red","floor":29},{"not_picked":["Clothesline+1","Flex+1"],"picked":"Pommel Strike+1","floor":31},{"not_picked":["Pommel Strike+1","Warcry"],"picked":"True Grit+1","floor":31},{"not_picked":["Berserk","Dark Embrace"],"picked":"Immolate+1","floor":33},{"not_picked":["Flex","Sword Boomerang+1"],"picked":"Heavy Blade+1","floor":35},{"not_picked":["Inflame","Intimidate"],"picked":"Whirlwind+1","floor":35},{"not_picked":["Body Slam+1","Sword Boomerang+1"],"picked":"Flame Barrier","floor":37},{"not_picked":["Dropkick+1","Wild Strike+1"],"picked":"Sentinel","floor":37},{"not_picked":["Brutality","Flex"],"picked":"Clothesline+1","floor":38},{"not_picked":["Bloodletting","Corruption"],"picked":"Sever Soul+1","floor":39},{"not_picked":["Rupture","Second Wind","Seeing Red"],"picked":"SKIP","floor":39},{"not_picked":["Fire Breathing+1","Thunderclap+1"],"picked":"Blood for Blood+1","floor":40},{"not_picked":["Feed+1","Feel No Pain"],"picked":"Thunderclap+1","floor":44},{"not_picked":["Uppercut+1","Warcry"],"picked":"Blood for Blood+1","floor":47},{"not_picked":["Fire Breathing","Cleave+1"],"picked":"Whirlwind+1","floor":47},{"not_picked":["Headbutt+1","Warcry"],"picked":"Carnage+1","floor":48},{"not_picked":["Bloodletting","Headbutt+1"],"picked":"True Grit+1","floor":48}],"player_experience":41651,"relics_obtained":[{"floor":6.0,"key":"FossilizedHelix"},{"floor":8.0,"key":"Gambling Chip"},{"floor":9.0,"key":"Prayer Wheel"},{"floor":12.0,"key":"Pocketwatch"},{"floor":20.0,"key":"Nilry\u0027s Codex"},{"floor":24.0,"key":"Bag of Preparation"},{"floor":26.0,"key":"Molten Egg 2"},{"floor":27.0,"key":"Self Forming Clay"},{"floor":29,"key":"Potion Belt"},{"floor":38,"key":"Old Coin"},{"floor":40,"key":"Lantern"},{"floor":43,"key":"Dodecahedron"},{"floor":44,"key":"Centennial Puzzle"}],"event_choices":[{"damage_healed":0.0,"max_hp_gain":0.0,"max_hp_loss":0.0,"gold_gain":275.0,"event_name":"Golden Shrine","player_choice":"Desecrate","floor":2.0,"gold_loss":0.0,"damage_taken":0.0,"cards_obtained":["Regret"]},{"damage_healed":0.0,"max_hp_gain":0.0,"max_hp_loss":0.0,"gold_gain":0.0,"event_name":"Drug Dealer","player_choice":"Inject Mutagens","floor":19.0,"gold_loss":0.0,"damage_taken":0.0,"relics_obtained":["MutagenicStrength"]},{"damage_healed":0.0,"max_hp_gain":0.0,"max_hp_loss":0.0,"gold_gain":0.0,"event_name":"Cursed Tome","player_choice":"Obtained Book","floor":20.0,"gold_loss":0.0,"damage_taken":16.0},{"damage_healed":0.0,"max_hp_gain":0.0,"max_hp_loss":0.0,"gold_gain":0.0,"event_name":"Lab","player_choice":"Got Potions","floor":21.0,"gold_loss":0.0,"damage_taken":0.0},{"damage_healed":0,"gold_gain":0,"player_choice":"3 cards matched","damage_taken":0,"max_hp_gain":0,"max_hp_loss":0,"event_name":"Match and Keep!","floor":30,"gold_loss":0,"cards_obtained":["Pummel","Bash","Deep Breath"]},{"damage_healed":0,"gold_gain":0,"player_choice":"Fight","damage_taken":0,"max_hp_gain":0,"max_hp_loss":0,"event_name":"MindBloom","floor":38,"gold_loss":0},{"damage_healed":0,"gold_gain":0,"player_choice":"Max HP","damage_taken":0,"max_hp_gain":0,"max_hp_loss":4,"event_name":"Winding Halls","floor":42,"gold_loss":0}],"is_beta":false,"boss_relics":[{"not_picked":["Tiny House","Runic Cube"],"picked":"Snecko Eye"},{"not_picked":["Lizard Tail","Empty Cage"],"picked":"Cursed Key"}],"items_purged_floors":[3,45],"is_endless":false,"potions_floor_spawned":[5,11,12,16,18,27,28,31,35,39,40],"ascension_level":13}