{"gold_per_floor":[11,29,42,57,18,46,46,74,74,74,74,107,35,60,60,184,184,202,217,233,76,1,35,35,66,89,107,150,150,150,163,163,286,286,300,8,8,22,22,56,77,77,77,111,131,131,150,60,60,60],"floor_reached":51,"playtime":3500,"items_purged":[],"score":927,"play_id":"c3e5a597-3a27-42b6-ab6f-c1f2a0011c2e","local_time":"20190525222109","is_ascension_mode":true,"campfire_choices":[{"data":"Disarm","floor":7.0,"key":"SMITH"},{"data":"Bash","floor":11,"key":"SMITH"},{"data":"Double Tap","floor":15,"key":"SMITH"},{"data":"Whirlwind","floor":24,"key":"SMITH"},{"data":"Disarm","floor":30,"key":"SMITH"},{"data":"Power Through","floor":32,"key":"SMITH"},{"data":"Feel No Pain","floor":42,"key":"SMITH"},{"data":"Perfected Strike","floor":46,"key":"SMITH"},{"data":"Inflame","floor":49,"key":"SMITH"}],"neow_cost":"NO_GOLD","seed_source_timestamp":25618617470655,"circlet_count":0,"master_deck":["Strike_R","Strike_R","Strike_R","Strike_R","Defend_R","Defend_R","Bash+1","Infernal Blade","Double Tap+1","Disarm+1","Pommel Strike","Pommel Strike","Disarm+1","Corruption","Ghostly Armor","Headbutt","Thunderclap","Headbutt","Impervious","Heavy Blade","True Grit+1","Whirlwind+1","Power Through+1","Bash","Pommel Strike+1","Reaper","Shrug It Off+1","Armaments","Cleave+1","Feel No Pain+1","True Grit+1","Perfected Strike+1","Perfected Strike+1","Clothesline+1","Inflame+1","Headbutt"],"special_seed":0,"relics":["Burning Blood","Omamori","Dodecahedron","Paper Frog","Golden Idol","Orichalcum","Letter Opener","Snecko Eye","Ancient Tea Set","Happy Flower","Kunai","Bronze Scales","Bottled Tornado","Velvet Choker","Prayer Wheel","Torii","Bottled Lightning","Pear"],"potions_floor_usage":[16,25,33,45,45,50],"damage_taken":[{"damage":5.0,"enemies":"Small Slimes","floor":1.0,"turns":4.0},{"damage":0.0,"enemies":"Cultist","floor":2.0,"turns":2.0},{"damage":6.0,"enemies":"Jaw Worm","floor":3.0,"turns":3.0},{"damage":8.0,"enemies":"Large Slime","floor":4.0,"turns":5.0},{"damage":26.0,"enemies":"3 Sentries","floor":6.0,"turns":8.0},{"damage":8.0,"enemies":"Lagavulin","floor":8.0,"turns":8.0},{"damage":15,"enemies":"3 Sentries","floor":12,"turns":6},{"damage":0,"enemies":"Looter","floor":14,"turns":3},{"damage":2,"enemies":"Hexaghost","floor":16,"turns":6},{"damage":0,"enemies":"3 Byrds","floor":18,"turns":5},{"damage":7,"enemies":"2 Thieves","floor":19,"turns":3},{"damage":4,"enemies":"Chosen and Byrds","floor":20,"turns":6},{"damage":0,"enemies":"Slavers","floor":23,"turns":2},{"damage":0,"enemies":"Book of Stabbing","floor":25,"turns":3},{"damage":4,"enemies":"Cultist and Chosen","floor":27,"turns":4},{"damage":0,"enemies":"Gremlin Leader","floor":28,"turns":3},{"damage":0,"enemies":"Snecko","floor":31,"turns":3},{"damage":3,"enemies":"Automaton","floor":33,"turns":6},{"damage":12,"enemies":"3 Darklings","floor":35,"turns":2},{"damage":9,"enemies":"Orb Walker","floor":38,"turns":4},{"damage":0,"enemies":"Nemesis","floor":40,"turns":7},{"damage":0,"enemies":"Transient","floor":41,"turns":5},{"damage":22,"enemies":"Reptomancer","floor":44,"turns":7},{"damage":10,"enemies":"4 Shapes","floor":45,"turns":3},{"damage":1,"enemies":"Spire Growth","floor":47,"turns":3},{"damage":18,"enemies":"Donu and Deca","floor":50,"turns":7}],"seed_played":"7750064965200429825","potions_obtained":[{"floor":1.0,"key":"AttackPotion"},{"floor":3.0,"key":"GamblersBrew"},{"floor":6.0,"key":"GamblersBrew"},{"floor":8.0,"key":"PowerPotion"},{"floor":14,"key":"Poison Potion"},{"floor":23,"key":"PowerPotion"},{"floor":27,"key":"BloodPotion"},{"floor":31,"key":"Swift Potion"},{"floor":33,"key":"SpeedPotion"},{"floor":35,"key":"Energy Potion"},{"floor":41,"key":"GamblersBrew"},{"floor":44,"key":"Block Potion"},{"floor":45,"key":"Regen Potion"}],"is_trial":false,"path_per_floor":["M","M","M","M","$","E","R","E","T","?","R","E","?","M","R","B",null,"M","M","M","$","?","E","R","E","T","M","E","?","R","M","R","B",null,"M","$","?","M","?","E","M","R","T","E","M","R","M","$","R","B",null],"character_chosen":"IRONCLAD","items_purchased":["Corruption","Ancient Tea Set","Prayer Wheel","Inflame","Headbutt"],"campfire_rested":0,"item_purchase_floors":[5,21,36,48,48],"current_hp_per_floor":[80,80,80,78,78,58,58,56,56,56,56,47,47,53,53,57,80,80,79,80,80,80,80,80,80,80,80,80,80,80,80,80,80,80,80,80,80,80,80,80,80,80,80,84,90,90,90,90,90,90],"gold":60,"neow_bonus":"TRANSFORM_TWO_CARDS","is_prod":false,"is_daily":false,"chose_seed":false,"campfire_upgraded":9,"win_rate":1,"timestamp":1558786869,"path_taken":["M","M","M","M","$","E","R","E","T","?","R","E","?","M","R","BOSS","M","?","M","$","?","E","R","E","T","M","E","?","R","M","R","BOSS","M","?","?","M","?","E","M","R","T","E","M","R","M","$","R","BOSS"],"build_version":"2019-01-23","purchased_purges":0,"victory":true,"max_hp_per_floor":[80,80,80,80,80,80,80,80,80,80,80,80,80,80,80,80,80,80,80,80,80,80,80,80,80,80,80,80,80,80,80,80,80,80,80,80,80,80,80,80,80,80,80,90,90,90,90,90,90,90],"card_choices":[{"not_picked":["Iron Wave","Sword Boomerang"],"picked":"Disarm","floor":1.0},{"not_picked":["Fire Breathing","Flex"],"picked":"Pommel Strike","floor":2.0},{"not_picked":["Flex","Intimidate"],"picked":"Pommel Strike","floor":3.0},{"not_picked":["Reckless Charge","Shockwave"],"picked":"Disarm","floor":4.0},{"not_picked":["Pommel Strike","Infernal Blade"],"picked":"Ghostly Armor","floor":6.0},{"not_picked":["Fiend Fire","Infernal Blade"],"picked":"Headbutt","floor":8.0},{"not_picked":["Clothesline","Burning Pact"],"picked":"Thunderclap","floor":12},{"not_picked":["Rupture","Seeing Red"],"picked":"Headbutt","floor":14},{"not_picked":["Brutality","Fiend Fire"],"picked":"Impervious","floor":16},{"not_picked":["Sword Boomerang","Clothesline"],"picked":"Heavy Blade","floor":18},{"not_picked":["Barricade","Second Wind"],"picked":"True Grit+1","floor":19},{"not_picked":["True Grit","Warcry"],"picked":"Whirlwind","floor":20},{"not_picked":["Rampage","Anger","Flex"],"picked":"SKIP","floor":23},{"not_picked":["Heavy Blade","Clash+1"],"picked":"Power Through","floor":25},{"not_picked":["Anger+1","Body Slam+1","Armaments"],"picked":"SKIP","floor":27},{"not_picked":["Intimidate","Bloodletting","Barricade"],"picked":"SKIP","floor":28},{"not_picked":["Hemokinesis","Clash+1"],"picked":"Pommel Strike+1","floor":31},{"not_picked":["Berserk","Limit Break"],"picked":"Reaper","floor":33},{"not_picked":["Sword Boomerang","Battle Trance"],"picked":"Shrug It Off+1","floor":35},{"not_picked":["Sword Boomerang+1","Corruption"],"picked":"Armaments","floor":38},{"not_picked":["Warcry","Armaments+1","Clash"],"picked":"SKIP","floor":38},{"not_picked":["Reckless Charge","Headbutt+1"],"picked":"Cleave+1","floor":40},{"not_picked":["Flex","Rampage"],"picked":"Feel No Pain","floor":41},{"not_picked":["Rampage+1","Cleave"],"picked":"True Grit+1","floor":41},{"not_picked":["Shrug It Off+1","Anger"],"picked":"Perfected Strike","floor":44},{"not_picked":["Body Slam+1","Feel No Pain+1"],"picked":"Perfected Strike+1","floor":45},{"not_picked":["Combust","True Grit","Body Slam+1"],"picked":"SKIP","floor":45},{"not_picked":["Warcry+1","Entrench+1"],"picked":"Clothesline+1","floor":47},{"not_picked":["Shrug It Off","Body Slam","Brutality"],"picked":"SKIP","floor":47}],"player_experience":3070,"relics_obtained":[{"floor":6.0,"key":"Omamori"},{"floor":8.0,"key":"Dodecahedron"},{"floor":9.0,"key":"Paper Frog"},{"floor":12,"key":"Orichalcum"},{"floor":23,"key":"Happy Flower"},{"floor":25,"key":"Kunai"},{"floor":26,"key":"Bronze Scales"},{"floor":28,"key":"Bottled Tornado"},{"floor":40,"key":"Torii"},{"floor":43,"key":"Bottled Lightning"},{"floor":44,"key":"Pear"}],"event_choices":[{"damage_healed":0,"gold_gain":0,"player_choice":"Take Wound","damage_taken":0,"relics_obtained":["Golden Idol"],"max_hp_gain":0,"max_hp_loss":0,"event_name":"Golden Idol","floor":10,"gold_loss":0,"cards_obtained":["Injury"]},{"damage_healed":0,"gold_gain":0,"player_choice":"Paid Gold","damage_taken":0,"relics_obtained":["Letter Opener"],"max_hp_gain":0,"max_hp_loss":0,"event_name":"WeMeetAgain","floor":13,"gold_loss":72},{"cards_removed":["Defend_R"],"damage_healed":0,"gold_gain":0,"player_choice":"Gave Gold","damage_taken":0,"max_hp_gain":0,"max_hp_loss":0,"event_name":"Beggar","floor":22,"gold_loss":75},{"damage_healed":0,"gold_gain":0,"player_choice":"1 cards matched","damage_taken":0,"max_hp_gain":0,"max_hp_loss":0,"event_name":"Match and Keep!","floor":29,"gold_loss":0,"cards_obtained":["Bash"]},{"damage_healed":20,"gold_gain":0,"player_choice":"Writhe","damage_taken":0,"max_hp_gain":0,"max_hp_loss":0,"event_name":"Winding Halls","floor":37,"gold_loss":0,"cards_obtained":["Writhe"]},{"damage_healed":0,"gold_gain":0,"player_choice":"Memory 1","damage_taken":0,"max_hp_gain":0,"max_hp_loss":0,"event_name":"SensoryStone","floor":39,"gold_loss":0}],"is_beta":false,"boss_relics":[{"not_picked":["Astrolabe","Ectoplasm"],"picked":"Snecko Eye"},{"not_picked":["Runic Cube","Philosopher\u0027s Stone"],"picked":"Velvet Choker"}],"items_purged_floors":[],"is_endless":false,"potions_floor_spawned":[1,3,6,8,14,23,27,31,33,35,41,44,45],"ascension_level":1}