{"gold_per_floor":[117,292,242,62,62,62,72,72,72,106,106,106,106,124,124,221,221,221,108,48,48,48,48,48,48,48,48,48,48,48,48,48,48,48,48,48,48,48,48,48,48,48,48,48,48,48,48,48,48,48],"floor_reached":51,"playtime":7264,"items_purged":["Defend_B"],"score":870,"play_id":"a1db325c-7002-46bc-beb3-ad8632448abd","local_time":"20190519213715","is_ascension_mode":false,"campfire_choices":[{"data":"Loop","floor":6.0,"key":"SMITH"},{"data":"White Noise","floor":12.0,"key":"SMITH"},{"data":"Defragment","floor":15.0,"key":"SMITH"},{"data":"Capacitor","floor":32.0,"key":"SMITH"},{"data":"Buffer","floor":44,"key":"SMITH"},{"data":"Buffer","floor":49,"key":"SMITH"}],"neow_cost":"NONE","seed_source_timestamp":0,"circlet_count":0,"master_deck":["Strike_B","Strike_B","Defend_B","Defend_B","Defend_B","Zap+1","Dualcast","Cold Snap","Loop+1","Conserve Battery","Coolheaded","Skim","Defragment+1","White Noise+1","Glacier","Electrodynamics","Conserve Battery","Glacier","Sunder+1","Defragment","Capacitor+1","Glacier+1","Consume+1","Redo","Buffer+1","Sunder+1","White Noise+1","Parasite","Capacitor+1","Buffer+1"],"special_seed":0,"relics":["Cracked Core","Dodecahedron","Boot","Anchor","Ectoplasm","PreservedInsect","Red Mask","Bag of Marbles","Bottled Lightning","Vajra","Sozu","Torii","Orichalcum","Bottled Flame","Ice Cream","Shovel"],"potions_floor_usage":[],"damage_taken":[{"damage":1.0,"enemies":"Cultist","floor":1.0,"turns":3.0},{"damage":0.0,"enemies":"2 Louse","floor":7.0,"turns":3.0},{"damage":17.0,"enemies":"3 Sentries","floor":10.0,"turns":8.0},{"damage":0.0,"enemies":"Jaw Worm","floor":14.0,"turns":3.0},{"damage":18.0,"enemies":"Slime Boss","floor":16.0,"turns":14.0},{"damage":3.0,"enemies":"Shell Parasite","floor":18.0,"turns":7.0},{"damage":0.0,"enemies":"2 Thieves","floor":20.0,"turns":3.0},{"damage":0.0,"enemies":"Book of Stabbing","floor":23.0,"turns":8.0},{"damage":9.0,"enemies":"Masked Bandits","floor":24.0,"turns":6.0},{"damage":2.0,"enemies":"Gremlin Leader","floor":25.0,"turns":5.0},{"damage":6.0,"enemies":"Cultist and Chosen","floor":27.0,"turns":5.0},{"damage":0.0,"enemies":"Slavers","floor":28.0,"turns":4.0},{"damage":1.0,"enemies":"Snecko","floor":29.0,"turns":3.0},{"damage":0.0,"enemies":"Chosen and Byrds","floor":30.0,"turns":3.0},{"damage":20.0,"enemies":"Snake Plant","floor":31.0,"turns":5.0},{"damage":18.0,"enemies":"Collector","floor":33.0,"turns":9.0},{"damage":0.0,"enemies":"3 Shapes","floor":35.0,"turns":5.0},{"damage":0,"enemies":"Orb Walker","floor":37,"turns":4},{"damage":0,"enemies":"Writhing Mass","floor":38,"turns":6},{"damage":0,"enemies":"4 Shapes","floor":39,"turns":4},{"damage":0,"enemies":"Reptomancer","floor":40,"turns":5},{"damage":0,"enemies":"Giant Head","floor":42,"turns":7},{"damage":0,"enemies":"Reptomancer","floor":45,"turns":6},{"damage":0,"enemies":"2 Orb Walkers","floor":46,"turns":6},{"damage":0,"enemies":"3 Darklings","floor":47,"turns":5},{"damage":0,"enemies":"Sphere and 2 Shapes","floor":48,"turns":8},{"damage":18,"enemies":"Time Eater","floor":50,"turns":10}],"seed_played":"7636589692245426088","potions_obtained":[{"floor":14.0,"key":"GamblersBrew"},{"floor":18.0,"key":"GamblersBrew"},{"floor":23.0,"key":"Ancient Potion"},{"floor":28.0,"key":"LiquidBronze"},{"floor":29.0,"key":"Weak Potion"},{"floor":31.0,"key":"Regen Potion"}],"is_trial":false,"path_per_floor":["M","?","?","$","?","R","M","$","T","E","?","R","?","M","R","B",null,"M","$","M","?","?","E","?","E","T","M","E","M","M","M","R","B",null,"M","?","M","M","M","E","$","E","T","R","E","?","M","M","R","B",null],"character_chosen":"DEFECT","items_purchased":["Loop","Conserve Battery","Coolheaded","Glacier"],"campfire_rested":0,"item_purchase_floors":[4,4,4,19],"current_hp_per_floor":[74,74,74,74,74,74,74,74,74,57,45,45,38,38,38,20,75,72,72,72,72,58,58,49,47,47,41,41,40,40,20,20,17,80,80,80,80,80,80,80,80,80,80,80,80,80,80,80,80,62],"gold":48,"neow_bonus":"UPGRADE_CARD","is_prod":false,"is_daily":false,"chose_seed":false,"campfire_upgraded":6,"win_rate":0.0,"timestamp":1558316235,"path_taken":["M","?","?","$","?","R","M","$","T","E","?","R","?","M","R","BOSS","M","$","M","?","?","E","?","E","T","M","E","M","M","?","R","BOSS","M","?","?","M","M","E","?","E","T","R","E","?","M","M","R","BOSS"],"build_version":"2019-01-23","purchased_purges":1,"victory":true,"max_hp_per_floor":[75,75,75,75,75,75,75,75,75,75,75,75,75,75,75,75,75,75,75,75,75,80,80,80,80,80,80,80,80,80,80,80,80,80,80,80,80,80,80,80,80,80,80,80,80,80,80,80,80,80],"card_choices":[{"not_picked":["Rebound","Heatsinks"],"picked":"Cold Snap","floor":1.0},{"not_picked":["Cold Snap","Conserve Battery"],"picked":"Defragment","floor":7.0},{"not_picked":["Turbo","Double Energy"],"picked":"White Noise","floor":10.0},{"not_picked":["Blizzard","Cold Snap"],"picked":"Glacier","floor":14.0},{"not_picked":["Biased Cognition","Amplify"],"picked":"Electrodynamics","floor":16.0},{"not_picked":["Beam Cell","Barrage"],"picked":"Conserve Battery","floor":18.0},{"not_picked":["Darkness","Compile Driver"],"picked":"Sunder+1","floor":20.0},{"not_picked":["Redo+1","Aggregate+1"],"picked":"Defragment","floor":23.0},{"not_picked":["Rebound+1","Cold Snap+1"],"picked":"Capacitor","floor":24.0},{"not_picked":["Go for the Eyes","Turbo","Melter"],"picked":"SKIP","floor":25.0},{"not_picked":["Fusion","Self Repair"],"picked":"Glacier+1","floor":27.0},{"not_picked":["Reprogram+1","Aggregate","Melter+1"],"picked":"SKIP","floor":28.0},{"not_picked":["Stack","Lockon"],"picked":"Consume+1","floor":29.0},{"not_picked":["Heatsinks+1","Biased Cognition"],"picked":"Redo","floor":30.0},{"not_picked":["Auto Shields","Gash","Sweeping Beam"],"picked":"SKIP","floor":31.0},{"not_picked":["Rainbow","Amplify"],"picked":"Buffer","floor":33.0},{"not_picked":["Leap","Heatsinks"],"picked":"Sunder+1","floor":35},{"not_picked":["Turbo","Compile Driver+1","Go for the Eyes"],"picked":"SKIP","floor":37},{"not_picked":["Sweeping Beam","Barrage+1"],"picked":"Capacitor+1","floor":38},{"not_picked":["Sunder","Steam","Beam Cell+1"],"picked":"SKIP","floor":39},{"not_picked":["Redo+1","Creative AI","Gash"],"picked":"SKIP","floor":40},{"not_picked":["Amplify","Darkness+1"],"picked":"Buffer","floor":42},{"not_picked":["Scrape+1","Consume+1","Steam"],"picked":"SKIP","floor":45},{"not_picked":["Skim+1","Redo","Streamline"],"picked":"SKIP","floor":47},{"not_picked":["Barrage+1","Lockon+1","Steam"],"picked":"SKIP","floor":48}],"player_experience":92862,"relics_obtained":[{"floor":9.0,"key":"Dodecahedron"},{"floor":10.0,"key":"Boot"},{"floor":23.0,"key":"PreservedInsect"},{"floor":24.0,"key":"Red Mask"},{"floor":25.0,"key":"Bag of Marbles"},{"floor":26.0,"key":"Bottled Lightning"},{"floor":28.0,"key":"Vajra"},{"floor":40,"key":"Torii"},{"floor":42,"key":"Orichalcum"},{"floor":43,"key":"Bottled Flame"},{"floor":45,"key":"Ice Cream"},{"floor":46,"key":"Shovel"}],"event_choices":[{"damage_healed":0.0,"max_hp_gain":0.0,"max_hp_loss":0.0,"gold_gain":175.0,"event_name":"Liars Game","player_choice":"AGREE","floor":2.0,"gold_loss":0.0,"damage_taken":0.0,"cards_obtained":["Doubt"]},{"cards_removed":["Doubt"],"damage_healed":0.0,"max_hp_gain":0.0,"max_hp_loss":0.0,"gold_gain":0.0,"event_name":"The Cleric","player_choice":"Card Removal","floor":3.0,"gold_loss":50.0,"damage_taken":0.0},{"damage_healed":0.0,"max_hp_gain":0.0,"max_hp_loss":0.0,"gold_gain":0.0,"cards_transformed":["Strike_B"],"event_name":"Living Wall","player_choice":"Change","floor":5.0,"gold_loss":0.0,"damage_taken":0.0,"cards_obtained":["Skim"]},{"damage_healed":0.0,"max_hp_gain":0.0,"max_hp_loss":0.0,"gold_gain":0.0,"event_name":"Scrap Ooze","player_choice":"Success","floor":11.0,"gold_loss":0.0,"damage_taken":12.0,"relics_obtained":["Anchor"]},{"cards_removed":["Strike_B"],"damage_healed":0.0,"max_hp_gain":0.0,"max_hp_loss":0.0,"gold_gain":0.0,"event_name":"Golden Wing","player_choice":"Card Removal","floor":13.0,"gold_loss":0.0,"damage_taken":7.0},{"damage_healed":0.0,"max_hp_gain":0.0,"max_hp_loss":0.0,"gold_gain":0.0,"event_name":"Beggar","player_choice":"Ignored","floor":21.0,"gold_loss":0.0,"damage_taken":0.0},{"damage_healed":0.0,"max_hp_gain":5.0,"max_hp_loss":0.0,"gold_gain":0.0,"event_name":"Forgotten Altar","player_choice":"Shed Blood","floor":22.0,"gold_loss":0.0,"damage_taken":19.0},{"damage_healed":0.0,"max_hp_gain":0.0,"max_hp_loss":0.0,"gold_gain":0.0,"event_name":"Masked Bandits","player_choice":"Fought Bandits","floor":24.0,"gold_loss":0.0,"damage_taken":0.0},{"damage_healed":0,"gold_gain":0,"player_choice":"Copied","damage_taken":0,"max_hp_gain":0,"max_hp_loss":0,"event_name":"Duplicator","floor":36,"gold_loss":0,"cards_obtained":["White Noise"]},{"damage_healed":0,"gold_gain":0,"player_choice":"Fight","damage_taken":0,"max_hp_gain":0,"max_hp_loss":0,"event_name":"Mysterious Sphere","floor":46,"gold_loss":0}],"is_beta":false,"boss_relics":[{"not_picked":["White Beast Statue","Snecko Eye"],"picked":"Ectoplasm"},{"not_picked":["Cursed Key","Empty Cage"],"picked":"Sozu"}],"items_purged_floors":[19],"is_endless":false,"potions_floor_spawned":[14,18,23,28,29,30,31,38,46,47,48],"ascension_level":0}