{"gold_per_floor":[113,132,132,151,162,191,207,207],"floor_reached":8,"playtime":1201,"items_purged":[],"score":60,"play_id":"55ffaf9d-ec38-4921-9e46-20799843585d","local_time":"20190512160134","is_ascension_mode":false,"campfire_choices":[],"neow_cost":"","seed_source_timestamp":2743097704697290,"circlet_count":0,"master_deck":["Strike_R","Strike_R","Strike_R","Strike_R","Strike_R","Defend_R","Defend_R","Defend_R","Bash","Anger","Carnage","Intimidate","Headbutt","Twin Strike","Flame Barrier"],"special_seed":0,"relics":["Burning Blood","Sundial"],"potions_floor_usage":[8],"damage_taken":[{"damage":8.0,"enemies":"2 Louse","floor":1.0,"turns":3.0},{"damage":5,"enemies":"Cultist","floor":2,"turns":4},{"damage":6,"enemies":"Jaw Worm","floor":4,"turns":3},{"damage":15,"enemies":"Large Slime","floor":5,"turns":6},{"damage":35,"enemies":"Lagavulin","floor":6,"turns":6},{"damage":3,"enemies":"Red Slaver","floor":7,"turns":4},{"damage":57,"enemies":"Gremlin Nob","floor":8,"turns":4}],"seed_played":"3057028261285323887","potions_obtained":[{"floor":2,"key":"Strength Potion"},{"floor":4,"key":"BloodPotion"},{"floor":7,"key":"Poison Potion"}],"is_trial":false,"path_per_floor":["M","M","?","M","M","E","M","E"],"character_chosen":"IRONCLAD","items_purchased":[],"campfire_rested":0,"item_purchase_floors":[],"current_hp_per_floor":[78,79,79,79,70,41,44,0],"gold":207,"neow_bonus":"","is_prod":false,"is_daily":false,"chose_seed":false,"campfire_upgraded":0,"win_rate":0.0,"timestamp":1557691294,"path_taken":["M","M","?","M","M","E","M","E"],"build_version":"2019-01-23","purchased_purges":0,"victory":false,"max_hp_per_floor":[80,80,80,80,80,80,80,80],"card_choices":[{"not_picked":["Clash","Intimidate"],"picked":"Anger","floor":1.0},{"not_picked":["Sever Soul","Perfected Strike"],"picked":"Carnage","floor":2},{"not_picked":["Inflame","Twin Strike"],"picked":"Intimidate","floor":4},{"not_picked":["Clash","Dark Embrace"],"picked":"Headbutt","floor":5},{"not_picked":["Cleave","Anger"],"picked":"Twin Strike","floor":6},{"not_picked":["Armaments","Clothesline"],"picked":"Flame Barrier","floor":7}],"player_experience":0,"relics_obtained":[{"floor":6,"key":"Sundial"}],"event_choices":[{"cards_removed":["Defend_R"],"damage_healed":0,"gold_gain":0,"player_choice":"Offered Basic","damage_taken":0,"max_hp_gain":0,"max_hp_loss":0,"event_name":"Bonfire Elementals","floor":3,"gold_loss":0}],"is_beta":false,"boss_relics":[],"items_purged_floors":[],"is_endless":false,"potions_floor_spawned":[2,4,7],"killed_by":"Gremlin Nob","ascension_level":0}