{"gold_per_floor":[212,212,225,29,44,72,82,111,111,61,61,61,91,91],"floor_reached":14,"playtime":992,"items_purged":[],"score":113,"play_id":"e2f7e25f-ed08-4ec8-87b9-403cd10c57c2","local_time":"20190517223757","is_ascension_mode":true,"campfire_choices":[{"data":"Barricade","floor":11,"key":"SMITH"}],"neow_cost":"NONE","seed_source_timestamp":3199206518857397,"circlet_count":0,"master_deck":["Strike_R","Strike_R","Strike_R","Defend_R","Defend_R","Defend_R+1","Defend_R+1","Bash","Inflame","Barricade+1","Metallicize","Limit Break","Armaments","Flame Barrier","Battle Trance","Sword Boomerang"],"relics":["Burning Blood","War Paint","Anchor","Self Forming Clay","Centennial Puzzle"],"potions_floor_usage":[8],"damage_taken":[{"damage":2,"enemies":"2 Louse","floor":1,"turns":3},{"damage":8,"enemies":"Jaw Worm","floor":3,"turns":4},{"damage":12,"enemies":"Small Slimes","floor":5,"turns":7},{"damage":55,"enemies":"Gremlin Nob","floor":6,"turns":6},{"damage":0,"enemies":"Blue Slaver","floor":7,"turns":6},{"damage":21,"enemies":"3 Sentries","floor":8,"turns":13},{"damage":16,"enemies":"Gremlin Nob","floor":14,"turns":2}],"seed_played":"-3734867483992088479","potions_obtained":[{"floor":7,"key":"Explosive Potion"},{"floor":8,"key":"Swift Potion"}],"is_trial":false,"path_per_floor":["M","?","M","$","M","E","M","E","T","?","R","T","?","E"],"character_chosen":"IRONCLAD","items_purchased":["Metallicize","Limit Break"],"campfire_rested":0,"item_purchase_floors":[4,4],"current_hp_per_floor":[80,73,71,71,65,16,22,7,7,7,7,7,7,0],"gold":91,"neow_bonus":"HUNDRED_GOLD","is_prod":false,"is_daily":false,"chose_seed":false,"campfire_upgraded":1,"win_rate":0,"timestamp":1558147077,"path_taken":["M","?","M","$","M","E","M","E","T","?","R","?","?","E"],"build_version":"2019-01-23","purchased_purges":0,"victory":false,"max_hp_per_floor":[80,80,80,80,80,80,80,80,80,80,80,80,80,80],"card_choices":[{"not_picked":["Havoc","Cleave"],"picked":"Inflame","floor":1},{"not_picked":["Clash","Wild Strike"],"picked":"Barricade","floor":3},{"not_picked":["Carnage","Pommel Strike"],"picked":"Armaments","floor":5},{"not_picked":["Heavy Blade","Cleave"],"picked":"Flame Barrier","floor":6},{"not_picked":["Sword Boomerang","Shrug It Off"],"picked":"Battle Trance","floor":7},{"not_picked":["Thunderclap","Combust"],"picked":"Sword Boomerang","floor":8}],"player_experience":47106,"relics_obtained":[{"floor":6,"key":"War Paint"},{"floor":8,"key":"Anchor"},{"floor":9,"key":"Self Forming Clay"},{"floor":12,"key":"Centennial Puzzle"}],"event_choices":[{"cards_removed":["Strike_R"],"damage_healed":0,"gold_gain":0,"player_choice":"Card Removal","damage_taken":7,"max_hp_gain":0,"max_hp_loss":0,"event_name":"Golden Wing","floor":2,"gold_loss":0},{"cards_removed":["Strike_R"],"damage_healed":0,"gold_gain":0,"player_choice":"Card Removal","damage_taken":0,"max_hp_gain":0,"max_hp_loss":0,"event_name":"The Cleric","floor":10,"gold_loss":50},{"damage_healed":0,"gold_gain":30,"player_choice":"Searched \u00271\u0027 times","damage_taken":0,"max_hp_gain":0,"max_hp_loss":0,"event_name":"Dead Adventurer","floor":13,"gold_loss":0}],"is_beta":false,"boss_relics":[],"items_purged_floors":[],"is_endless":false,"potions_floor_spawned":[7,8],"killed_by":"Gremlin Nob","ascension_level":3}