{"gold_per_floor":[118,118,135,151,5,36,36,64,64,64,64,140,156,156,156,285,285,299,13,13,29,52,52,91,91,91,91,91,107,125,145,145,265,265,278,278,278,298,24,24,24,24,24,40,40,40,73,103,115,127],"floor_reached":51,"playtime":4616,"items_purged":[],"score":650,"play_id":"0c77dd35-f43e-4d2a-bf9d-a6b57f4ab11b","local_time":"20190528081547","is_ascension_mode":false,"campfire_choices":[{"data":"Neutralize","floor":7.0,"key":"SMITH"},{"floor":11.0,"key":"REST"},{"data":"Footwork","floor":15.0,"key":"SMITH"},{"data":"Noxious Fumes","floor":23,"key":"SMITH"},{"floor":25,"key":"DIG"},{"floor":27,"key":"DIG"},{"floor":32,"key":"DIG"},{"floor":40,"key":"DIG"},{"floor":42,"key":"DIG"},{"floor":46,"key":"DIG"},{"floor":49,"key":"DIG"}],"neow_cost":"NONE","seed_source_timestamp":130305948581381,"circlet_count":0,"master_deck":["Defend_G","Defend_G+1","Defend_G","Defend_G","Defend_G","Strike_G","Strike_G","Strike_G+1","Survivor+1","Neutralize+1","Distraction+1","Heel Hook","Flying Knee","Escape Plan","Die Die Die","Footwork+1","Die Die Die","Noxious Fumes+1","Backflip","PiercingWail","Prepared+1","Crippling Poison+1","Flechettes+1","Envenom","Dagger Spray+1","Deadly Poison","After Image","Crippling Poison","Deadly Poison","Backflip","Leg Sweep+1","Bouncing Flask+1","Noxious Fumes+1"],"special_seed":0,"relics":["Ring of the Snake","Happy Flower","Bottled Lightning","StoneCalendar","Shovel","Question Card","Golden Idol","Coffee Dripper","ClockworkSouvenir","Unceasing Top","PreservedInsect","Ginger","Omamori","Shuriken","Ninja Scroll","Juzu Bracelet","Cursed Key","War Paint","Anchor","Letter Opener","Toxic Egg 2","MawBank","Blue Candle"],"potions_floor_usage":[24,35,50,50,50],"damage_taken":[{"damage":0.0,"enemies":"Cultist","floor":1.0,"turns":5.0},{"damage":0.0,"enemies":"2 Louse","floor":3.0,"turns":5.0},{"damage":0.0,"enemies":"Jaw Worm","floor":4.0,"turns":4.0},{"damage":26.0,"enemies":"3 Sentries","floor":6.0,"turns":14.0},{"damage":0.0,"enemies":"Lagavulin","floor":8.0,"turns":6.0},{"damage":0.0,"enemies":"3 Louse","floor":13.0,"turns":1.0},{"damage":34.0,"enemies":"The Guardian","floor":16.0,"turns":17.0},{"damage":6.0,"enemies":"2 Thieves","floor":18.0,"turns":4.0},{"damage":0.0,"enemies":"Spheric Guardian","floor":21.0,"turns":6.0},{"damage":0,"enemies":"3 Cultists","floor":22,"turns":5},{"damage":14,"enemies":"Slavers","floor":24,"turns":5},{"damage":3,"enemies":"Snecko","floor":29,"turns":4},{"damage":0,"enemies":"Snake Plant","floor":30,"turns":3},{"damage":0,"enemies":"3 Cultists","floor":31,"turns":3},{"damage":21,"enemies":"Collector","floor":33,"turns":7},{"damage":1,"enemies":"Orb Walker","floor":35,"turns":2},{"damage":0,"enemies":"3 Shapes","floor":38,"turns":4},{"damage":0,"enemies":"Transient","floor":44,"turns":5},{"damage":0,"enemies":"4 Shapes","floor":47,"turns":3},{"damage":6,"enemies":"Writhing Mass","floor":48,"turns":6},{"damage":33,"enemies":"Time Eater","floor":50,"turns":7}],"seed_played":"-2966769010987124067","potions_obtained":[{"floor":1.0,"key":"FearPotion"},{"floor":3.0,"key":"Ancient Potion"},{"floor":6.0,"key":"SkillPotion"},{"floor":16.0,"key":"Swift Potion"},{"floor":18.0,"key":"Swift Potion"},{"floor":29,"key":"Swift Potion"},{"floor":30,"key":"Energy Potion"},{"floor":37,"key":"SteroidPotion"}],"is_trial":false,"path_per_floor":["M","?","M","M","$","E","R","E","T","?","R","T","M","?","R","B",null,"M","$","?","M","M","R","E","R","T","R","?","M","M","M","R","B",null,"M","?","?","M","$","R","?","R","T","M","?","R","M","M","R","B",null],"character_chosen":"THE_SILENT","items_purchased":["Happy Flower","ClockworkSouvenir","Backflip","PiercingWail","Regen Potion","War Paint","Backflip"],"campfire_rested":1,"item_purchase_floors":[5,19,19,19,39,39,39],"current_hp_per_floor":[77,77,77,77,77,51,51,51,51,36,59,59,59,59,59,25,71,65,65,65,65,65,65,51,51,51,51,51,48,48,48,48,27,71,70,70,70,70,70,70,70,70,70,70,70,70,70,64,64,44],"gold":139,"neow_bonus":"TEN_PERCENT_HP_BONUS","is_prod":false,"is_daily":false,"chose_seed":false,"campfire_upgraded":3,"win_rate":0.0,"timestamp":1558995347,"path_taken":["M","?","M","?","?","E","R","E","T","?","R","?","M","?","R","BOSS","M","$","?","M","?","R","E","R","T","R","?","M","M","M","R","BOSS","M","?","?","M","$","R","?","R","T","M","?","R","M","M","R","BOSS"],"build_version":"2019-01-23","purchased_purges":0,"victory":true,"max_hp_per_floor":[77,77,77,77,77,77,77,77,77,77,77,77,77,71,71,71,71,71,71,71,71,71,71,71,71,71,71,71,71,71,71,71,71,71,71,71,71,71,71,71,71,71,71,71,71,71,71,71,71,71],"card_choices":[{"not_picked":["Leg Sweep","Eviscerate"],"picked":"Distraction","floor":1.0},{"not_picked":["Sucker Punch","Deflect"],"picked":"Heel Hook","floor":3.0},{"not_picked":["Quick Slash","PiercingWail"],"picked":"Flying Knee","floor":4.0},{"not_picked":["Deflect","Calculated Gamble"],"picked":"Escape Plan","floor":6.0},{"not_picked":["Blade Dance","Caltrops"],"picked":"Die Die Die","floor":8.0},{"not_picked":["Flying Knee","Riddle With Holes","Finisher"],"picked":"Footwork","floor":13.0},{"not_picked":["Glass Knife","Bullet Time","Envenom"],"picked":"Die Die Die","floor":16.0},{"not_picked":["Outmaneuver","Footwork","Deadly Poison"],"picked":"Noxious Fumes","floor":18.0},{"not_picked":["Well Laid Plans+1","Dodge and Roll+1","Endless Agony+1"],"picked":"Prepared+1","floor":21.0},{"not_picked":["Poisoned Stab","Sucker Punch","Blade Dance+1"],"picked":"Crippling Poison+1","floor":22},{"not_picked":["Terror+1","Masterful Stab+1","Deflect"],"picked":"Flechettes+1","floor":24},{"not_picked":["Finisher","Backflip","Dagger Throw+1"],"picked":"Envenom","floor":29},{"not_picked":["Dodge and Roll+1","Dagger Throw","Acrobatics"],"picked":"Dagger Spray+1","floor":30},{"not_picked":["Flying Knee","PiercingWail","Escape Plan"],"picked":"Deadly Poison","floor":31},{"not_picked":["Malaise","A Thousand Cuts","Adrenaline"],"picked":"After Image","floor":33},{"not_picked":["Reflex+1","Deflect+1","Sucker Punch+1"],"picked":"Crippling Poison","floor":35},{"not_picked":["Outmaneuver+1","Acrobatics+1","Poisoned Stab"],"picked":"Deadly Poison","floor":38},{"not_picked":["Sucker Punch+1","Poisoned Stab+1","PiercingWail+1"],"picked":"Leg Sweep+1","floor":44},{"not_picked":["Slice","Backflip+1","PiercingWail+1"],"picked":"Bouncing Flask+1","floor":47},{"not_picked":["Slice+1","Outmaneuver+1","Footwork"],"picked":"Noxious Fumes+1","floor":48}],"player_experience":32177,"relics_obtained":[{"floor":6.0,"key":"Bottled Lightning"},{"floor":8.0,"key":"StoneCalendar"},{"floor":9.0,"key":"Shovel"},{"floor":12.0,"key":"Question Card"},{"floor":20.0,"key":"Unceasing Top"},{"floor":24,"key":"PreservedInsect"},{"floor":25,"key":"Ginger"},{"floor":26,"key":"Omamori"},{"floor":27,"key":"Shuriken"},{"floor":32,"key":"Juzu Bracelet"},{"floor":40,"key":"Anchor"},{"floor":42,"key":"Letter Opener"},{"floor":43,"key":"Toxic Egg 2"},{"floor":46,"key":"MawBank"},{"floor":49,"key":"Blue Candle"}],"event_choices":[{"damage_healed":0.0,"max_hp_gain":0.0,"max_hp_loss":0.0,"gold_gain":0.0,"event_name":"Match and Keep!","player_choice":"0 cards matched","floor":2.0,"gold_loss":0.0,"damage_taken":0.0,"cards_obtained":[]},{"damage_healed":0.0,"max_hp_gain":0.0,"max_hp_loss":0.0,"gold_gain":0.0,"event_name":"Shining Light","player_choice":"Entered Light","floor":10.0,"gold_loss":0.0,"damage_taken":15.0,"cards_upgraded":["Defend_G","Strike_G"]},{"damage_healed":0.0,"max_hp_gain":0.0,"max_hp_loss":6.0,"gold_gain":0.0,"event_name":"Golden Idol","player_choice":"Lose Max HP","floor":14.0,"gold_loss":0.0,"damage_taken":0.0,"relics_obtained":["Golden Idol"]},{"damage_healed":0.0,"max_hp_gain":0.0,"max_hp_loss":0.0,"gold_gain":0.0,"event_name":"Wheel of Change","player_choice":"Relic","floor":20.0,"gold_loss":0.0,"damage_taken":0.0},{"damage_healed":0,"gold_gain":0,"player_choice":"Stole Relic","damage_taken":0,"relics_obtained":["Ninja Scroll"],"max_hp_gain":0,"max_hp_loss":0,"event_name":"Addict","floor":28,"gold_loss":0,"cards_obtained":["Shame"]},{"damage_healed":0,"gold_gain":0,"player_choice":"Ignored","damage_taken":0,"max_hp_gain":0,"max_hp_loss":0,"event_name":"Tomb of Lord Red Mask","floor":36,"gold_loss":0},{"damage_healed":0,"gold_gain":0,"player_choice":"Got Potions","damage_taken":0,"max_hp_gain":0,"max_hp_loss":0,"event_name":"Lab","floor":37,"gold_loss":0},{"cards_removed":["Strike_G"],"damage_healed":0,"gold_gain":0,"player_choice":"Removed Attack","damage_taken":0,"max_hp_gain":0,"max_hp_loss":0,"event_name":"Falling","floor":41,"gold_loss":0},{"cards_removed":["Strike_G"],"damage_healed":0,"gold_gain":0,"player_choice":"Purged","damage_taken":0,"max_hp_gain":0,"max_hp_loss":0,"event_name":"Purifier","floor":45,"gold_loss":0}],"is_beta":false,"boss_relics":[{"not_picked":["Tiny House","Snecko Eye"],"picked":"Coffee Dripper"},{"not_picked":["Sozu","WristBlade"],"picked":"Cursed Key"}],"items_purged_floors":[],"is_endless":false,"potions_floor_spawned":[1,3,6,16,18,29,30,44,48],"ascension_level":0}