{"gold_per_floor":[119,132,5,5,21,21,56,56,56,68,100,117,144,163,163,242,242,261,279,292,66,83,83,109,109,134,150,170,203,203,219,219,293,293,313,20,32,132,132,157,157,182,257,272,272,327,327,20,20,20],"floor_reached":51,"playtime":3135,"items_purged":["Pain"],"score":1349,"play_id":"97a3707d-8409-4895-9180-1c075d9cc174","local_time":"20190529150342","is_ascension_mode":true,"campfire_choices":[{"data":"Immolate","floor":6.0,"key":"SMITH"},{"data":"Inflame","floor":8.0,"key":"SMITH"},{"data":"Bash","floor":15.0,"key":"SMITH"},{"floor":23.0,"key":"REST"},{"floor":25.0,"key":"REST"},{"floor":32.0,"key":"REST"},{"floor":41,"key":"REST"},{"floor":47,"key":"REST"},{"floor":49,"key":"REST"}],"neow_cost":"CURSE","seed_source_timestamp":242869742400534,"circlet_count":0,"master_deck":["AscendersBane","Strike_R","Strike_R","Strike_R","Strike_R","Strike_R","Defend_R","Defend_R","Defend_R","Defend_R","Bash+1","Immolate+1","Inflame+1","Power Through","Twin Strike","Shrug It Off","Ghostly Armor","Sword Boomerang+1","Headbutt+1","Shrug It Off","Twin Strike","Impervious","True Grit+1","Warcry+1","Flame Barrier","Twin Strike","Heavy Blade+1","Pummel","Spot Weakness","Perfected Strike","Demon Form","Thunderclap","Master of Strategy","Double Tap","Pummel","Spot Weakness","Reaper","Battle Trance+1","Perfected Strike","Violence"],"special_seed":0,"relics":["Burning Blood","Oddly Smooth Stone","Ornamental Fan","Omamori","Pantograph","Fusion Hammer","Whetstone","Red Skull","Regal Pillow","Strawberry","Mark of Pain","Membership Card","Torii","Question Card","Anchor","Kunai","Ginger","HandDrill","Bottled Lightning"],"potions_floor_usage":[50,50],"damage_taken":[{"damage":0.0,"enemies":"Cultist","floor":1.0,"turns":2.0},{"damage":12.0,"enemies":"Small Slimes","floor":2.0,"turns":2.0},{"damage":2.0,"enemies":"Jaw Worm","floor":5.0,"turns":4.0},{"damage":29.0,"enemies":"Gremlin Nob","floor":7.0,"turns":4.0},{"damage":0.0,"enemies":"Red Slaver","floor":10.0,"turns":3.0},{"damage":18.0,"enemies":"Lagavulin","floor":11.0,"turns":6.0},{"damage":1.0,"enemies":"Large Slime","floor":12.0,"turns":4.0},{"damage":9.0,"enemies":"3 Sentries","floor":13.0,"turns":4.0},{"damage":2.0,"enemies":"Blue Slaver","floor":14.0,"turns":3.0},{"damage":71.0,"enemies":"Hexaghost","floor":16.0,"turns":9.0},{"damage":6.0,"enemies":"Spheric Guardian","floor":18.0,"turns":4.0},{"damage":0.0,"enemies":"3 Byrds","floor":19.0,"turns":4.0},{"damage":8.0,"enemies":"Centurion and Healer","floor":20.0,"turns":7.0},{"damage":1.0,"enemies":"Snake Plant","floor":22.0,"turns":4.0},{"damage":19.0,"enemies":"Book of Stabbing","floor":24.0,"turns":5.0},{"damage":1.0,"enemies":"Cultist and Chosen","floor":27.0,"turns":5.0},{"damage":12.0,"enemies":"Snecko","floor":28.0,"turns":5.0},{"damage":25.0,"enemies":"Gremlin Leader","floor":29.0,"turns":8.0},{"damage":13.0,"enemies":"Centurion and Healer","floor":31.0,"turns":5.0},{"damage":48.0,"enemies":"Automaton","floor":33.0,"turns":7.0},{"damage":17.0,"enemies":"3 Shapes","floor":35.0,"turns":4.0},{"damage":18,"enemies":"3 Darklings","floor":37,"turns":5},{"damage":0,"enemies":"Mind Bloom Boss Battle","floor":38,"turns":4},{"damage":8,"enemies":"Giant Head","floor":40,"turns":6},{"damage":60,"enemies":"Nemesis","floor":42,"turns":5},{"damage":7,"enemies":"Jaw Worm Horde","floor":44,"turns":3},{"damage":31,"enemies":"2 Orb Walkers","floor":46,"turns":5},{"damage":40,"enemies":"Donu and Deca","floor":50,"turns":9}],"seed_played":"-2247778129659386594","potions_obtained":[{"floor":2.0,"key":"Swift Potion"},{"floor":10.0,"key":"AttackPotion"},{"floor":11.0,"key":"EssenceOfSteel"},{"floor":12.0,"key":"SneckoOil"},{"floor":13.0,"key":"Regen Potion"},{"floor":16.0,"key":"LiquidBronze"},{"floor":18.0,"key":"Block Potion"},{"floor":20.0,"key":"SteroidPotion"},{"floor":40,"key":"Poison Potion"},{"floor":46,"key":"GamblersBrew"}],"is_trial":false,"path_per_floor":["M","M","$","$","M","R","E","R","T","M","E","M","E","M","R","B",null,"M","M","M","$","M","R","E","R","T","M","M","E","?","M","R","B",null,"M","$","M","?","?","E","R","E","T","M","?","?","R","$","R","B",null],"character_chosen":"IRONCLAD","items_purchased":["Twin Strike","Whetstone","Ancient Potion","Membership Card","Master of Strategy","HandDrill","Violence","Bottled Lightning"],"campfire_rested":6,"item_purchase_floors":[3,21,21,36,36,48,48,48],"current_hp_per_floor":[74,68,68,68,72,72,49,49,49,55,43,48,45,49,49,24,62,62,68,66,66,71,75,62,75,75,75,69,57,57,50,82,40,72,61,61,49,80,80,78,82,28,28,52,52,45,82,82,82,48],"gold":20,"neow_bonus":"THREE_RARE_CARDS","is_prod":false,"is_daily":false,"chose_seed":false,"campfire_upgraded":3,"win_rate":0,"timestamp":1559106222,"path_taken":["M","M","?","$","M","R","E","R","T","M","E","M","E","M","R","BOSS","M","M","M","$","M","R","E","R","T","M","M","E","?","M","R","BOSS","M","$","M","?","?","E","R","E","T","?","?","?","R","$","R","BOSS"],"build_version":"2019-01-23","purchased_purges":1,"victory":true,"max_hp_per_floor":[75,75,75,75,75,75,75,75,75,75,75,75,75,75,75,75,75,75,75,75,75,75,75,75,75,75,75,75,82,82,82,82,82,82,82,82,82,82,82,82,82,82,82,82,82,82,82,82,82,82],"card_choices":[{"not_picked":["Juggernaut","Impervious"],"picked":"Immolate","floor":0.0},{"not_picked":["Pommel Strike","Battle Trance"],"picked":"Inflame","floor":1.0},{"not_picked":["Sword Boomerang","Headbutt"],"picked":"Power Through","floor":2.0},{"not_picked":["Intimidate","Hemokinesis"],"picked":"Shrug It Off","floor":5.0},{"not_picked":["Twin Strike","Dual Wield"],"picked":"Ghostly Armor","floor":7.0},{"not_picked":["Anger","Wild Strike"],"picked":"Sword Boomerang","floor":10.0},{"not_picked":["Barricade","Anger"],"picked":"Headbutt","floor":11.0},{"not_picked":["Wild Strike","Pommel Strike"],"picked":"Shrug It Off","floor":12.0},{"not_picked":["Wild Strike","Evolve"],"picked":"Twin Strike","floor":13.0},{"not_picked":["Rampage","Headbutt","Sever Soul"],"picked":"SKIP","floor":14.0},{"not_picked":["Reaper","Bludgeon"],"picked":"Impervious","floor":16.0},{"not_picked":["Metallicize","Shockwave"],"picked":"Inflame","floor":18.0},{"not_picked":["Wild Strike","Flex"],"picked":"True Grit+1","floor":19.0},{"not_picked":["Clothesline","Carnage"],"picked":"Warcry+1","floor":20.0},{"not_picked":["Carnage","Warcry"],"picked":"Flame Barrier","floor":22.0},{"not_picked":["Carnage+1","Headbutt"],"picked":"Twin Strike","floor":24.0},{"not_picked":["Perfected Strike","Dual Wield"],"picked":"Heavy Blade+1","floor":27.0},{"not_picked":["Disarm","Second Wind"],"picked":"Pummel","floor":28.0},{"not_picked":["Bloodletting","Uppercut"],"picked":"Spot Weakness","floor":29.0},{"not_picked":["Corruption","Clothesline"],"picked":"Perfected Strike","floor":31.0},{"not_picked":["Brutality","Reaper"],"picked":"Demon Form","floor":33.0},{"not_picked":["Body Slam+1","Armaments"],"picked":"Thunderclap","floor":35.0},{"not_picked":["Combust","True Grit+1"],"picked":"Double Tap","floor":37},{"not_picked":["Body Slam","Iron Wave"],"picked":"Pummel","floor":38},{"not_picked":["Iron Wave","Thunderclap"],"picked":"Spot Weakness","floor":40},{"not_picked":["Rupture","Cleave","Iron Wave"],"picked":"Reaper","floor":42},{"not_picked":["Sword Boomerang","Evolve","Cleave+1"],"picked":"Battle Trance+1","floor":44},{"not_picked":["Feel No Pain","Dual Wield","Combust"],"picked":"Perfected Strike","floor":46}],"player_experience":48769,"relics_obtained":[{"floor":7.0,"key":"Oddly Smooth Stone"},{"floor":9.0,"key":"Ornamental Fan"},{"floor":11.0,"key":"Omamori"},{"floor":13.0,"key":"Pantograph"},{"floor":24.0,"key":"Red Skull"},{"floor":26.0,"key":"Regal Pillow"},{"floor":29.0,"key":"Strawberry"},{"floor":38,"key":"Torii"},{"floor":40,"key":"Question Card"},{"floor":42,"key":"Anchor"},{"floor":43,"key":"Kunai"},{"floor":46,"key":"Ginger"}],"event_choices":[{"damage_healed":0.0,"max_hp_gain":0.0,"max_hp_loss":0.0,"gold_gain":0.0,"event_name":"Ghosts","player_choice":"Ignored","floor":30.0,"gold_loss":0.0,"damage_taken":0.0},{"damage_healed":0,"gold_gain":0,"player_choice":"Fight","damage_taken":0,"max_hp_gain":0,"max_hp_loss":0,"event_name":"MindBloom","floor":38,"gold_loss":0},{"damage_healed":0,"gold_gain":0,"player_choice":"Leave","damage_taken":0,"max_hp_gain":0,"max_hp_loss":0,"event_name":"FaceTrader","floor":39,"gold_loss":0},{"cards_removed":["Inflame"],"damage_healed":0,"gold_gain":0,"player_choice":"Removed Power","damage_taken":0,"max_hp_gain":0,"max_hp_loss":0,"event_name":"Falling","floor":45,"gold_loss":0},{"damage_healed":0,"gold_gain":0,"player_choice":"Fight","damage_taken":0,"max_hp_gain":0,"max_hp_loss":0,"event_name":"Mysterious Sphere","floor":46,"gold_loss":0}],"is_beta":false,"boss_relics":[{"not_picked":["White Beast Statue","Calling Bell"],"picked":"Fusion Hammer"},{"not_picked":["Orrery","Black Star"],"picked":"Mark of Pain"}],"items_purged_floors":[3],"is_endless":false,"potions_floor_spawned":[2,10,11,12,13,16,18,20,29,31,40,46],"ascension_level":15}