{"gold_per_floor":[119,129,129,144,110,136,136,155,178,198,223,238,271,287,287,391,391,404,416,386,400,420,420,453,453,453,8,8,23,43,43,43,143,143,162,175,175,189,13,13,24,42,69,69,69,101,17,32,32,32],"floor_reached":51,"playtime":2924,"items_purged":[],"score":878,"play_id":"9f5edc73-0a44-47d0-9478-a38996657234","local_time":"20190526030500","is_ascension_mode":true,"campfire_choices":[{"data":"Perfected Strike","floor":7.0,"key":"SMITH"},{"data":"Heavy Blade","floor":15.0,"key":"SMITH"},{"data":"Flame Barrier","floor":23.0,"key":"SMITH"},{"data":"Double Tap","floor":32.0,"key":"SMITH"},{"data":"Demon Form","floor":40.0,"key":"SMITH"},{"data":"Perfected Strike","floor":44.0,"key":"SMITH"},{"data":"Shrug It Off","floor":49,"key":"SMITH"}],"neow_cost":"NONE","seed_source_timestamp":0,"circlet_count":0,"master_deck":["Strike_R","Strike_R","Strike_R","Strike_R","Strike_R","Defend_R","Defend_R","Bash","Heavy Blade+1","Perfected Strike+1","Sever Soul","Headbutt","Metallicize","Dropkick","Twin Strike","Demon Form+1","Shrug It Off+1","Flame Barrier+1","Inflame","Feed","Shrug It Off+1","Thunderclap+1","Thunderclap+1","Corruption+1","Rage+1","Spot Weakness","Ghostly Armor","Twin Strike","Finesse","Battle Trance","Battle Trance","Double Tap+1","Impervious","Heavy Blade+1","Sever Soul+1","Clothesline","Flame Barrier+1","Perfected Strike+1","Double Tap+1","Dark Shackles"],"special_seed":0,"relics":["Burning Blood","Dream Catcher","Red Skull","Orichalcum","Dodecahedron","Coffee Dripper","Omamori","Mercury Hourglass","Gremlin Horn","Snecko Eye","Bag of Marbles","Oddly Smooth Stone","MawBank"],"potions_floor_usage":[50,50,50],"damage_taken":[{"damage":8.0,"enemies":"2 Louse","floor":1.0,"turns":4.0},{"damage":1.0,"enemies":"Cultist","floor":2.0,"turns":3.0},{"damage":7.0,"enemies":"Small Slimes","floor":4.0,"turns":3.0},{"damage":32.0,"enemies":"3 Sentries","floor":6.0,"turns":8.0},{"damage":6.0,"enemies":"Blue Slaver","floor":8.0,"turns":3.0},{"damage":12.0,"enemies":"Looter","floor":10.0,"turns":3.0},{"damage":12.0,"enemies":"Gremlin Nob","floor":11.0,"turns":4.0},{"damage":10.0,"enemies":"Lots of Slimes","floor":12.0,"turns":4.0},{"damage":6.0,"enemies":"3 Sentries","floor":13.0,"turns":4.0},{"damage":5.0,"enemies":"Exordium Thugs","floor":14.0,"turns":4.0},{"damage":23.0,"enemies":"Hexaghost","floor":16.0,"turns":9.0},{"damage":3.0,"enemies":"Chosen","floor":18.0,"turns":4.0},{"damage":12.0,"enemies":"Shell Parasite","floor":19.0,"turns":5.0},{"damage":9.0,"enemies":"Shelled Parasite and Fungi","floor":21.0,"turns":3.0},{"damage":0.0,"enemies":"Snake Plant","floor":22.0,"turns":2.0},{"damage":10.0,"enemies":"Book of Stabbing","floor":24.0,"turns":4.0},{"damage":1.0,"enemies":"Chosen and Byrds","floor":29.0,"turns":4.0},{"damage":14.0,"enemies":"Shelled Parasite and Fungi","floor":30.0,"turns":4.0},{"damage":15.0,"enemies":"Champ","floor":33.0,"turns":8.0},{"damage":0.0,"enemies":"3 Darklings","floor":35.0,"turns":4.0},{"damage":0.0,"enemies":"3 Shapes","floor":36.0,"turns":4.0},{"damage":53.0,"enemies":"Maw","floor":38.0,"turns":6.0},{"damage":8.0,"enemies":"Sphere and 2 Shapes","floor":41.0,"turns":4.0},{"damage":0.0,"enemies":"3 Darklings","floor":42.0,"turns":2.0},{"damage":15.0,"enemies":"Nemesis","floor":46.0,"turns":3.0},{"damage":0,"enemies":"Writhing Mass","floor":48,"turns":5},{"damage":2,"enemies":"Donu and Deca","floor":50,"turns":5}],"seed_played":"-4359935307172751850","potions_obtained":[{"floor":2.0,"key":"Regen Potion"},{"floor":4.0,"key":"Weak Potion"},{"floor":6.0,"key":"Explosive Potion"},{"floor":8.0,"key":"BloodPotion"},{"floor":11.0,"key":"FearPotion"},{"floor":13.0,"key":"Strength Potion"},{"floor":20.0,"key":"Strength Potion"},{"floor":20.0,"key":"Energy Potion"},{"floor":21.0,"key":"Block Potion"},{"floor":30.0,"key":"SteroidPotion"},{"floor":33.0,"key":"Explosive Potion"},{"floor":36.0,"key":"Regen Potion"},{"floor":38.0,"key":"FearPotion"},{"floor":42.0,"key":"Fire Potion"},{"floor":48,"key":"Poison Potion"}],"is_trial":false,"path_per_floor":["M","M","?","M","$","E","R","M","T","M","E","M","E","M","R","B",null,"M","M","?","M","M","R","E","?","T","$","?","M","M","$","R","B",null,"M","M","?","M","$","R","M","M","T","R","?","E","$","M","R","B",null],"character_chosen":"IRONCLAD","items_purchased":["Metallicize","Gremlin Horn","Ghostly Armor","Twin Strike","Finesse","Bag of Marbles","Clothesline","Dark Shackles"],"campfire_rested":0,"item_purchase_floors":[5,27,27,27,27,39,39,47],"current_hp_per_floor":[86,88,88,87,87,76,76,76,76,78,72,68,68,69,69,52,88,91,85,85,82,88,88,84,84,84,84,84,89,84,84,84,75,94,94,97,92,60,60,60,61,70,70,70,70,61,61,67,67,74],"gold":32,"neow_bonus":"TEN_PERCENT_HP_BONUS","is_prod":false,"is_daily":false,"chose_seed":false,"campfire_upgraded":7,"win_rate":1,"timestamp":1558803900,"path_taken":["M","M","?","M","$","E","R","M","T","?","E","M","E","M","R","BOSS","M","?","?","M","?","R","E","?","T","$","?","M","?","$","R","BOSS","M","M","?","M","$","R","M","M","T","R","?","E","$","?","R","BOSS"],"build_version":"2019-01-23","purchased_purges":0,"victory":true,"max_hp_per_floor":[88,88,88,88,88,88,88,88,88,88,88,88,88,88,88,88,88,91,91,91,91,91,91,91,91,91,91,91,91,94,94,94,94,94,94,97,92,95,95,95,98,101,101,101,101,101,101,101,101,104],"card_choices":[{"not_picked":["Warcry","Whirlwind"],"picked":"Heavy Blade","floor":1.0},{"not_picked":["Combust","Cleave"],"picked":"Perfected Strike","floor":2.0},{"not_picked":["Anger","Evolve"],"picked":"Headbutt","floor":4.0},{"not_picked":["Armaments","Clash"],"picked":"Dropkick","floor":6.0},{"not_picked":["Body Slam","Anger","Armaments"],"picked":"SKIP","floor":8.0},{"not_picked":["Sever Soul","Carnage"],"picked":"Twin Strike","floor":10.0},{"not_picked":["Heavy Blade","Evolve"],"picked":"Demon Form","floor":11.0},{"not_picked":["Intimidate","Warcry"],"picked":"Shrug It Off","floor":12.0},{"not_picked":["Exhume","Feel No Pain"],"picked":"Flame Barrier","floor":13.0},{"not_picked":["Entrench","Havoc"],"picked":"Inflame","floor":14.0},{"not_picked":["Dark Embrace","Demon Form"],"picked":"Feed","floor":16.0},{"not_picked":["Warcry","Clothesline+1"],"picked":"Shrug It Off+1","floor":18.0},{"not_picked":["Reckless Charge","Headbutt"],"picked":"Thunderclap+1","floor":19.0},{"not_picked":["Headbutt","Iron Wave"],"picked":"Thunderclap+1","floor":21.0},{"not_picked":["Body Slam+1","Intimidate"],"picked":"Corruption+1","floor":22.0},{"not_picked":["Metallicize","Shrug It Off"],"picked":"Rage+1","floor":24.0},{"not_picked":["Warcry+1","Armaments+1"],"picked":"Battle Trance","floor":29.0},{"not_picked":["Armaments+1","Disarm"],"picked":"Double Tap","floor":30.0},{"not_picked":["Berserk","Barricade"],"picked":"Impervious","floor":33.0},{"not_picked":["Inflame+1","Sword Boomerang+1"],"picked":"Heavy Blade+1","floor":35.0},{"not_picked":["Sword Boomerang+1","Entrench"],"picked":"Sever Soul+1","floor":36.0},{"not_picked":["Anger+1","Cleave","Armaments+1"],"picked":"SKIP","floor":38.0},{"not_picked":["Reckless Charge+1","Rampage"],"picked":"Flame Barrier+1","floor":41.0},{"not_picked":["Thunderclap+1","Intimidate"],"picked":"Perfected Strike","floor":42.0},{"not_picked":["Body Slam","Wild Strike","Anger+1"],"picked":"SKIP","floor":46.0},{"not_picked":["Pommel Strike","Feed","Flex"],"picked":"SKIP","floor":48}],"player_experience":8978,"relics_obtained":[{"floor":6.0,"key":"Dream Catcher"},{"floor":9.0,"key":"Red Skull"},{"floor":11.0,"key":"Orichalcum"},{"floor":13.0,"key":"Dodecahedron"},{"floor":24.0,"key":"Omamori"},{"floor":26.0,"key":"Mercury Hourglass"},{"floor":43.0,"key":"Oddly Smooth Stone"},{"floor":46.0,"key":"MawBank"}],"event_choices":[{"damage_healed":0.0,"max_hp_gain":0.0,"max_hp_loss":0.0,"gold_gain":0.0,"cards_transformed":["Defend_R"],"event_name":"Transmorgrifier","player_choice":"Transformed","floor":3.0,"gold_loss":0.0,"damage_taken":0.0,"cards_obtained":["Sever Soul"]},{"damage_healed":0.0,"max_hp_gain":0.0,"max_hp_loss":0.0,"gold_gain":0.0,"event_name":"The Woman in Blue","player_choice":"Bought 2 Potions","floor":20.0,"gold_loss":0.0,"damage_taken":0.0},{"damage_healed":0.0,"max_hp_gain":0.0,"max_hp_loss":0.0,"gold_gain":0.0,"event_name":"The Library","player_choice":"Read","floor":25.0,"gold_loss":0.0,"damage_taken":0.0,"cards_obtained":["Spot Weakness"]},{"damage_healed":0.0,"max_hp_gain":0.0,"max_hp_loss":0.0,"gold_gain":0.0,"cards_transformed":["Defend_R"],"event_name":"Transmorgrifier","player_choice":"Transformed","floor":28.0,"gold_loss":0.0,"damage_taken":0.0,"cards_obtained":["Battle Trance"]},{"damage_healed":0.0,"max_hp_gain":0.0,"max_hp_loss":5.0,"gold_gain":0.0,"event_name":"Winding Halls","player_choice":"Max HP","floor":37.0,"gold_loss":0.0,"damage_taken":0.0},{"damage_healed":0.0,"max_hp_gain":0.0,"max_hp_loss":0.0,"gold_gain":0.0,"event_name":"Duplicator","player_choice":"Copied","floor":45.0,"gold_loss":0.0,"damage_taken":0.0,"cards_obtained":["Double Tap"]}],"is_beta":false,"boss_relics":[{"not_picked":["Tiny House","Orrery"],"picked":"Coffee Dripper"},{"not_picked":["Empty Cage","Velvet Choker"],"picked":"Snecko Eye"}],"items_purged_floors":[],"is_endless":false,"potions_floor_spawned":[2,4,6,8,11,13,21,30,33,36,38,42,48],"ascension_level":3}