{"gold_per_floor":[112,37,57,207,207,240,240,80,80,112,112,141,141,168,168,242,242,258,258,30,30,46,78,78,111,111,111,124,140,84,100,100,173,173,191,203,203,213,213,213,243,263,339,350,368,387,403,48,48,48],"floor_reached":51,"playtime":3359,"items_purged":["Doubt","Writhe"],"score":1346,"play_id":"f54d2798-f926-404a-a73f-c858b5c81fad","local_time":"20190529180853","is_ascension_mode":true,"campfire_choices":[{"data":"Bash","floor":7.0,"key":"SMITH"},{"data":"Corruption","floor":11.0,"key":"SMITH"},{"data":"Rage","floor":15.0,"key":"SMITH"},{"data":"Disarm","floor":24,"key":"SMITH"},{"floor":27,"key":"REST"},{"data":"Demon Form","floor":32,"key":"SMITH"},{"data":"Perfected Strike","floor":40,"key":"SMITH"},{"data":"Pummel","floor":49,"key":"SMITH"}],"neow_cost":"NONE","seed_source_timestamp":253847876326197,"circlet_count":0,"master_deck":["AscendersBane","Strike_R","Strike_R","Strike_R","Strike_R","Defend_R","Defend_R","Defend_R","Bash+1","Wild Strike","Sword Boomerang+1","Reaper","Corruption+1","Iron Wave","Spot Weakness","Rage+1","Demon Form+1","Metallicize","Feel No Pain","Disarm+1","Twin Strike","Clothesline","Pummel+1","Twin Strike","Shrug It Off","Reaper","Perfected Strike+1","Offering","Twin Strike","Clothesline","Perfected Strike","Sword Boomerang+1","Clothesline+1","Evolve+1","Warcry+1"],"special_seed":0,"relics":["Burning Blood","NeowsBlessing","Bag of Marbles","Dream Catcher","Meat on the Bone","Centennial Puzzle","Smiling Mask","Boot","Mark of Pain","Happy Flower","Ancient Tea Set","Magic Flower","StoneCalendar","Coffee Dripper","Toxic Egg 2","Frozen Egg 2","Kunai"],"potions_floor_usage":[22,22,33,50,50],"damage_taken":[{"damage":0.0,"enemies":"Small Slimes","floor":1.0,"turns":1.0},{"damage":0.0,"enemies":"2 Louse","floor":3.0,"turns":1.0},{"damage":0.0,"enemies":"Gremlin Nob","floor":6.0,"turns":1.0},{"damage":42.0,"enemies":"Lagavulin","floor":10.0,"turns":6.0},{"damage":23.0,"enemies":"Gremlin Nob","floor":12.0,"turns":4.0},{"damage":30.0,"enemies":"3 Sentries","floor":14.0,"turns":6.0},{"damage":51.0,"enemies":"Hexaghost","floor":16.0,"turns":8.0},{"damage":24.0,"enemies":"Spheric Guardian","floor":18.0,"turns":5.0},{"damage":19,"enemies":"2 Thieves","floor":22,"turns":3},{"damage":41,"enemies":"Slavers","floor":23,"turns":5},{"damage":46,"enemies":"Book of Stabbing","floor":25,"turns":6},{"damage":21,"enemies":"Snake Plant","floor":28,"turns":4},{"damage":34,"enemies":"Cultist and Chosen","floor":29,"turns":7},{"damage":20,"enemies":"Centurion and Healer","floor":31,"turns":6},{"damage":47,"enemies":"Champ","floor":33,"turns":9},{"damage":6,"enemies":"3 Shapes","floor":35,"turns":3},{"damage":26,"enemies":"3 Darklings","floor":36,"turns":7},{"damage":22,"enemies":"Writhing Mass","floor":38,"turns":7},{"damage":35,"enemies":"Nemesis","floor":41,"turns":5},{"damage":31,"enemies":"Maw","floor":42,"turns":7},{"damage":35,"enemies":"4 Shapes","floor":44,"turns":4},{"damage":22,"enemies":"Jaw Worm Horde","floor":45,"turns":4},{"damage":14,"enemies":"Sphere and 2 Shapes","floor":46,"turns":3},{"damage":30,"enemies":"4 Shapes","floor":47,"turns":6},{"damage":73,"enemies":"Donu and Deca","floor":50,"turns":7}],"seed_played":"4945922621323723098","potions_obtained":[{"floor":3.0,"key":"Regen Potion"},{"floor":6.0,"key":"Energy Potion"},{"floor":12.0,"key":"Dexterity Potion"},{"floor":18.0,"key":"PowerPotion"},{"floor":25,"key":"Weak Potion"},{"floor":33,"key":"Strength Potion"},{"floor":46,"key":"Strength Potion"}],"is_trial":false,"path_per_floor":["M","?","M","?","?","E","R","$","T","E","R","E","?","E","R","B",null,"M","?","$","?","M","E","R","E","T","R","M","M","$","M","R","B",null,"M","M","?","M","?","R","E","M","T","M","M","M","M","$","R","B",null],"character_chosen":"IRONCLAD","items_purchased":["Corruption","Feel No Pain","Disarm","Twin Strike","Strength Potion","Evolve+1","Kunai","Warcry+1"],"campfire_rested":1,"item_purchase_floors":[8,20,20,20,30,48,48,48],"current_hp_per_floor":[74,74,75,75,70,75,75,75,75,51,51,46,46,55,55,52,69,51,51,51,44,43,50,50,28,28,50,56,47,47,75,75,61,72,75,67,67,75,75,75,49,53,53,75,75,75,66,66,66,75],"gold":48,"neow_bonus":"THREE_ENEMY_KILL","is_prod":false,"is_daily":false,"chose_seed":false,"campfire_upgraded":7,"win_rate":0,"timestamp":1559117333,"path_taken":["M","?","M","?","?","E","R","$","T","E","R","E","?","E","R","BOSS","M","?","$","?","?","E","R","E","T","R","M","M","$","M","R","BOSS","M","M","?","?","?","R","E","M","T","M","M","M","M","$","R","BOSS"],"build_version":"2019-01-23","purchased_purges":2,"victory":true,"max_hp_per_floor":[75,75,75,75,75,75,75,75,75,75,75,75,75,75,75,75,75,75,75,75,75,75,75,75,75,75,75,75,75,75,75,75,75,75,75,75,75,75,75,75,75,75,75,75,75,75,75,75,75,75],"card_choices":[{"not_picked":["Clash","Body Slam"],"picked":"Wild Strike","floor":1.0},{"not_picked":["Armaments","Wild Strike"],"picked":"Sword Boomerang","floor":3.0},{"not_picked":["Sever Soul","Thunderclap"],"picked":"Reaper","floor":6.0},{"not_picked":["Warcry","Intimidate"],"picked":"Iron Wave","floor":10.0},{"not_picked":["Bludgeon","Thunderclap"],"picked":"Spot Weakness","floor":12.0},{"not_picked":["True Grit","Dropkick"],"picked":"Rage","floor":14.0},{"not_picked":["Double Tap","Dark Embrace"],"picked":"Demon Form","floor":16.0},{"not_picked":["Havoc","Clash+1"],"picked":"Metallicize","floor":18.0},{"not_picked":["Feel No Pain","Armaments"],"picked":"Clothesline","floor":22},{"not_picked":["Berserk","Infernal Blade"],"picked":"Pummel","floor":23},{"not_picked":["Clash","Wild Strike"],"picked":"Twin Strike","floor":25},{"not_picked":["Flex","Clothesline"],"picked":"Shrug It Off","floor":27},{"not_picked":["Dropkick","Sever Soul"],"picked":"Reaper","floor":28},{"not_picked":["Flex","Bloodletting","Cleave"],"picked":"SKIP","floor":29},{"not_picked":["True Grit","Headbutt"],"picked":"Perfected Strike","floor":31},{"not_picked":["Fiend Fire","Juggernaut"],"picked":"Offering","floor":33},{"not_picked":["Power Through","Thunderclap"],"picked":"Twin Strike","floor":35},{"not_picked":["Second Wind","Rupture","Anger"],"picked":"SKIP","floor":36},{"not_picked":["Clash","Iron Wave"],"picked":"Perfected Strike","floor":38},{"not_picked":["Pommel Strike+1","Hemokinesis"],"picked":"Sword Boomerang+1","floor":41},{"not_picked":["Flex+1","Anger","Cleave"],"picked":"SKIP","floor":42},{"not_picked":["Clothesline","Anger+1","Clash"],"picked":"SKIP","floor":44},{"not_picked":["Cleave","Combust+1","Bloodletting+1"],"picked":"SKIP","floor":45},{"not_picked":["Seeing Red+1","Hemokinesis","Clothesline"],"picked":"SKIP","floor":46},{"not_picked":["Feed","Armaments+1"],"picked":"Clothesline+1","floor":47}],"player_experience":51904,"relics_obtained":[{"floor":6.0,"key":"Dream Catcher"},{"floor":9.0,"key":"Meat on the Bone"},{"floor":10.0,"key":"Centennial Puzzle"},{"floor":12.0,"key":"Smiling Mask"},{"floor":14.0,"key":"Boot"},{"floor":23,"key":"Ancient Tea Set"},{"floor":25,"key":"Magic Flower"},{"floor":26,"key":"StoneCalendar"},{"floor":41,"key":"Toxic Egg 2"},{"floor":43,"key":"Frozen Egg 2"}],"event_choices":[{"cards_removed":["Strike_R"],"damage_healed":0.0,"max_hp_gain":0.0,"max_hp_loss":0.0,"gold_gain":0.0,"event_name":"The Cleric","player_choice":"Card Removal","floor":2.0,"gold_loss":75.0,"damage_taken":0.0},{"damage_healed":0.0,"max_hp_gain":0.0,"max_hp_loss":0.0,"gold_gain":150.0,"event_name":"Liars Game","player_choice":"AGREE","floor":4.0,"gold_loss":0.0,"damage_taken":0.0,"cards_obtained":["Doubt"]},{"damage_healed":0.0,"max_hp_gain":0.0,"max_hp_loss":0.0,"gold_gain":0.0,"event_name":"Scrap Ooze","player_choice":"Success","floor":5.0,"gold_loss":0.0,"damage_taken":5.0,"relics_obtained":["Bag of Marbles"]},{"damage_healed":0.0,"max_hp_gain":0.0,"max_hp_loss":0.0,"gold_gain":0.0,"event_name":"Living Wall","player_choice":"Grow","floor":13.0,"gold_loss":0.0,"damage_taken":0.0,"cards_upgraded":["Sword Boomerang"]},{"damage_healed":0.0,"max_hp_gain":0.0,"max_hp_loss":0.0,"gold_gain":0.0,"event_name":"The Mausoleum","player_choice":"Opened","floor":19.0,"gold_loss":0.0,"damage_taken":0.0,"relics_obtained":["Happy Flower"],"cards_obtained":["Writhe"]},{"damage_healed":0.0,"max_hp_gain":0.0,"max_hp_loss":0.0,"gold_gain":0.0,"event_name":"Knowing Skull","player_choice":"","floor":21.0,"potions_obtained":[],"gold_loss":0.0,"damage_taken":7.0,"cards_obtained":[]},{"damage_healed":0,"gold_gain":0,"cards_transformed":["Defend_R"],"player_choice":"Transformed","damage_taken":0,"max_hp_gain":0,"max_hp_loss":0,"event_name":"Transmorgrifier","floor":37,"gold_loss":0,"cards_obtained":["Clothesline"]},{"damage_healed":0,"gold_gain":0,"player_choice":"Ignored","damage_taken":0,"max_hp_gain":0,"max_hp_loss":0,"event_name":"Tomb of Lord Red Mask","floor":39,"gold_loss":0}],"is_beta":false,"boss_relics":[{"not_picked":["Runic Pyramid","Sozu"],"picked":"Mark of Pain"},{"not_picked":["Busted Crown","Runic Cube"],"picked":"Coffee Dripper"}],"items_purged_floors":[8,20],"is_endless":false,"potions_floor_spawned":[3,6,12,18,25,31,33,35,36,38,44,46],"ascension_level":16}