{"gold_per_floor":[113,113,127,92,42,77,91,116,198,198,217,251,251,283,283,387,387,387,387,387,387,387,387,0,0,0,0,0,0,0,0,0,0,0,0,0,0,0,0,0,0,0,0,0,0,0,0,0,0,0],"floor_reached":51,"playtime":2878,"items_purged":[],"score":1320,"play_id":"6d9294b8-ced3-43af-8cc9-22eca0f27715","local_time":"20190528120236","is_ascension_mode":true,"campfire_choices":[{"data":"Heavy Blade","floor":10.0,"key":"SMITH"},{"data":"Disarm","floor":13.0,"key":"SMITH"},{"floor":15.0,"key":"REST"},{"data":"Flame Barrier","floor":23.0,"key":"SMITH"},{"data":"Corruption","floor":25.0,"key":"SMITH"},{"data":"Spot Weakness","floor":28.0,"key":"SMITH"},{"data":"Whirlwind","floor":32.0,"key":"SMITH"},{"data":"Apotheosis","floor":40,"key":"SMITH"},{"data":"Shockwave","floor":42,"key":"SMITH"},{"data":"RitualDagger","floor":47,"key":"SMITH"},{"data":"Demon Form","floor":49,"key":"SMITH"}],"neow_cost":"NONE","seed_source_timestamp":145835946383539,"circlet_count":0,"master_deck":["AscendersBane","Strike_R","Strike_R","Strike_R","Defend_R","Defend_R","Defend_R","Bash","Flame Barrier+1","Spot Weakness+1","Battle Trance","Offering","Heavy Blade+1","Disarm+1","Cleave","Whirlwind+1","Ghostly Armor","Dark Embrace","Disarm+1","Shrug It Off+1","RitualDagger+1","Shockwave+1","Corruption+1","Reaper","Shrug It Off","Fire Breathing","Reaper","Power Through","Pommel Strike+1","Apotheosis+1","Bandage Up","Headbutt","Power Through","Limit Break","Demon Form+1"],"special_seed":0,"relics":["Burning Blood","NeowsBlessing","Unceasing Top","Happy Flower","Pantograph","Bag of Preparation","Bird Faced Urn","Ectoplasm","Red Mask","Vajra","Blue Candle","Juzu Bracelet","Nilry\u0027s Codex","Sozu","PreservedInsect","Gremlin Horn"],"potions_floor_usage":[50,50],"damage_taken":[{"damage":0.0,"enemies":"2 Louse","floor":1.0,"turns":1.0},{"damage":0.0,"enemies":"Jaw Worm","floor":3.0,"turns":1.0},{"damage":0.0,"enemies":"Lagavulin","floor":6.0,"turns":1.0},{"damage":7.0,"enemies":"Cultist","floor":7.0,"turns":3.0},{"damage":20.0,"enemies":"3 Sentries","floor":8.0,"turns":8.0},{"damage":6.0,"enemies":"Looter","floor":11.0,"turns":2.0},{"damage":22.0,"enemies":"Gremlin Nob","floor":12.0,"turns":4.0},{"damage":23.0,"enemies":"Lagavulin","floor":14.0,"turns":6.0},{"damage":32.0,"enemies":"Hexaghost","floor":16.0,"turns":8.0},{"damage":17.0,"enemies":"Spheric Guardian","floor":18.0,"turns":5.0},{"damage":8.0,"enemies":"Masked Bandits","floor":19.0,"turns":3.0},{"damage":0.0,"enemies":"3 Byrds","floor":20.0,"turns":4.0},{"damage":10.0,"enemies":"Snake Plant","floor":22.0,"turns":6.0},{"damage":2.0,"enemies":"Sentry and Sphere","floor":29.0,"turns":6.0},{"damage":6.0,"enemies":"Gremlin Leader","floor":30.0,"turns":7.0},{"damage":6.0,"enemies":"Automaton","floor":33.0,"turns":5.0},{"damage":8.0,"enemies":"Orb Walker","floor":35.0,"turns":2.0},{"damage":6,"enemies":"3 Shapes","floor":37,"turns":3},{"damage":36,"enemies":"Spire Growth","floor":39,"turns":4},{"damage":11,"enemies":"4 Shapes","floor":41,"turns":4},{"damage":22,"enemies":"Nemesis","floor":46,"turns":5},{"damage":50,"enemies":"Time Eater","floor":50,"turns":7}],"seed_played":"-8837057326855847765","potions_obtained":[{"floor":1.0,"key":"Block Potion"},{"floor":7.0,"key":"Poison Potion"},{"floor":16.0,"key":"LiquidBronze"},{"floor":18.0,"key":"GamblersBrew"},{"floor":33.0,"key":"EssenceOfSteel"}],"is_trial":false,"path_per_floor":["M","?","M","$","?","E","M","E","T","R","M","E","R","E","R","B",null,"M","?","M","?","M","R","$","R","T","$","R","M","E","?","R","B",null,"M","?","M","?","M","R","M","R","T","$","?","E","R","?","R","B",null],"character_chosen":"IRONCLAD","items_purchased":["Battle Trance","Corruption","Vajra","Reaper","Shrug It Off","Energy Potion"],"campfire_rested":1,"item_purchase_floors":[4,24,24,24,24,24],"current_hp_per_floor":[78,71,77,77,77,80,79,65,65,65,65,49,49,32,56,54,74,63,61,67,61,57,57,57,57,57,57,57,70,74,58,58,80,80,80,80,80,75,56,56,80,80,80,80,80,80,80,80,80,68],"gold":0,"neow_bonus":"THREE_ENEMY_KILL","is_prod":false,"is_daily":false,"chose_seed":false,"campfire_upgraded":10,"win_rate":0,"timestamp":1559008956,"path_taken":["M","?","M","$","?","E","M","E","T","R","?","E","R","E","R","BOSS","M","?","M","?","M","R","$","R","T","$","R","M","E","?","R","BOSS","M","?","M","?","M","R","M","R","T","$","?","E","R","?","R","BOSS"],"build_version":"2019-01-23","purchased_purges":0,"victory":true,"max_hp_per_floor":[80,80,80,80,80,80,80,80,80,80,80,80,80,80,80,80,80,80,80,80,80,80,80,80,80,80,80,80,80,80,80,80,80,80,80,80,80,80,80,80,80,80,80,80,80,80,80,80,80,80],"card_choices":[{"not_picked":["Ghostly Armor","Twin Strike"],"picked":"Flame Barrier","floor":1.0},{"not_picked":["Heavy Blade","Cleave"],"picked":"Spot Weakness","floor":3.0},{"not_picked":["Twin Strike","Rupture"],"picked":"Offering","floor":6.0},{"not_picked":["Flex","Intimidate"],"picked":"Heavy Blade","floor":7.0},{"not_picked":["Perfected Strike","Sword Boomerang"],"picked":"Disarm","floor":8.0},{"not_picked":["Sentinel","Armaments"],"picked":"Cleave","floor":11.0},{"not_picked":["Iron Wave","Burning Pact"],"picked":"Whirlwind","floor":12.0},{"not_picked":["Intimidate","Iron Wave"],"picked":"Ghostly Armor","floor":14.0},{"not_picked":["Barricade","Berserk"],"picked":"Dark Embrace","floor":16.0},{"not_picked":["Twin Strike","Warcry"],"picked":"Disarm+1","floor":18.0},{"not_picked":["Warcry","Clothesline+1"],"picked":"Shrug It Off+1","floor":19.0},{"not_picked":["Wild Strike","Combust","Warcry"],"picked":"SKIP","floor":20.0},{"not_picked":["Evolve","Shrug It Off"],"picked":"Shockwave","floor":22.0},{"not_picked":["Armaments","Anger","Clash+1"],"picked":"SKIP","floor":29.0},{"not_picked":["Anger","Carnage"],"picked":"Fire Breathing","floor":30.0},{"not_picked":["Brutality","Exhume"],"picked":"Reaper","floor":33.0},{"not_picked":["Entrench","Iron Wave+1"],"picked":"Power Through","floor":35},{"not_picked":["Warcry","Anger"],"picked":"Pommel Strike+1","floor":37},{"not_picked":["Violence","Secret Weapon"],"picked":"Apotheosis","floor":38},{"not_picked":["HandOfGreed","Deep Breath"],"picked":"Bandage Up","floor":38},{"not_picked":["Intimidate","Perfected Strike"],"picked":"Headbutt","floor":39},{"not_picked":["Havoc","Sword Boomerang"],"picked":"Power Through","floor":41},{"not_picked":["Warcry","Twin Strike+1"],"picked":"Limit Break","floor":46}],"player_experience":38773,"relics_obtained":[{"floor":6.0,"key":"Unceasing Top"},{"floor":8.0,"key":"Happy Flower"},{"floor":9.0,"key":"Pantograph"},{"floor":12.0,"key":"Bag of Preparation"},{"floor":14.0,"key":"Bird Faced Urn"},{"floor":19.0,"key":"Red Mask"},{"floor":26.0,"key":"Blue Candle"},{"floor":30.0,"key":"Juzu Bracelet"},{"floor":31.0,"key":"Nilry\u0027s Codex"},{"floor":43,"key":"PreservedInsect"},{"floor":46,"key":"Gremlin Horn"}],"event_choices":[{"cards_removed":["Strike_R"],"damage_healed":0.0,"max_hp_gain":0.0,"max_hp_loss":0.0,"gold_gain":0.0,"event_name":"Golden Wing","player_choice":"Card Removal","floor":2.0,"gold_loss":0.0,"damage_taken":7.0},{"cards_removed":["Defend_R"],"damage_healed":0.0,"max_hp_gain":0.0,"max_hp_loss":0.0,"gold_gain":0.0,"event_name":"The Cleric","player_choice":"Card Removal","floor":5.0,"gold_loss":50.0,"damage_taken":0.0},{"damage_healed":0.0,"max_hp_gain":0.0,"max_hp_loss":0.0,"gold_gain":0.0,"event_name":"Masked Bandits","player_choice":"Fought Bandits","floor":19.0,"gold_loss":0.0,"damage_taken":0.0},{"damage_healed":0.0,"max_hp_gain":0.0,"max_hp_loss":0.0,"gold_gain":0.0,"event_name":"Nest","player_choice":"Joined the Cult","floor":21.0,"gold_loss":0.0,"damage_taken":6.0,"cards_obtained":["RitualDagger"]},{"damage_healed":0.0,"max_hp_gain":0.0,"max_hp_loss":0.0,"gold_gain":0.0,"event_name":"Cursed Tome","player_choice":"Obtained Book","floor":31.0,"gold_loss":0.0,"damage_taken":16.0},{"cards_removed":["Strike_R"],"damage_healed":0,"gold_gain":0,"player_choice":"Removed Attack","damage_taken":0,"max_hp_gain":0,"max_hp_loss":0,"event_name":"Falling","floor":36,"gold_loss":0},{"damage_healed":0,"gold_gain":0,"player_choice":"Memory 2","damage_taken":5,"max_hp_gain":0,"max_hp_loss":0,"event_name":"SensoryStone","floor":38,"gold_loss":0},{"damage_healed":0,"gold_gain":300,"player_choice":"Gold","damage_taken":0,"max_hp_gain":0,"max_hp_loss":0,"event_name":"Wheel of Change","floor":45,"gold_loss":0},{"damage_healed":0,"gold_gain":0,"player_choice":"1 cards matched","damage_taken":0,"max_hp_gain":0,"max_hp_loss":0,"event_name":"Match and Keep!","floor":48,"gold_loss":0,"cards_obtained":["Demon Form"]}],"is_beta":false,"boss_relics":[{"not_picked":["Fusion Hammer","Runic Pyramid"],"picked":"Ectoplasm"},{"not_picked":["Velvet Choker","Mark of Pain"],"picked":"Sozu"}],"items_purged_floors":[],"is_endless":false,"potions_floor_spawned":[1,7,8,16,18,33,35,39,46],"ascension_level":12}