{"gold_per_floor":[119,119,119,119,195,195,212,1,25,50,62,103,115,143,155,245,257,289,241,291,44,44,44,71,91,91,91,124,142,162,212,212,212],"floor_reached":33,"playtime":1675,"items_purged":["Strike_G","Strike_G"],"score":550,"play_id":"398e76d2-98c3-40ee-a28d-27ed2105f692","local_time":"20190210011431","is_ascension_mode":true,"campfire_choices":[{"data":"Deadly Poison","floor":6,"key":"SMITH"},{"data":"Bouncing Flask","floor":11,"key":"SMITH"},{"floor":15,"key":"REST"},{"data":"Catalyst","floor":23,"key":"SMITH"},{"floor":32,"key":"REST"}],"neow_cost":"NONE","seed_source_timestamp":47464041343975,"circlet_count":0,"master_deck":["AscendersBane","Defend_G+1","Defend_G","Defend_G+1","Defend_G","Defend_G","Strike_G","Strike_G+1","Survivor+1","Neutralize+1","Deadly Poison+1","Bouncing Flask+1","Footwork","Catalyst+1","PiercingWail","Crippling Poison","Deadly Poison","Bullet Time","Noxious Fumes","Acrobatics","Bouncing Flask"],"relics":["Ring of the Snake","NeowsBlessing","The Courier","Omamori","War Paint","MawBank","Potion Belt","Boot","Snecko Eye","Toy Ornithopter","Juzu Bracelet","Strawberry","Dodecahedron","Molten Egg 2","Orichalcum"],"potions_floor_usage":[12,14,24,28,29],"damage_taken":[{"damage":0,"enemies":"Small Slimes","floor":1,"turns":1},{"damage":0,"enemies":"2 Louse","floor":7,"turns":1},{"damage":0,"enemies":"Lagavulin","floor":10,"turns":1},{"damage":27,"enemies":"3 Sentries","floor":12,"turns":9},{"damage":0,"enemies":"Jaw Worm","floor":14,"turns":3},{"damage":5,"enemies":"Hexaghost","floor":16,"turns":7},{"damage":4,"enemies":"Shell Parasite","floor":18,"turns":4},{"damage":18,"enemies":"Gremlin Leader","floor":24,"turns":6},{"damage":5,"enemies":"Chosen","floor":25,"turns":5},{"damage":39,"enemies":"Book of Stabbing","floor":28,"turns":5},{"damage":0,"enemies":"Sentry and Sphere","floor":29,"turns":3},{"damage":0,"enemies":"Cultist and Chosen","floor":30,"turns":4},{"damage":44,"enemies":"Collector","floor":33,"turns":5}],"seed_played":"8806614184353845979","potions_obtained":[{"floor":10,"key":"Explosive Potion"},{"floor":12,"key":"SkillPotion"},{"floor":16,"key":"GhostInAJar"},{"floor":24,"key":"Strength Potion"},{"floor":29,"key":"Fruit Juice"}],"is_trial":false,"path_per_floor":["M","?","?","?","T","R","M","$","T","E","R","E","?","M","R","B",null,"M","$","?","$","?","R","E","M","T","T","E","M","M","?","R","B"],"character_chosen":"THE_SILENT","items_purchased":["Footwork","Catalyst","Omamori","Toy Ornithopter"],"campfire_rested":2,"item_purchase_floors":[8,8,8,21],"current_hp_per_floor":[59,39,32,32,32,32,32,32,32,32,32,5,5,5,24,19,54,50,50,50,50,50,50,44,39,39,39,5,15,15,15,38,0],"gold":212,"neow_bonus":"THREE_ENEMY_KILL","is_prod":false,"is_daily":false,"chose_seed":false,"campfire_upgraded":3,"win_rate":0,"timestamp":1549790071,"path_taken":["M","?","?","?","?","R","?","$","T","E","R","E","?","M","R","BOSS","M","$","?","$","?","R","E","M","T","?","E","M","M","?","R","BOSS"],"build_version":"2019-01-23","purchased_purges":2,"victory":false,"max_hp_per_floor":[66,66,66,66,66,66,66,66,66,66,66,66,66,66,66,66,66,66,66,66,66,66,66,73,73,73,73,73,78,78,78,78,78],"card_choices":[{"not_picked":["Blade Dance","Riddle With Holes"],"picked":"Deadly Poison","floor":1},{"not_picked":["Accuracy","Quick Slash"],"picked":"Bouncing Flask","floor":7},{"not_picked":["Infinite Blades","Underhanded Strike"],"picked":"PiercingWail","floor":10},{"not_picked":["Dagger Throw","Blur"],"picked":"Crippling Poison","floor":12},{"not_picked":["Dagger Throw","Backflip"],"picked":"Deadly Poison","floor":14},{"not_picked":["Envenom","Tools of the Trade"],"picked":"Bullet Time","floor":16},{"not_picked":["Flechettes","Accuracy"],"picked":"Noxious Fumes","floor":18},{"not_picked":["Bane","Sucker Punch"],"picked":"Acrobatics","floor":24},{"not_picked":["Blur","Dodge and Roll"],"picked":"Bouncing Flask","floor":25},{"not_picked":["Calculated Gamble","Reflex","Bane+1"],"picked":"SKIP","floor":28},{"not_picked":["Dagger Spray+1","Setup","Quick Slash+1"],"picked":"SKIP","floor":29},{"not_picked":["Riddle With Holes+1","Flying Knee+1","Distraction"],"picked":"SKIP","floor":30}],"player_experience":469965,"relics_obtained":[{"floor":5,"key":"The Courier"},{"floor":9,"key":"War Paint"},{"floor":10,"key":"MawBank"},{"floor":12,"key":"Potion Belt"},{"floor":24,"key":"Strawberry"},{"floor":26,"key":"Dodecahedron"},{"floor":27,"key":"Molten Egg 2"},{"floor":28,"key":"Orichalcum"}],"event_choices":[{"damage_healed":0,"gold_gain":0,"player_choice":"Entered Light","damage_taken":20,"max_hp_gain":0,"max_hp_loss":0,"event_name":"Shining Light","floor":2,"gold_loss":0,"cards_upgraded":["Defend_G","Strike_G"]},{"cards_removed":["Strike_G"],"damage_healed":0,"gold_gain":0,"player_choice":"Card Removal","damage_taken":7,"max_hp_gain":0,"max_hp_loss":0,"event_name":"Golden Wing","floor":3,"gold_loss":0},{"damage_healed":0,"gold_gain":0,"player_choice":"Grow","damage_taken":0,"max_hp_gain":0,"max_hp_loss":0,"event_name":"Living Wall","floor":4,"gold_loss":0,"cards_upgraded":["Neutralize"]},{"damage_healed":0,"gold_gain":0,"player_choice":"Box","damage_taken":0,"relics_obtained":["Boot"],"max_hp_gain":0,"max_hp_loss":0,"event_name":"Big Fish","floor":13,"gold_loss":0,"cards_obtained":["Regret"]},{"damage_healed":0,"gold_gain":50,"player_choice":"Stole From Cult","damage_taken":0,"max_hp_gain":0,"max_hp_loss":0,"event_name":"Nest","floor":20,"gold_loss":0},{"damage_healed":0,"gold_gain":0,"player_choice":"Opened","damage_taken":0,"relics_obtained":["Juzu Bracelet"],"max_hp_gain":0,"max_hp_loss":0,"event_name":"The Mausoleum","floor":22,"gold_loss":0,"cards_obtained":["Writhe"]},{"damage_healed":0,"gold_gain":50,"player_choice":"Pray","damage_taken":0,"max_hp_gain":0,"max_hp_loss":0,"event_name":"Golden Shrine","floor":31,"gold_loss":0}],"is_beta":false,"boss_relics":[{"not_picked":["Black Star","Velvet Choker"],"picked":"Snecko Eye"}],"items_purged_floors":[19,21],"is_endless":false,"potions_floor_spawned":[10,12,16,24,29],"killed_by":"Collector","ascension_level":15}