{"gold_per_floor":[18,18,35,35,48,48,74,74,100,116,116,137,158,83,83,202,202,218,236,236,254,254,254,7,7,7,7,46,46,46,46,46,46],"floor_reached":33,"playtime":1138,"items_purged":["Strike_B"],"score":233,"play_id":"f7369eda-b0ac-4a95-983d-e974fb7634ce","local_time":"20190102073155","is_ascension_mode":false,"campfire_choices":[{"data":"Genetic Algorithm","floor":6,"key":"SMITH"},{"data":"Zap","floor":8,"key":"SMITH"},{"floor":15,"key":"REST"},{"floor":23,"key":"REST"},{"data":"Echo Form","floor":25,"key":"SMITH"},{"data":"Defragment","floor":29,"key":"SMITH"},{"data":"Conserve Battery","floor":32,"key":"SMITH"}],"neow_cost":"NO_GOLD","seed_source_timestamp":1082381196492981,"circlet_count":0,"master_deck":["Strike_B","Strike_B","Defend_B","Defend_B","Defend_B","Zap+1","Dualcast","Genetic Algorithm+1","Conserve Battery","Compile Driver","Sweeping Beam","Hello World","Gash","Defragment+1","Echo Form+1","Sunder+1","Self Repair","Gash","Conserve Battery+1","Storm+1","Sunder","Heatsinks"],"relics":["Cracked Core","Question Card","Golden Idol","Strawberry","Regal Pillow","Sozu","Sundial","Mummified Hand","Red Mask"],"potions_floor_usage":[21,33],"damage_taken":[{"damage":8,"enemies":"2 Louse","floor":1,"turns":3},{"damage":17,"enemies":"Small Slimes","floor":3,"turns":4},{"damage":1,"enemies":"Jaw Worm","floor":5,"turns":5},{"damage":3,"enemies":"Large Slime","floor":10,"turns":5},{"damage":8,"enemies":"Red Slaver","floor":12,"turns":4},{"damage":0,"enemies":"3 Louse","floor":13,"turns":4},{"damage":29,"enemies":"Slime Boss","floor":16,"turns":9},{"damage":0,"enemies":"Chosen","floor":18,"turns":4},{"damage":15,"enemies":"3 Byrds","floor":19,"turns":4},{"damage":13,"enemies":"Sentry and Sphere","floor":21,"turns":5},{"damage":48,"enemies":"Colosseum Slavers","floor":22,"turns":5},{"damage":20,"enemies":"Masked Bandits","floor":28,"turns":6},{"damage":46,"enemies":"Automaton","floor":33,"turns":6}],"seed_played":"-7850226371850672337","potions_obtained":[{"floor":5,"key":"SpeedPotion"},{"floor":10,"key":"Dexterity Potion"},{"floor":16,"key":"Swift Potion"}],"is_trial":false,"path_per_floor":["M","?","M","?","M","R","T","R","T","M","?","M","M","$","R","B",null,"M","M","?","M","?","R","$","R","T","?","?","R","?","?","R","B"],"character_chosen":"DEFECT","items_purchased":["Sundial"],"campfire_rested":2,"item_purchase_floors":[24],"current_hp_per_floor":[67,64,47,29,28,28,35,35,35,32,32,24,24,24,63,34,82,82,67,67,61,20,59,59,59,59,59,46,46,46,46,46,0],"gold":46,"neow_bonus":"THREE_RARE_CARDS","is_prod":false,"is_daily":false,"chose_seed":false,"campfire_upgraded":5,"win_rate":0,"timestamp":1546381915,"path_taken":["M","?","M","?","M","R","?","R","T","M","?","?","M","$","R","BOSS","M","M","?","?","?","R","$","R","T","?","?","R","?","?","R","BOSS"],"build_version":"2018-12-20","purchased_purges":1,"victory":false,"max_hp_per_floor":[75,75,75,75,75,75,82,82,82,82,82,82,82,82,82,82,82,82,82,82,82,82,82,82,82,82,82,82,82,82,82,82,82],"card_choices":[{"not_picked":["Meteor Strike","Biased Cognition"],"picked":"Rainbow","floor":0},{"not_picked":["Rebound","Streamline"],"picked":"Genetic Algorithm","floor":1},{"not_picked":["Leap","Ball Lightning","Melter"],"picked":"Conserve Battery","floor":3},{"not_picked":["Aggregate","Redo","Heatsinks"],"picked":"Compile Driver","floor":5},{"not_picked":["Darkness","Fusion","Static Discharge"],"picked":"Sweeping Beam","floor":10},{"not_picked":["Compile Driver","Turbo","Hello World"],"picked":"Gash","floor":12},{"not_picked":["Coolheaded","Double Energy","Barrage"],"picked":"Defragment","floor":13},{"not_picked":["Amplify","Machine Learning","Hyperbeam"],"picked":"Echo Form","floor":16},{"not_picked":["Beam Cell","Scrape","Go for the Eyes"],"picked":"Sunder+1","floor":18},{"not_picked":["Turbo+1","Streamline","Thunder Strike"],"picked":"Self Repair","floor":19},{"not_picked":["Tempest","Turbo","Rebound+1"],"picked":"Gash","floor":21},{"not_picked":["Coolheaded+1","Hologram","Sweeping Beam"],"picked":"Storm+1","floor":28}],"player_experience":306162,"relics_obtained":[{"floor":7,"key":"Strawberry"},{"floor":9,"key":"Regal Pillow"},{"floor":26,"key":"Mummified Hand"},{"floor":28,"key":"Red Mask"}],"event_choices":[{"damage_healed":0,"gold_gain":0,"player_choice":"Success","damage_taken":3,"relics_obtained":["Question Card"],"max_hp_gain":0,"max_hp_loss":0,"event_name":"Scrap Ooze","floor":2,"gold_loss":0},{"damage_healed":0,"gold_gain":0,"player_choice":"Take Damage","damage_taken":18,"relics_obtained":["Golden Idol"],"max_hp_gain":0,"max_hp_loss":0,"event_name":"Golden Idol","floor":4,"gold_loss":0},{"damage_healed":0,"gold_gain":0,"cards_transformed":["Rainbow"],"player_choice":"Transformed","damage_taken":0,"max_hp_gain":0,"max_hp_loss":0,"event_name":"Transmorgrifier","floor":11,"gold_loss":0,"cards_obtained":["Hello World"]},{"damage_healed":0,"gold_gain":0,"player_choice":"Got Potions","damage_taken":0,"max_hp_gain":0,"max_hp_loss":0,"event_name":"Lab","floor":20,"gold_loss":0},{"damage_healed":0,"gold_gain":0,"player_choice":"Fight","damage_taken":0,"max_hp_gain":0,"max_hp_loss":0,"event_name":"Colosseum","floor":22,"gold_loss":0},{"damage_healed":0,"gold_gain":0,"player_choice":"Fled From Nobs","damage_taken":0,"max_hp_gain":0,"max_hp_loss":0,"event_name":"Colosseum","floor":22,"gold_loss":0},{"damage_healed":0,"gold_gain":0,"player_choice":"Read","damage_taken":0,"max_hp_gain":0,"max_hp_loss":0,"event_name":"The Library","floor":27,"gold_loss":0,"cards_obtained":["Conserve Battery"]},{"damage_healed":0,"gold_gain":0,"player_choice":"Fought Bandits","damage_taken":0,"max_hp_gain":0,"max_hp_loss":0,"event_name":"Masked Bandits","floor":28,"gold_loss":0},{"damage_healed":0,"gold_gain":0,"cards_transformed":["Defend_B","Strike_B"],"player_choice":"Became Test Subject","damage_taken":0,"max_hp_gain":0,"max_hp_loss":0,"event_name":"Drug Dealer","floor":30,"gold_loss":0,"cards_obtained":["Sunder","Heatsinks"]}],"is_beta":false,"boss_relics":[{"not_picked":["Calling Bell","White Beast Statue"],"picked":"Sozu"}],"items_purged_floors":[14],"is_endless":false,"potions_floor_spawned":[5,10,16,21,22,28],"killed_by":"Automaton","ascension_level":0}