{"gold_per_floor":[118,138,150,47,47,47,79,79,105,105,5,17,17,37,37,114,114,126,143,143,158,203,203,233,25,25,37,37,51,51,71,71,71],"floor_reached":33,"playtime":1642,"items_purged":["Strike_R","Strike_R"],"score":584,"play_id":"a630275d-5b0e-4f24-93d8-9f8c30f36361","local_time":"20190311105217","is_ascension_mode":true,"campfire_choices":[{"data":"1","floor":6.0,"key":"LIFT"},{"data":"2","floor":8.0,"key":"LIFT"},{"data":"3","floor":10.0,"key":"LIFT"},{"floor":13.0,"key":"REST"},{"floor":15.0,"key":"REST"},{"data":"Body Slam","floor":23,"key":"SMITH"},{"data":"Second Wind","floor":28,"key":"SMITH"},{"floor":30,"key":"REST"},{"data":"Shrug It Off","floor":32,"key":"SMITH"}],"neow_cost":"TEN_PERCENT_HP_LOSS","seed_source_timestamp":0,"circlet_count":0,"master_deck":["AscendersBane","Strike_R","Strike_R","Defend_R","Defend_R","Defend_R","Defend_R","Bash","Second Wind+1","Dropkick","Blood for Blood","Iron Wave","Cleave","Offering","Clash","Flex","Immolate","Body Slam+1","Battle Trance","Ghostly Armor","Shame","Double Tap","Magnetism","Doubt","Uppercut","Shrug It Off+1"],"special_seed":0,"relics":["Burning Blood","Girya","Boot","Bag of Marbles","Cursed Key","Bronze Scales","Lantern","Gremlin Horn"],"potions_floor_usage":[16,33,33],"damage_taken":[{"damage":4.0,"enemies":"2 Louse","floor":1.0,"turns":4.0},{"damage":2.0,"enemies":"Cultist","floor":2.0,"turns":4.0},{"damage":0.0,"enemies":"Small Slimes","floor":3.0,"turns":3.0},{"damage":30.0,"enemies":"3 Sentries","floor":7.0,"turns":6.0},{"damage":22.0,"enemies":"Exordium Thugs","floor":12.0,"turns":2.0},{"damage":18.0,"enemies":"Lots of Slimes","floor":14.0,"turns":4.0},{"damage":30,"enemies":"The Guardian","floor":16,"turns":9},{"damage":6,"enemies":"Chosen","floor":18,"turns":2},{"damage":9,"enemies":"3 Byrds","floor":19,"turns":3},{"damage":18,"enemies":"Centurion and Healer","floor":21,"turns":4},{"damage":6,"enemies":"Gremlin Leader","floor":24,"turns":3},{"damage":6,"enemies":"3 Cultists","floor":27,"turns":2},{"damage":16,"enemies":"Snecko","floor":29,"turns":4},{"damage":7,"enemies":"Snake Plant","floor":31,"turns":2},{"damage":78,"enemies":"Automaton","floor":33,"turns":6}],"seed_played":"-8754374139154300919","potions_obtained":[{"floor":1.0,"key":"Ancient Potion"},{"floor":3.0,"key":"Strength Potion"},{"floor":7.0,"key":"Block Potion"},{"floor":14.0,"key":"Dexterity Potion"},{"floor":24,"key":"EssenceOfSteel"},{"floor":29,"key":"Strength Potion"}],"is_trial":false,"path_per_floor":["M","M","M","$","?","R","E","R","T","R","$","M","R","M","R","B",null,"M","M","?","M","T","R","E","$","T","M","R","M","R","M","R","B"],"character_chosen":"IRONCLAD","items_purchased":["Iron Wave","Magnetism"],"campfire_rested":3,"item_purchase_floors":[4,25],"current_hp_per_floor":[68,68,68,68,68,68,44,44,44,44,44,28,48,36,56,32,59,59,56,56,44,44,44,44,44,44,44,44,34,54,53,53,0],"gold":71,"neow_bonus":"ONE_RARE_RELIC","is_prod":false,"is_daily":false,"chose_seed":false,"campfire_upgraded":3,"win_rate":0,"timestamp":1552323137,"path_taken":["M","M","M","$","?","R","E","R","T","R","?","M","R","M","R","BOSS","M","M","?","?","?","R","E","$","T","?","R","M","R","M","R","BOSS"],"build_version":"2019-01-23","purchased_purges":2,"victory":false,"max_hp_per_floor":[68,68,68,68,68,68,68,68,68,68,68,68,68,68,68,68,68,68,68,68,68,68,68,68,68,68,68,68,68,68,68,68,68],"card_choices":[{"not_picked":["Headbutt","Spot Weakness"],"picked":"Second Wind","floor":1.0},{"not_picked":["Sword Boomerang","Pummel"],"picked":"Dropkick","floor":2.0},{"not_picked":["Pommel Strike","Sword Boomerang"],"picked":"Blood for Blood","floor":3.0},{"not_picked":["Fire Breathing","Perfected Strike"],"picked":"Offering","floor":7.0},{"not_picked":["Second Wind","Dual Wield"],"picked":"Clash","floor":12.0},{"not_picked":["Battle Trance","Sentinel"],"picked":"Flex","floor":14.0},{"not_picked":["Bludgeon","Fiend Fire"],"picked":"Immolate","floor":16},{"not_picked":["Perfected Strike","Flex"],"picked":"Body Slam","floor":18},{"not_picked":["Twin Strike","Armaments"],"picked":"Battle Trance","floor":19},{"not_picked":["Warcry","Combust+1"],"picked":"Ghostly Armor","floor":21},{"not_picked":["Body Slam","Rupture"],"picked":"Double Tap","floor":24},{"not_picked":["Sever Soul+1","Perfected Strike"],"picked":"Uppercut","floor":27},{"not_picked":["Blood for Blood","Bloodletting+1"],"picked":"Shrug It Off","floor":29},{"not_picked":["Heavy Blade","Pommel Strike","Dual Wield+1"],"picked":"SKIP","floor":31}],"player_experience":1382946,"relics_obtained":[{"floor":7.0,"key":"Boot"},{"floor":9.0,"key":"Bag of Marbles"},{"floor":22,"key":"Bronze Scales"},{"floor":24,"key":"Lantern"},{"floor":26,"key":"Gremlin Horn"}],"event_choices":[{"damage_healed":0.0,"max_hp_gain":0.0,"max_hp_loss":0.0,"gold_gain":0.0,"cards_transformed":["Strike_R"],"event_name":"Transmorgrifier","player_choice":"Transformed","floor":5.0,"gold_loss":0.0,"damage_taken":0.0,"cards_obtained":["Cleave"]},{"damage_healed":0,"gold_gain":0,"player_choice":"Ignored","damage_taken":0,"max_hp_gain":0,"max_hp_loss":0,"event_name":"N\u0027loth","floor":20,"gold_loss":0}],"is_beta":false,"boss_relics":[{"not_picked":["Ectoplasm","Orrery"],"picked":"Cursed Key"}],"items_purged_floors":[4,11],"is_endless":false,"potions_floor_spawned":[1,3,7,14,24,29,31],"killed_by":"Automaton","ascension_level":20}