{"gold_per_floor":[112,112,125,125,29,69,69,69,92,132,132,152,166,199,199,199],"floor_reached":16,"playtime":676,"items_purged":[],"score":153,"play_id":"5d1b876c-f64b-463d-b70c-8752dd26747f","local_time":"20190315013342","is_ascension_mode":true,"campfire_choices":[{"floor":8,"key":"REST"},{"floor":11,"key":"REST"},{"floor":15,"key":"REST"}],"neow_cost":"NONE","seed_source_timestamp":463283395526889,"circlet_count":0,"master_deck":["Defend_G","Defend_G","Defend_G","Defend_G","Defend_G","Strike_G","Strike_G","Strike_G","Strike_G","Strike_G","Survivor","Neutralize","Malaise+1","Escape Plan","Backflip","Poisoned Stab","PiercingWail","Slice","Dodge and Roll","Leg Sweep","Dagger Spray","Cloak And Dagger"],"relics":["Ring of the Snake","Golden Idol","Orichalcum","Dream Catcher","Frozen Egg 2","Lantern"],"potions_floor_usage":[6,14],"damage_taken":[{"damage":5,"enemies":"Jaw Worm","floor":1,"turns":7},{"damage":0,"enemies":"2 Louse","floor":3,"turns":5},{"damage":42,"enemies":"Gremlin Nob","floor":6,"turns":7},{"damage":29,"enemies":"Lagavulin","floor":10,"turns":11},{"damage":0,"enemies":"Small Slimes","floor":12,"turns":5},{"damage":0,"enemies":"Red Slaver","floor":13,"turns":6},{"damage":5,"enemies":"Gremlin Nob","floor":14,"turns":5},{"damage":46,"enemies":"Slime Boss","floor":16,"turns":12}],"seed_played":"2445852127202193358","potions_obtained":[{"floor":3,"key":"SteroidPotion"},{"floor":10,"key":"AttackPotion"},{"floor":14,"key":"FearPotion"}],"is_trial":false,"path_per_floor":["M","?","M","?","$","E","?","R","T","E","R","M","M","E","R","B"],"character_chosen":"THE_SILENT","items_purchased":["Poisoned Stab","PiercingWail"],"campfire_rested":3,"item_purchase_floors":[5,5],"current_hp_per_floor":[58,58,58,58,58,16,16,35,35,6,25,25,25,20,39,0],"gold":199,"neow_bonus":"ONE_RANDOM_RARE_CARD","is_prod":false,"is_daily":false,"chose_seed":false,"campfire_upgraded":0,"win_rate":0,"timestamp":1552628022,"path_taken":["M","?","M","?","$","E","?","R","T","E","R","M","?","E","R","BOSS"],"build_version":"2019-01-23","purchased_purges":0,"victory":false,"max_hp_per_floor":[70,70,70,65,65,65,65,65,65,65,65,65,65,65,65,65],"card_choices":[{"not_picked":["Dagger Spray","Terror"],"picked":"Escape Plan","floor":1},{"not_picked":["Reflex","Quick Slash"],"picked":"Backflip","floor":3},{"not_picked":["Acrobatics","Blade Dance"],"picked":"Slice","floor":6},{"not_picked":["Distraction","Cloak And Dagger"],"picked":"Dodge and Roll","floor":10},{"not_picked":["Backflip","Masterful Stab"],"picked":"Leg Sweep","floor":11},{"not_picked":["Flying Knee","Backflip","Night Terror"],"picked":"SKIP","floor":12},{"not_picked":["Dagger Throw","Acrobatics"],"picked":"Dagger Spray","floor":13},{"not_picked":["Deflect","Outmaneuver"],"picked":"Cloak And Dagger","floor":14}],"player_experience":294103,"relics_obtained":[{"floor":6,"key":"Orichalcum"},{"floor":9,"key":"Dream Catcher"},{"floor":10,"key":"Frozen Egg 2"},{"floor":14,"key":"Lantern"}],"event_choices":[{"damage_healed":0,"gold_gain":0,"player_choice":"Ignored","damage_taken":0,"max_hp_gain":0,"max_hp_loss":0,"event_name":"Liars Game","floor":2,"gold_loss":0},{"damage_healed":0,"gold_gain":0,"player_choice":"Lose Max HP","damage_taken":0,"relics_obtained":["Golden Idol"],"max_hp_gain":0,"max_hp_loss":5,"event_name":"Golden Idol","floor":4,"gold_loss":0},{"damage_healed":0,"gold_gain":0,"player_choice":"Forge","damage_taken":0,"max_hp_gain":0,"max_hp_loss":0,"event_name":"Accursed Blacksmith","floor":7,"gold_loss":0,"cards_upgraded":["Malaise"]}],"is_beta":false,"boss_relics":[],"items_purged_floors":[],"is_endless":false,"potions_floor_spawned":[3,10,14],"killed_by":"Slime Boss","ascension_level":6}