{"gold_per_floor":[117,117,136,136,136,136,86,104,176,176,191,191,209,134,134,231,261,273,292,38,38,58,58,58,58,109,109,128,128,145,155,155,155],"floor_reached":33,"playtime":957,"items_purged":["Strike_B","Normality"],"score":237,"play_id":"dff63f20-5b61-44a2-9b54-99ee9d866ca8","local_time":"20190102223640","is_ascension_mode":false,"campfire_choices":[{"data":"Zap","floor":6,"key":"SMITH"},{"data":"Conserve Battery","floor":10,"key":"SMITH"},{"data":"Streamline","floor":12,"key":"SMITH"},{"data":"Ball Lightning","floor":15,"key":"SMITH"},{"data":"Sweeping Beam","floor":23,"key":"SMITH"},{"data":"Ball Lightning","floor":25,"key":"SMITH"},{"data":"Dualcast","floor":27,"key":"SMITH"},{"floor":32,"key":"REST"}],"neow_cost":"PERCENT_DAMAGE","seed_source_timestamp":1136846188042551,"circlet_count":0,"master_deck":["Strike_B+1","Strike_B+1","Defend_B","Defend_B","Defend_B","Zap+1","Dualcast+1","Ball Lightning+1","Conserve Battery+1","Double Energy","Ball Lightning+1","Streamline+1","Storm","Seek","Clumsy","Parasite","Rebound","Biased Cognition","Sweeping Beam+1","Heatsinks+1","Lockon+1","Conserve Battery"],"relics":["Cracked Core","Nunchaku","Meat on the Bone","Letter Opener","Calling Bell","Tiny Chest","Pear","Emotion Chip","Lantern","PreservedInsect","Omamori"],"potions_floor_usage":[16,16,33,33],"damage_taken":[{"damage":1,"enemies":"Jaw Worm","floor":1,"turns":3},{"damage":2,"enemies":"Cultist","floor":3,"turns":3},{"damage":1,"enemies":"Small Slimes","floor":8,"turns":3},{"damage":0,"enemies":"Looter","floor":11,"turns":3},{"damage":3,"enemies":"Exordium Wildlife","floor":13,"turns":2},{"damage":37,"enemies":"The Guardian","floor":16,"turns":7},{"damage":14,"enemies":"Spheric Guardian","floor":18,"turns":4},{"damage":0,"enemies":"Chosen","floor":19,"turns":3},{"damage":19,"enemies":"Centurion and Healer","floor":22,"turns":6},{"damage":29,"enemies":"Snake Plant","floor":28,"turns":4},{"damage":15,"enemies":"Snecko","floor":30,"turns":3},{"damage":20,"enemies":"Cultist and Chosen","floor":31,"turns":5},{"damage":81,"enemies":"Champ","floor":33,"turns":10}],"seed_played":"3255052865668086682","potions_obtained":[{"floor":8,"key":"FocusPotion"},{"floor":13,"key":"Regen Potion"},{"floor":18,"key":"SmokeBomb"},{"floor":30,"key":"SpeedPotion"},{"floor":31,"key":"SpeedPotion"}],"is_trial":false,"path_per_floor":["M","?","M","?","?","R","?","M","T","R","M","R","M","$","R","B",null,"M","M","$","?","M","R","?","R","T","R","M","T","M","M","R","B"],"character_chosen":"DEFECT","items_purchased":["Lantern"],"campfire_rested":1,"item_purchase_floors":[20],"current_hp_per_floor":[53,53,51,33,18,18,18,29,29,29,41,41,38,38,38,28,85,71,71,71,71,52,52,52,52,52,52,35,35,32,24,49,0],"gold":155,"neow_bonus":"ONE_RARE_RELIC","is_prod":false,"is_daily":false,"chose_seed":false,"campfire_upgraded":7,"win_rate":0,"timestamp":1546436200,"path_taken":["M","?","?","?","?","R","?","M","T","R","?","R","M","$","R","BOSS","M","M","$","?","M","R","?","R","T","R","M","?","?","M","R","BOSS"],"build_version":"2018-12-20","purchased_purges":2,"victory":false,"max_hp_per_floor":[75,75,75,75,75,75,75,75,75,75,75,75,75,75,75,75,85,85,85,85,85,85,85,85,85,85,85,85,85,85,85,85,85],"card_choices":[{"not_picked":["Gash","Cold Snap"],"picked":"Ball Lightning","floor":1},{"not_picked":["Chill","Hologram"],"picked":"Double Energy","floor":3},{"not_picked":["Barrage","Steam"],"picked":"Ball Lightning","floor":8},{"not_picked":["Hologram","Tempest"],"picked":"Streamline","floor":11},{"not_picked":["Rebound","Steam"],"picked":"Storm","floor":13},{"not_picked":["Creative AI","Amplify"],"picked":"Seek","floor":16},{"not_picked":["Coolheaded","Recycle","Barrage"],"picked":"SKIP","floor":18},{"not_picked":["Streamline","Coolheaded","Gash"],"picked":"SKIP","floor":19},{"not_picked":["Streamline","Undo"],"picked":"Sweeping Beam","floor":22},{"not_picked":["Leap","Hyperbeam"],"picked":"Heatsinks+1","floor":28},{"not_picked":["Melter","Hologram"],"picked":"Lockon+1","floor":30},{"not_picked":["Glacier","Ball Lightning+1"],"picked":"Conserve Battery","floor":31}],"player_experience":318495,"relics_obtained":[{"floor":9,"key":"Letter Opener"},{"floor":17,"key":"Tiny Chest"},{"floor":17,"key":"Pear"},{"floor":17,"key":"Emotion Chip"},{"floor":26,"key":"PreservedInsect"},{"floor":29,"key":"Omamori"}],"event_choices":[{"damage_healed":0,"gold_gain":0,"player_choice":"2 cards matched","damage_taken":0,"max_hp_gain":0,"max_hp_loss":0,"event_name":"Match and Keep!","floor":2,"gold_loss":0,"cards_obtained":["Regret","Conserve Battery"]},{"damage_healed":0,"gold_gain":0,"player_choice":"Success","damage_taken":18,"relics_obtained":["Meat on the Bone"],"max_hp_gain":0,"max_hp_loss":0,"event_name":"Scrap Ooze","floor":4,"gold_loss":0},{"damage_healed":0,"gold_gain":0,"player_choice":"Entered Light","damage_taken":15,"max_hp_gain":0,"max_hp_loss":0,"event_name":"Shining Light","floor":5,"gold_loss":0,"cards_upgraded":["Strike_B","Strike_B"]},{"cards_removed":["Regret"],"damage_healed":0,"gold_gain":0,"player_choice":"Card Removal","damage_taken":0,"max_hp_gain":0,"max_hp_loss":0,"event_name":"The Cleric","floor":7,"gold_loss":50},{"damage_healed":0,"gold_gain":0,"cards_transformed":["Strike_B","Defend_B"],"player_choice":"Became Test Subject","damage_taken":0,"max_hp_gain":0,"max_hp_loss":0,"event_name":"Drug Dealer","floor":21,"gold_loss":0,"cards_obtained":["Rebound","Biased Cognition"]},{"damage_healed":0,"gold_gain":0,"player_choice":"Ignored","damage_taken":0,"max_hp_gain":0,"max_hp_loss":0,"event_name":"Beggar","floor":24,"gold_loss":0}],"is_beta":false,"boss_relics":[{"not_picked":["Orrery","Pandora\u0027s Box"],"picked":"Calling Bell"}],"items_purged_floors":[14,20],"is_endless":false,"potions_floor_spawned":[8,13,18,30,31],"killed_by":"Champ","ascension_level":0}