{"gold_per_floor":[111,261,261,276,276,310,310,340,386,398,424,437,447,468,468,545,545,518,518,518,62,79,79,105,105,105,131,131,151,151,166,166,238,238,249,259,11,11,21,21,51,151,176,176,176,176,0,14,14,14,14],"floor_reached":52,"playtime":4575,"items_purged":[],"score":1972,"play_id":"8586a1ae-5fc4-4b89-bcbd-535679e029cc","local_time":"20190316234428","is_ascension_mode":true,"campfire_choices":[{"data":"Body Slam","floor":7,"key":"SMITH"},{"data":"Body Slam","floor":15,"key":"SMITH"},{"floor":23,"key":"REST"},{"data":"Strike_R","floor":25,"key":"PURGE"},{"data":"Strike_R","floor":30,"key":"PURGE"},{"floor":32,"key":"REST"},{"floor":40,"key":"RECALL"},{"floor":44,"key":"REST"},{"floor":49,"key":"REST"}],"neow_cost":"NONE","seed_source_timestamp":271068002382767,"circlet_count":0,"master_deck":["AscendersBane","Strike_R+1","Strike_R","Strike_R","Defend_R","Defend_R","Defend_R","Defend_R+1","Bash","Iron Wave","Doubt","Iron Wave","Body Slam+1","Entrench+1","Shockwave+1","Disarm+1","Body Slam+1","Pommel Strike","Rage+1","Juggernaut","Inflame","Panache","Discovery+1","Flex+1","Feed","Warcry+1","Havoc+1","Power Through+1","Dropkick+1","Armaments+1","Impervious+1","Corruption","Cleave","Impatience+1","Finesse+1","Blind+1","Infernal Blade+1","Ghostly Armor+1","Madness+1","Madness+1","Ghostly Armor+1"],"relics":["Burning Blood","NeowsBlessing","Mercury Hourglass","Paper Frog","Toxic Egg 2","Anchor","Pen Nib","Odd Mushroom","Fusion Hammer","Nilry\u0027s Codex","Peace Pipe","Happy Flower","Bronze Scales","Turnip","Bag of Preparation","Thread and Needle","Lizard Tail","Meat on the Bone","Gambling Chip","Oddly Smooth Stone","Red Mask"],"potions_floor_usage":[11,11,13,16,24,24,33,41,50],"damage_taken":[{"damage":0,"enemies":"Jaw Worm","floor":1,"turns":1},{"damage":0,"enemies":"Small Slimes","floor":4,"turns":1},{"damage":0,"enemies":"3 Sentries","floor":6,"turns":1},{"damage":34,"enemies":"Lagavulin","floor":8,"turns":6},{"damage":0,"enemies":"2 Louse","floor":10,"turns":2},{"damage":12,"enemies":"3 Sentries","floor":11,"turns":7},{"damage":6,"enemies":"Exordium Wildlife","floor":12,"turns":4},{"damage":2,"enemies":"Large Slime","floor":13,"turns":5},{"damage":0,"enemies":"The Mushroom Lair","floor":14,"turns":3},{"damage":24,"enemies":"The Guardian","floor":16,"turns":10},{"damage":11,"enemies":"2 Thieves","floor":18,"turns":4},{"damage":7,"enemies":"Chosen","floor":22,"turns":5},{"damage":0,"enemies":"Gremlin Leader","floor":24,"turns":5},{"damage":33,"enemies":"Book of Stabbing","floor":27,"turns":5},{"damage":0,"enemies":"Centurion and Healer","floor":29,"turns":6},{"damage":0,"enemies":"Shelled Parasite and Fungi","floor":31,"turns":3},{"damage":7,"enemies":"Champ","floor":33,"turns":9},{"damage":0,"enemies":"3 Shapes","floor":35,"turns":6},{"damage":14,"enemies":"3 Darklings","floor":36,"turns":4},{"damage":5,"enemies":"4 Shapes","floor":39,"turns":7},{"damage":41,"enemies":"Giant Head","floor":41,"turns":6},{"damage":0,"enemies":"Mind Bloom Boss Battle","floor":42,"turns":5},{"damage":0,"enemies":"Sphere and 2 Shapes","floor":48,"turns":4},{"damage":30,"enemies":"Awakened One","floor":50,"turns":10},{"damage":49,"enemies":"Donu and Deca","floor":51,"turns":11}],"seed_played":"2302043149130740181","potions_obtained":[{"floor":8,"key":"Energy Potion"},{"floor":10,"key":"Strength Potion"},{"floor":12,"key":"EntropicBrew"},{"floor":16,"key":"Block Potion"},{"floor":22,"key":"BloodPotion"},{"floor":24,"key":"Explosive Potion"},{"floor":29,"key":"Dexterity Potion"},{"floor":39,"key":"AttackPotion"},{"floor":42,"key":"FearPotion"}],"is_trial":false,"path_per_floor":["M","?","T","M","?","E","R","E","T","M","E","M","M","?","R","B",null,"M","?","T","$","M","R","E","R","T","E","?","M","R","M","R","B",null,"M","M","$","?","M","R","E","?","T","R","?","?","?","M","R","B","B",null],"character_chosen":"IRONCLAD","items_purchased":["Happy Flower","Panache","Discovery+1","Impervious+1","Corruption","Cleave"],"campfire_rested":4,"item_purchase_floors":[21,21,21,37,37,37],"current_hp_per_floor":[74,74,74,75,52,58,58,30,30,36,30,30,34,40,40,22,62,57,36,36,36,35,57,70,70,70,46,46,55,55,61,81,80,81,81,73,73,63,68,68,33,51,51,76,61,61,61,67,85,61,30],"gold":14,"neow_bonus":"THREE_ENEMY_KILL","is_prod":false,"is_daily":false,"chose_seed":false,"campfire_upgraded":2,"win_rate":0,"timestamp":1552801468,"path_taken":["M","?","?","M","?","E","R","E","T","M","E","M","?","?","R","BOSS","M","?","?","$","M","R","E","R","T","E","?","?","R","M","R","BOSS","M","M","$","?","M","R","E","?","T","R","?","?","?","?","R","BOSS","BOSS"],"build_version":"2019-01-23","purchased_purges":0,"victory":true,"max_hp_per_floor":[75,75,75,75,75,75,75,75,75,75,75,75,75,75,75,75,75,75,75,75,75,75,75,75,75,75,78,78,81,81,81,81,81,81,81,81,81,81,85,85,85,85,85,85,85,85,85,85,85,85,85],"card_choices":[{"not_picked":["Warcry","Cleave"],"picked":"Iron Wave","floor":1},{"not_picked":["Cleave","Heavy Blade"],"picked":"Iron Wave","floor":4},{"not_picked":["Sword Boomerang","Clothesline"],"picked":"Body Slam","floor":6},{"not_picked":["Body Slam","Warcry"],"picked":"Entrench","floor":8},{"not_picked":["Heavy Blade","Sentinel+1"],"picked":"Shockwave+1","floor":10},{"not_picked":["Whirlwind","Feel No Pain"],"picked":"Disarm+1","floor":11},{"not_picked":["Pommel Strike","Reckless Charge"],"picked":"Body Slam","floor":12},{"not_picked":["Sword Boomerang","Bloodletting+1"],"picked":"Pommel Strike","floor":13},{"not_picked":["Twin Strike","Feed"],"picked":"Rage+1","floor":14},{"not_picked":["Limit Break+1","Bludgeon"],"picked":"Juggernaut","floor":16},{"not_picked":["Wild Strike","Rupture+1"],"picked":"Inflame","floor":18},{"not_picked":["Clash","Reckless Charge"],"picked":"Flex+1","floor":22},{"not_picked":["Corruption","Rupture"],"picked":"Feed","floor":24},{"not_picked":["Wild Strike+1","Evolve"],"picked":"Warcry+1","floor":27},{"not_picked":["Clothesline","Anger"],"picked":"Havoc+1","floor":29},{"not_picked":["Flex+1","Clothesline"],"picked":"Power Through+1","floor":31},{"not_picked":["Immolate","Reaper"],"picked":"Fiend Fire","floor":33},{"not_picked":["Spot Weakness+1","Pommel Strike"],"picked":"Dropkick+1","floor":35},{"not_picked":["Cleave","Heavy Blade"],"picked":"Armaments+1","floor":36},{"not_picked":["Forethought+1","Blind+1"],"picked":"Impatience+1","floor":38},{"not_picked":["Good Instincts+1","Deep Breath+1"],"picked":"Finesse+1","floor":38},{"not_picked":["Master of Strategy+1","Dramatic Entrance"],"picked":"Blind+1","floor":38},{"not_picked":["Headbutt","Hemokinesis+1"],"picked":"Infernal Blade+1","floor":39},{"not_picked":["Sentinel+1","Cleave+1"],"picked":"Ghostly Armor+1","floor":41},{"not_picked":["Thunderclap","Warcry+1"],"picked":"Ghostly Armor+1","floor":48}],"player_experience":1450848,"relics_obtained":[{"floor":3,"key":"Mercury Hourglass"},{"floor":6,"key":"Paper Frog"},{"floor":8,"key":"Toxic Egg 2"},{"floor":9,"key":"Anchor"},{"floor":11,"key":"Pen Nib"},{"floor":14,"key":"Odd Mushroom"},{"floor":19,"key":"Nilry\u0027s Codex"},{"floor":20,"key":"Peace Pipe"},{"floor":24,"key":"Bronze Scales"},{"floor":26,"key":"Turnip"},{"floor":27,"key":"Bag of Preparation"},{"floor":41,"key":"Meat on the Bone"},{"floor":42,"key":"Gambling Chip"},{"floor":43,"key":"Oddly Smooth Stone"}],"event_choices":[{"damage_healed":0,"gold_gain":150,"player_choice":"AGREE","damage_taken":0,"max_hp_gain":0,"max_hp_loss":0,"event_name":"Liars Game","floor":2,"gold_loss":0,"cards_obtained":["Doubt"]},{"damage_healed":0,"gold_gain":0,"player_choice":"Entered Light","damage_taken":23,"max_hp_gain":0,"max_hp_loss":0,"event_name":"Shining Light","floor":5,"gold_loss":0,"cards_upgraded":["Strike_R","Defend_R"]},{"damage_healed":0,"gold_gain":0,"player_choice":"Fought Mushrooms","damage_taken":0,"max_hp_gain":0,"max_hp_loss":0,"event_name":"Mushrooms","floor":14,"gold_loss":0},{"damage_healed":0,"gold_gain":0,"player_choice":"Obtained Book","damage_taken":21,"max_hp_gain":0,"max_hp_loss":0,"event_name":"Cursed Tome","floor":19,"gold_loss":0},{"damage_healed":0,"gold_gain":0,"player_choice":"Gave Potion","damage_taken":0,"relics_obtained":["Thread and Needle"],"max_hp_gain":0,"max_hp_loss":0,"event_name":"WeMeetAgain","floor":28,"gold_loss":0},{"damage_healed":0,"gold_gain":0,"player_choice":"Memory 3","damage_taken":10,"max_hp_gain":0,"max_hp_loss":0,"event_name":"SensoryStone","floor":38,"gold_loss":0},{"damage_healed":0,"gold_gain":0,"player_choice":"Fight","damage_taken":0,"max_hp_gain":0,"max_hp_loss":0,"event_name":"MindBloom","floor":42,"gold_loss":0},{"damage_healed":0,"gold_gain":0,"player_choice":"Embrace Madness","damage_taken":15,"max_hp_gain":0,"max_hp_loss":0,"event_name":"Winding Halls","floor":45,"gold_loss":0,"cards_obtained":["Madness","Madness"]},{"cards_removed":["Fiend Fire"],"damage_healed":0,"gold_gain":0,"player_choice":"Removed Attack","damage_taken":0,"max_hp_gain":0,"max_hp_loss":0,"event_name":"Falling","floor":46,"gold_loss":0},{"damage_healed":0,"gold_gain":0,"player_choice":"Paid","damage_taken":0,"relics_obtained":["Red Mask"],"max_hp_gain":0,"max_hp_loss":0,"event_name":"Tomb of Lord Red Mask","floor":47,"gold_loss":176}],"is_beta":false,"boss_relics":[{"not_picked":["Tiny House","Black Blood"],"picked":"Fusion Hammer"},{"not_picked":["Velvet Choker","Black Star"],"picked":"Lizard Tail"}],"items_purged_floors":[],"is_endless":false,"potions_floor_spawned":[8,10,12,16,22,24,29,39,42],"ascension_level":20}