{"gold_per_floor":[109,121,121,121,138,167,3,37,83,83,99,174,174,0,0,74,74,91,104,104,121,131,166,166,192,219,219,229,240,271,291,291,362,362,379,390,390,197,209,209,243,243,243,293,293],"floor_reached":45,"playtime":4646,"items_purged":["Defend_G","Strike_G","Defend_G"],"score":1054,"play_id":"7038bd8f-e139-45f8-9b19-aef40d71db67","local_time":"20190210004411","is_ascension_mode":true,"campfire_choices":[{"floor":10,"key":"REST"},{"floor":13,"key":"REST"},{"data":"A Thousand Cuts","floor":15,"key":"SMITH"},{"data":"Malaise","floor":24,"key":"SMITH"},{"data":"Blade Dance","floor":27,"key":"SMITH"},{"data":"Neutralize","floor":32,"key":"SMITH"},{"floor":40,"key":"REST"},{"data":"Leg Sweep","floor":42,"key":"SMITH"}],"neow_cost":"NONE","seed_source_timestamp":42672328823332,"circlet_count":0,"master_deck":["AscendersBane","Defend_G","Survivor","Neutralize+1","Well Laid Plans","Skewer+1","Outmaneuver","Underhanded Strike","PanicButton","A Thousand Cuts+1","PiercingWail","PiercingWail","Leg Sweep+1","Infinite Blades","Malaise+1","Blade Dance+1","Concentrate","Bite","Bite","Bite","Bite","Phantasmal Killer","Infinite Blades+1","Sucker Punch+1","Accuracy","Cloak And Dagger+1","Footwork+1"],"relics":["Ring of the Snake","NeowsBlessing","Gremlin Horn","Regal Pillow","Dream Catcher","Sozu","Thread and Needle","Bag of Preparation","Strawberry","Anchor","Empty Cage","Prayer Wheel","Blue Candle"],"potions_floor_usage":[6,19,25],"damage_taken":[{"damage":0,"enemies":"2 Louse","floor":1,"turns":1},{"damage":0,"enemies":"Jaw Worm","floor":2,"turns":1},{"damage":0,"enemies":"Cultist","floor":5,"turns":1},{"damage":18,"enemies":"Lagavulin","floor":6,"turns":7},{"damage":18,"enemies":"Gremlin Nob","floor":8,"turns":3},{"damage":14,"enemies":"Blue Slaver","floor":11,"turns":3},{"damage":34,"enemies":"Hexaghost","floor":16,"turns":12},{"damage":0,"enemies":"3 Byrds","floor":18,"turns":4},{"damage":0,"enemies":"2 Thieves","floor":19,"turns":3},{"damage":9,"enemies":"Centurion and Healer","floor":21,"turns":5},{"damage":0,"enemies":"Snake Plant","floor":22,"turns":6},{"damage":0,"enemies":"Gremlin Leader","floor":23,"turns":7},{"damage":29,"enemies":"Slavers","floor":25,"turns":7},{"damage":15,"enemies":"Chosen and Byrds","floor":28,"turns":6},{"damage":14,"enemies":"Sentry and Sphere","floor":29,"turns":5},{"damage":0,"enemies":"Gremlin Leader","floor":30,"turns":5},{"damage":13,"enemies":"Shelled Parasite and Fungi","floor":31,"turns":6},{"damage":63,"enemies":"Automaton","floor":33,"turns":12},{"damage":3,"enemies":"3 Shapes","floor":35,"turns":6},{"damage":16,"enemies":"3 Darklings","floor":36,"turns":5},{"damage":21,"enemies":"Maw","floor":39,"turns":8},{"damage":0,"enemies":"Reptomancer","floor":41,"turns":5},{"damage":37,"enemies":"Giant Head","floor":45,"turns":8}],"seed_played":"5510247090349217405","potions_obtained":[{"floor":2,"key":"Swift Potion"},{"floor":8,"key":"Explosive Potion"},{"floor":16,"key":"EssenceOfSteel"}],"is_trial":false,"path_per_floor":["M","M","?","?","M","E","$","E","T","R","M","?","R","$","R","B",null,"M","M","?","M","M","E","R","E","T","R","M","M","E","M","R","B",null,"M","M","?","$","M","R","E","R","T","?","E"],"character_chosen":"THE_SILENT","items_purchased":["PanicButton","Infinite Blades","Accuracy"],"campfire_rested":3,"item_purchase_floors":[7,14,38],"current_hp_per_floor":[59,59,52,52,52,34,34,16,16,50,36,25,59,59,59,25,56,56,56,46,45,46,46,46,29,36,36,31,31,43,42,42,3,41,44,32,32,32,21,51,53,53,53,53,20],"gold":293,"neow_bonus":"THREE_ENEMY_KILL","is_prod":false,"is_daily":false,"chose_seed":false,"campfire_upgraded":5,"win_rate":0,"timestamp":1549788251,"path_taken":["M","M","?","?","M","E","$","E","T","R","M","?","R","?","R","BOSS","M","M","?","M","M","E","R","E","T","R","M","M","E","M","R","BOSS","M","M","?","$","M","R","E","R","T","?","E"],"build_version":"2019-01-23","purchased_purges":3,"victory":false,"max_hp_per_floor":[66,66,66,66,66,66,66,66,66,66,66,66,66,66,66,66,66,66,66,46,46,46,46,46,46,53,53,53,53,53,53,53,53,53,53,53,53,53,53,53,53,53,53,53,53],"card_choices":[{"not_picked":["Sucker Punch","Backflip"],"picked":"Well Laid Plans","floor":1},{"not_picked":["Underhanded Strike","Leg Sweep"],"picked":"Skewer","floor":2},{"not_picked":["Deflect","PiercingWail"],"picked":"Outmaneuver","floor":5},{"not_picked":["Eviscerate","Backflip"],"picked":"Underhanded Strike","floor":6},{"not_picked":["Bane","Sucker Punch"],"picked":"A Thousand Cuts","floor":8},{"not_picked":["Acrobatics","Bane"],"picked":"PiercingWail","floor":10},{"not_picked":["Dagger Spray","Bane"],"picked":"PiercingWail","floor":11},{"not_picked":["Blade Dance","PiercingWail"],"picked":"Leg Sweep","floor":13},{"not_picked":["Envenom","Tools of the Trade"],"picked":"Malaise","floor":16},{"not_picked":["Dagger Throw","Catalyst"],"picked":"Blade Dance","floor":18},{"not_picked":["Acrobatics","Flechettes"],"picked":"Concentrate","floor":19},{"not_picked":["Deadly Poison","Slice+1","Acrobatics"],"picked":"SKIP","floor":21},{"not_picked":["Dagger Throw","Deadly Poison","Envenom"],"picked":"SKIP","floor":22},{"not_picked":["Dagger Throw","Deadly Poison","Envenom"],"picked":"SKIP","floor":22},{"not_picked":["Bouncing Flask","Deflect"],"picked":"Prepared+1","floor":23},{"not_picked":["Dodge and Roll","Blade Dance","Blur"],"picked":"SKIP","floor":25},{"not_picked":["Outmaneuver","Deflect","Flying Knee"],"picked":"SKIP","floor":28},{"not_picked":["Blade Dance","Acrobatics"],"picked":"Phantasmal Killer","floor":29},{"not_picked":["Setup","Quick Slash","Skewer"],"picked":"SKIP","floor":30},{"not_picked":["Tactician","Escape Plan"],"picked":"Infinite Blades+1","floor":31},{"not_picked":["Prepared","Acrobatics"],"picked":"Sucker Punch+1","floor":35},{"not_picked":["Dodge and Roll","Bane","Well Laid Plans"],"picked":"SKIP","floor":36},{"not_picked":["Infinite Blades+1","Crippling Poison"],"picked":"Cloak And Dagger+1","floor":39},{"not_picked":["Reflex","Choke"],"picked":"Footwork+1","floor":40},{"not_picked":["Bullet Time","Deadly Poison","Poisoned Stab"],"picked":"SKIP","floor":41}],"player_experience":465194,"relics_obtained":[{"floor":6,"key":"Gremlin Horn"},{"floor":8,"key":"Regal Pillow"},{"floor":9,"key":"Dream Catcher"},{"floor":23,"key":"Thread and Needle"},{"floor":25,"key":"Bag of Preparation"},{"floor":26,"key":"Strawberry"},{"floor":30,"key":"Anchor"},{"floor":41,"key":"Prayer Wheel"},{"floor":43,"key":"Blue Candle"}],"event_choices":[{"cards_removed":["Defend_G"],"damage_healed":0,"gold_gain":0,"player_choice":"Card Removal","damage_taken":7,"max_hp_gain":0,"max_hp_loss":0,"event_name":"Golden Wing","floor":3,"gold_loss":0},{"damage_healed":0,"gold_gain":0,"player_choice":"Grow","damage_taken":0,"max_hp_gain":0,"max_hp_loss":0,"event_name":"Living Wall","floor":4,"gold_loss":0,"cards_upgraded":["Skewer"]},{"damage_healed":0,"gold_gain":75,"player_choice":"Gather Gold","damage_taken":11,"max_hp_gain":0,"max_hp_loss":0,"event_name":"World of Goop","floor":12,"gold_loss":0},{"damage_healed":0,"gold_gain":0,"player_choice":"Became a vampire","damage_taken":0,"max_hp_gain":0,"max_hp_loss":20,"event_name":"Vampires","floor":20,"gold_loss":0,"cards_obtained":["Bite","Bite","Bite","Bite","Bite"]},{"cards_removed":["Prepared"],"damage_healed":0,"gold_gain":0,"player_choice":"Removed Skill","damage_taken":0,"max_hp_gain":0,"max_hp_loss":0,"event_name":"Falling","floor":37,"gold_loss":0},{"damage_healed":0,"gold_gain":50,"player_choice":"Pray","damage_taken":0,"max_hp_gain":0,"max_hp_loss":0,"event_name":"Golden Shrine","floor":44,"gold_loss":0}],"is_beta":false,"boss_relics":[{"not_picked":["Tiny House","Eternal Feather"],"picked":"Sozu"},{"not_picked":["White Beast Statue","Fusion Hammer"],"picked":"Empty Cage"}],"items_purged_floors":[7,14,38],"is_endless":false,"potions_floor_spawned":[2,8,16,19,28,29,30,31,35,41],"killed_by":"Giant Head","ascension_level":15}