{"gold_per_floor":[109,126,76,90,105,134,134,150,150,150,150,150,168,207,207,207],"floor_reached":16,"playtime":1880,"items_purged":[],"score":112,"play_id":"2b085a1e-e058-40bd-b44f-7c99a2254c8c","local_time":"20190128105919","is_ascension_mode":false,"campfire_choices":[{"floor":7,"key":"REST"},{"data":"Distraction","floor":15,"key":"SMITH"}],"neow_cost":"NONE","seed_source_timestamp":1467132903147778,"circlet_count":0,"master_deck":["Defend_G","Defend_G","Defend_G","Defend_G","Defend_G","Strike_G","Strike_G","Strike_G","Strike_G","Survivor","Neutralize","Blade Dance","Prepared","Distraction+1","Slice","Masterful Stab","Acrobatics","Flying Knee","Backflip"],"relics":["Sozu","Strawberry","Gambling Chip","Golden Idol","Mummified Hand"],"potions_floor_usage":[],"damage_taken":[{"damage":1,"enemies":"Cultist","floor":1,"turns":4},{"damage":0,"enemies":"Small Slimes","floor":2,"turns":4},{"damage":0,"enemies":"2 Louse","floor":4,"turns":3},{"damage":0,"enemies":"Blue Slaver","floor":5,"turns":6},{"damage":66,"enemies":"Gremlin Nob","floor":6,"turns":6},{"damage":11,"enemies":"Exordium Thugs","floor":8,"turns":5},{"damage":0,"enemies":"Large Slime","floor":13,"turns":5},{"damage":14,"enemies":"3 Sentries","floor":14,"turns":7},{"damage":37,"enemies":"The Guardian","floor":16,"turns":9}],"seed_played":"337993491160259288","potions_obtained":[],"is_trial":false,"path_per_floor":["M","M","?","M","M","E","R","M","T","?","?","?","M","E","R","B"],"character_chosen":"THE_SILENT","items_purchased":[],"campfire_rested":1,"item_purchase_floors":[],"current_hp_per_floor":[69,69,69,69,69,10,33,22,22,47,47,47,47,33,33,0],"gold":207,"neow_bonus":"BOSS_RELIC","is_prod":false,"is_daily":false,"chose_seed":false,"campfire_upgraded":1,"win_rate":0.0,"timestamp":1548691159,"path_taken":["M","M","?","M","M","E","R","M","T","?","?","?","?","E","R","BOSS"],"build_version":"2019-01-23","purchased_purges":0,"victory":false,"max_hp_per_floor":[70,70,70,70,70,77,77,77,77,77,71,71,71,71,71,71],"card_choices":[{"not_picked":["Slice","Predator"],"picked":"Blade Dance","floor":1},{"not_picked":["Underhanded Strike","Backstab"],"picked":"Prepared","floor":2},{"not_picked":["Flechettes","Deadly Poison"],"picked":"Distraction","floor":4},{"not_picked":["Dagger Throw","Poisoned Stab"],"picked":"Slice","floor":5},{"not_picked":["Catalyst","Eviscerate"],"picked":"Masterful Stab","floor":6},{"not_picked":["Underhanded Strike","Masterful Stab"],"picked":"Acrobatics","floor":8},{"not_picked":["Outmaneuver","Quick Slash"],"picked":"Flying Knee","floor":13},{"not_picked":["Deflect","Riddle With Holes"],"picked":"Backflip","floor":14}],"player_experience":44864,"relics_obtained":[{"floor":6,"key":"Strawberry"},{"floor":9,"key":"Gambling Chip"},{"floor":14,"key":"Mummified Hand"}],"event_choices":[{"cards_removed":["Strike_G"],"damage_healed":0,"gold_gain":0,"player_choice":"Card Removal","damage_taken":0,"max_hp_gain":0,"max_hp_loss":0,"event_name":"The Cleric","floor":3,"gold_loss":50},{"damage_healed":25,"gold_gain":0,"player_choice":"Banana","damage_taken":0,"max_hp_gain":0,"max_hp_loss":0,"event_name":"Big Fish","floor":10,"gold_loss":0},{"damage_healed":0,"gold_gain":0,"player_choice":"Lose Max HP","damage_taken":0,"relics_obtained":["Golden Idol"],"max_hp_gain":0,"max_hp_loss":6,"event_name":"Golden Idol","floor":11,"gold_loss":0},{"damage_healed":0,"gold_gain":0,"player_choice":"Ignored","damage_taken":0,"max_hp_gain":0,"max_hp_loss":0,"event_name":"Liars Game","floor":12,"gold_loss":0}],"is_beta":false,"boss_relics":[],"items_purged_floors":[],"is_endless":false,"potions_floor_spawned":[6,13],"killed_by":"The Guardian","ascension_level":0}