{"gold_per_floor":[117,42,55,55,55,55,88,104,175,175,185,51,66,81,81,182,182,201,201,201,216,316,316,342,361,361,380,397,397,71,90,90,189,189,208,308,308,308,308,308,308],"floor_reached":41,"playtime":1634,"items_purged":["Strike_B","Strike_B","Barrage"],"score":461,"play_id":"ea6b3641-2353-47e6-ab14-cb9648903c49","local_time":"20190102075922","is_ascension_mode":false,"campfire_choices":[{"data":"Zap","floor":6,"key":"SMITH"},{"floor":10,"key":"REST"},{"data":"Storm","floor":15,"key":"SMITH"},{"data":"Auto Shields","floor":23,"key":"SMITH"},{"floor":29,"key":"REST"},{"floor":32,"key":"REST"},{"data":"Thunder Strike","floor":40,"key":"SMITH"}],"neow_cost":"PERCENT_DAMAGE","seed_source_timestamp":1083530521619828,"circlet_count":0,"master_deck":["Strike_B","Defend_B","Zap+1","Dualcast","Finesse","Bandage Up","Streamline","Ball Lightning","Static Discharge","Storm+1","Auto Shields+1","Loop","Conserve Battery","Go for the Eyes+1","Machine Learning+1","Tempest+1","FTL","Necronomicurse","Skim+1","Sweeping Beam","Capacitor","Thunder Strike+1","Madness","Madness","Regret"],"relics":["Cracked Core","Strawberry","Pear","Astrolabe","Necronomicon","Smiling Mask","Singing Bowl","Toy Ornithopter","Cursed Key","Turnip","Mummified Hand"],"potions_floor_usage":[7,8,24,24,24,28,33],"damage_taken":[{"damage":9,"enemies":"2 Louse","floor":1,"turns":2},{"damage":6,"enemies":"Jaw Worm","floor":3,"turns":3},{"damage":32,"enemies":"Gremlin Nob","floor":7,"turns":4},{"damage":7,"enemies":"Small Slimes","floor":8,"turns":2},{"damage":11,"enemies":"Exordium Thugs","floor":11,"turns":4},{"damage":10,"enemies":"2 Fungi Beasts","floor":13,"turns":2},{"damage":9,"enemies":"Large Slime","floor":14,"turns":5},{"damage":35,"enemies":"The Guardian","floor":16,"turns":9},{"damage":14,"enemies":"Shell Parasite","floor":18,"turns":5},{"damage":0,"enemies":"Chosen","floor":21,"turns":3},{"damage":23,"enemies":"Gremlin Leader","floor":24,"turns":6},{"damage":15,"enemies":"Snake Plant","floor":25,"turns":4},{"damage":10,"enemies":"Chosen and Byrds","floor":27,"turns":4},{"damage":16,"enemies":"3 Cultists","floor":28,"turns":4},{"damage":10,"enemies":"Snecko","floor":31,"turns":6},{"damage":35,"enemies":"Automaton","floor":33,"turns":8},{"damage":25,"enemies":"3 Darklings","floor":35,"turns":5},{"damage":18,"enemies":"Mind Bloom Boss Battle","floor":36,"turns":6},{"damage":66,"enemies":"Reptomancer","floor":41,"turns":4}],"seed_played":"6358094875005510733","potions_obtained":[{"floor":1,"key":"Energy Potion"},{"floor":8,"key":"Fruit Juice"},{"floor":14,"key":"Explosive Potion"},{"floor":16,"key":"Energy Potion"},{"floor":18,"key":"Poison Potion"},{"floor":27,"key":"FocusPotion"},{"floor":28,"key":"PowerPotion"}],"is_trial":false,"path_per_floor":["M","$","M","?","?","R","E","M","T","R","M","$","M","M","R","B",null,"M","?","?","M","?","R","E","M","T","M","M","R","$","M","R","B",null,"M","?","?","T","?","R","E"],"character_chosen":"DEFECT","items_purchased":["Loop","Capacitor","Toy Ornithopter"],"campfire_rested":3,"item_purchase_floors":[12,30,30],"current_hp_per_floor":[45,45,43,36,36,36,15,17,27,56,49,49,43,38,38,7,97,86,70,51,55,55,55,36,25,25,21,9,40,40,36,67,41,106,87,75,61,61,61,61,0],"gold":308,"neow_bonus":"RANDOM_COLORLESS_2","is_prod":false,"is_daily":false,"chose_seed":false,"campfire_upgraded":4,"win_rate":0,"timestamp":1546383562,"path_taken":["M","$","M","?","?","R","E","M","T","R","M","$","M","?","R","BOSS","M","?","?","M","?","R","E","M","T","?","M","R","$","M","R","BOSS","M","?","?","?","?","R","E"],"build_version":"2018-12-20","purchased_purges":3,"victory":false,"max_hp_per_floor":[75,75,75,75,75,75,82,87,97,97,97,97,97,97,97,97,97,97,97,102,102,102,102,102,102,102,104,104,104,104,106,106,106,106,108,110,110,110,110,110,110],"card_choices":[{"not_picked":["Coolheaded","Hologram"],"picked":"Streamline","floor":1},{"not_picked":["Leap","Redo"],"picked":"Ball Lightning","floor":3},{"not_picked":["Coolheaded","Chaos"],"picked":"Static Discharge","floor":7},{"not_picked":["Consume","Leap"],"picked":"Storm","floor":8},{"not_picked":["Cold Snap","Reinforced Body"],"picked":"Auto Shields","floor":11},{"not_picked":["Gash","Sweeping Beam"],"picked":"Conserve Battery","floor":13},{"not_picked":["Storm","Melter","Auto Shields"],"picked":"SKIP","floor":14},{"not_picked":["Multi-Cast","All For One"],"picked":"Reboot","floor":16},{"not_picked":["Skim+1","Beam Cell"],"picked":"FTL","floor":18},{"not_picked":["Ball Lightning","Blizzard+1"],"picked":"Barrage","floor":21},{"not_picked":["Auto Shields","Melter"],"picked":"Skim+1","floor":24},{"not_picked":["Barrage","Reprogram+1","Fusion"],"picked":"SKIP","floor":25},{"not_picked":["Streamline","Compile Driver","Go for the Eyes"],"picked":"Singing Bowl","floor":27},{"not_picked":["Go for the Eyes","Reboot"],"picked":"Sweeping Beam","floor":28},{"not_picked":["Force Field","Streamline","Chill"],"picked":"Singing Bowl","floor":31},{"not_picked":["Reboot","Seek"],"picked":"Thunder Strike","floor":33},{"not_picked":["Auto Shields+1","Beam Cell","Doom and Gloom"],"picked":"Singing Bowl","floor":35},{"not_picked":["Rebound+1","Leap+1","Beam Cell+1"],"picked":"Singing Bowl","floor":36}],"player_experience":307300,"relics_obtained":[{"floor":7,"key":"Strawberry"},{"floor":9,"key":"Pear"},{"floor":19,"key":"Necronomicon"},{"floor":24,"key":"Smiling Mask"},{"floor":26,"key":"Singing Bowl"},{"floor":36,"key":"Turnip"},{"floor":38,"key":"Mummified Hand"}],"event_choices":[{"cards_removed":["Defend_B"],"damage_healed":0,"gold_gain":0,"player_choice":"Card Removal","damage_taken":7,"max_hp_gain":0,"max_hp_loss":0,"event_name":"Golden Wing","floor":4,"gold_loss":0},{"damage_healed":0,"gold_gain":0,"player_choice":"Ignored","damage_taken":0,"max_hp_gain":0,"max_hp_loss":0,"event_name":"Liars Game","floor":5,"gold_loss":0},{"damage_healed":0,"gold_gain":0,"player_choice":"Obtained Book","damage_taken":16,"max_hp_gain":0,"max_hp_loss":0,"event_name":"Cursed Tome","floor":19,"gold_loss":0},{"damage_healed":0,"gold_gain":0,"player_choice":"Shed Blood","damage_taken":24,"max_hp_gain":5,"max_hp_loss":0,"event_name":"Forgotten Altar","floor":20,"gold_loss":0},{"damage_healed":0,"gold_gain":100,"player_choice":"Pray","damage_taken":0,"max_hp_gain":0,"max_hp_loss":0,"event_name":"Golden Shrine","floor":22,"gold_loss":0},{"damage_healed":0,"gold_gain":0,"player_choice":"Fight","damage_taken":0,"max_hp_gain":0,"max_hp_loss":0,"event_name":"MindBloom","floor":36,"gold_loss":0},{"damage_healed":0,"gold_gain":0,"player_choice":"Embrace Madness","damage_taken":14,"max_hp_gain":0,"max_hp_loss":0,"event_name":"Winding Halls","floor":37,"gold_loss":0,"cards_obtained":["Madness","Madness"]},{"cards_removed":["Defend_B"],"damage_healed":0,"gold_gain":0,"player_choice":"Removed Skill","damage_taken":0,"max_hp_gain":0,"max_hp_loss":0,"event_name":"Falling","floor":39,"gold_loss":0}],"is_beta":false,"boss_relics":[{"not_picked":["Calling Bell","Pandora\u0027s Box"],"picked":"Astrolabe"},{"not_picked":["Busted Crown","Runic Pyramid"],"picked":"Cursed Key"}],"items_purged_floors":[2,12,30],"is_endless":false,"potions_floor_spawned":[1,8,14,16,18,27,28],"killed_by":"Reptomancer","ascension_level":0}