{"gold_per_floor":[117,137,157,157,180,180,203,224,224,224,224,260,260,284,284,378,378,393,10,30,49,69,69,104,104,155,173,193,207,232,95,95,186,186,202,202,327,54,79,79,122,122,122,170,26,45,110,0,0,0,0],"floor_reached":52,"playtime":5011,"items_purged":["Strike_R","Strike_R","Regret","Regret"],"score":1886,"play_id":"876c265c-51c0-4464-b239-316320383969","local_time":"20181114190714","is_ascension_mode":true,"campfire_choices":[{"data":"Demon Form","floor":11,"key":"SMITH"},{"data":"Armaments","floor":13,"key":"SMITH"},{"floor":15,"key":"REST"},{"floor":23,"key":"REST"},{"floor":25,"key":"REST"},{"data":"True Grit","floor":32,"key":"SMITH"},{"floor":40,"key":"DIG"},{"floor":42,"key":"REST"},{"floor":49,"key":"REST"}],"neow_cost":"NONE","seed_source_timestamp":0,"circlet_count":0,"master_deck":["AscendersBane","Strike_R","Strike_R","Strike_R","Defend_R","Defend_R","Defend_R","Defend_R","Bash","Disarm","Shockwave","Armaments+1","Demon Form+1","Heavy Blade","Reaper","Headbutt","Barricade","Entrench","Shockwave","Body Slam+1","Whirlwind","Double Tap","Metallicize+1","True Grit+1","Havoc+1","Impervious","True Grit+1","Burning Pact","Feed","Writhe","Shrug It Off","Evolve","True Grit"],"special_seed":0,"relics":["Sozu","Golden Idol","Spirit Poop","Bottled Tornado","NlothsMask","Anchor","Cursed Key","Membership Card","Lantern","Juzu Bracelet","Pen Nib","Mark of Pain","Shovel","Thread and Needle","Incense Burner","Happy Flower","Question Card","Ancient Tea Set","StoneCalendar","Red Mask"],"potions_floor_usage":[],"damage_taken":[{"damage":2.0,"enemies":"Jaw Worm","floor":1.0,"turns":3.0},{"damage":5.0,"enemies":"Small Slimes","floor":2.0,"turns":4.0},{"damage":0,"enemies":"Cultist","floor":3,"turns":3},{"damage":10,"enemies":"Looter","floor":5,"turns":4},{"damage":9,"enemies":"Red Slaver","floor":7,"turns":5},{"damage":9,"enemies":"2 Fungi Beasts","floor":8,"turns":4},{"damage":8,"enemies":"Lagavulin","floor":12,"turns":5},{"damage":14,"enemies":"Exordium Wildlife","floor":14,"turns":4},{"damage":5,"enemies":"Hexaghost","floor":16,"turns":7},{"damage":21,"enemies":"2 Thieves","floor":18,"turns":5},{"damage":15,"enemies":"Spheric Guardian","floor":20,"turns":5},{"damage":19,"enemies":"Chosen and Byrds","floor":21,"turns":5},{"damage":40,"enemies":"Sentry and Sphere","floor":22,"turns":4},{"damage":34,"enemies":"Book of Stabbing","floor":24,"turns":4},{"damage":9,"enemies":"Snake Plant","floor":27,"turns":4},{"damage":6,"enemies":"Snecko","floor":28,"turns":4},{"damage":13,"enemies":"3 Cultists","floor":29,"turns":6},{"damage":10,"enemies":"Centurion and Healer","floor":30,"turns":4},{"damage":54,"enemies":"Automaton","floor":33,"turns":8},{"damage":0,"enemies":"Orb Walker","floor":35,"turns":3},{"damage":0,"enemies":"Mind Bloom Boss Battle","floor":37,"turns":3},{"damage":1,"enemies":"3 Darklings","floor":39,"turns":3},{"damage":70,"enemies":"Reptomancer","floor":41,"turns":4},{"damage":0,"enemies":"Spire Growth","floor":46,"turns":4},{"damage":31,"enemies":"2 Orb Walkers","floor":47,"turns":5},{"damage":0,"enemies":"Time Eater","floor":50,"turns":9},{"damage":13,"enemies":"Donu and Deca","floor":51,"turns":8}],"seed_played":"3786577317186274638","potions_obtained":[],"is_trial":false,"path_per_floor":["M","M","M","?","M","?","M","M","T","?","R","E","R","M","R","B",null,"M","$","M","M","M","R","E","R","T","M","M","M","M","$","R","B",null,"M","?","?","$","M","R","E","R","T","T","$","M","?","?","R","B","B",null],"character_chosen":"IRONCLAD","items_purchased":["Membership Card","Lantern","Entrench","Pen Nib","Burning Pact","Thread and Needle","Shrug It Off","Evolve"],"campfire_rested":5,"item_purchase_floors":[19,19,19,31,38,38,45,45],"current_hp_per_floor":[66,61,61,61,51,51,42,33,33,33,33,25,25,22,44,60,71,75,75,60,60,35,57,23,45,45,51,72,59,75,75,75,21,62,62,62,62,62,61,61,1,22,22,22,22,30,23,23,45,45,52],"gold":0,"neow_bonus":"BOSS_RELIC","is_prod":false,"is_daily":false,"chose_seed":false,"campfire_upgraded":3,"win_rate":0,"timestamp":1542215234,"path_taken":["M","M","M","?","M","?","?","M","T","?","R","E","R","M","R","BOSS","M","$","M","M","M","R","E","R","T","M","M","M","M","$","R","BOSS","M","?","?","?","M","R","E","R","T","?","$","M","?","?","R","BOSS","BOSS"],"build_version":"2018-11-13","purchased_purges":4,"victory":true,"max_hp_per_floor":[75,75,75,75,75,75,75,75,75,75,75,75,75,75,75,75,75,75,75,75,75,75,75,75,75,75,75,75,75,75,75,75,75,75,75,71,71,71,71,71,71,71,71,71,71,71,75,75,75,75,75],"card_choices":[{"not_picked":["Anger","Heavy Blade"],"picked":"Disarm","floor":1.0},{"not_picked":["Havoc","Reckless Charge"],"picked":"Shockwave","floor":2.0},{"not_picked":["Searing Blow","Dual Wield","Sentinel"],"picked":"SKIP","floor":3},{"not_picked":["Searing Blow","Dual Wield","Sentinel"],"picked":"SKIP","floor":3},{"not_picked":["Havoc","Sever Soul"],"picked":"Armaments","floor":5},{"not_picked":["Anger","Headbutt"],"picked":"Demon Form","floor":7},{"not_picked":["Havoc","Cleave"],"picked":"Heavy Blade","floor":8},{"not_picked":["Whirlwind","Burning Pact"],"picked":"Reaper","floor":12},{"not_picked":["Thunderclap","Sentinel"],"picked":"Headbutt","floor":14},{"not_picked":["Berserk","Juggernaut"],"picked":"Barricade","floor":16},{"not_picked":["Twin Strike","Perfected Strike","Infernal Blade"],"picked":"SKIP","floor":18},{"not_picked":["Twin Strike","Rampage"],"picked":"Shockwave","floor":20},{"not_picked":["Bloodletting","Evolve"],"picked":"Body Slam+1","floor":21},{"not_picked":["Reckless Charge","Heavy Blade"],"picked":"Whirlwind","floor":22},{"not_picked":["Sword Boomerang","Shrug It Off"],"picked":"Double Tap","floor":24},{"not_picked":["Armaments","Iron Wave"],"picked":"Metallicize+1","floor":27},{"not_picked":["Dropkick","Heavy Blade"],"picked":"True Grit","floor":28},{"not_picked":["Reckless Charge","Cleave+1","Clash+1"],"picked":"SKIP","floor":29},{"not_picked":["Dropkick","Heavy Blade+1"],"picked":"Havoc+1","floor":30},{"not_picked":["Immolate","Juggernaut"],"picked":"Impervious","floor":33},{"not_picked":["Thunderclap","Heavy Blade+1","Body Slam"],"picked":"SKIP","floor":35},{"not_picked":["Clothesline","Havoc"],"picked":"True Grit+1","floor":37},{"not_picked":["Clash","Warcry","Thunderclap+1"],"picked":"SKIP","floor":39},{"not_picked":["Sword Boomerang","Heavy Blade"],"picked":"Feed","floor":41},{"not_picked":["Iron Wave","Intimidate+1","Havoc"],"picked":"True Grit","floor":46}],"player_experience":652990,"relics_obtained":[{"floor":9,"key":"Bottled Tornado"},{"floor":12,"key":"Anchor"},{"floor":24,"key":"Juzu Bracelet"},{"floor":37,"key":"Shovel"},{"floor":40,"key":"Incense Burner"},{"floor":41,"key":"Happy Flower"},{"floor":43,"key":"Question Card"},{"floor":44,"key":"Ancient Tea Set"},{"floor":47,"key":"StoneCalendar"}],"event_choices":[{"damage_healed":0,"gold_gain":0,"player_choice":"Take Wound","damage_taken":0,"relics_obtained":["Golden Idol"],"max_hp_gain":0,"max_hp_loss":0,"event_name":"Golden Idol","floor":4,"gold_loss":0,"cards_obtained":["Injury"]},{"cards_removed":["Injury"],"damage_healed":0,"gold_gain":0,"player_choice":"Offered Curse","damage_taken":0,"relics_obtained":["Spirit Poop"],"max_hp_gain":0,"max_hp_loss":0,"event_name":"Bonfire Elementals","floor":6,"gold_loss":0},{"damage_healed":0,"gold_gain":0,"player_choice":"Trade","damage_taken":0,"relics_obtained":["NlothsMask"],"max_hp_gain":0,"max_hp_loss":0,"event_name":"FaceTrader","floor":10,"gold_loss":0},{"damage_healed":0,"gold_gain":0,"player_choice":"Max HP","damage_taken":0,"max_hp_gain":0,"max_hp_loss":4,"event_name":"Winding Halls","floor":36,"gold_loss":0},{"damage_healed":0,"gold_gain":0,"player_choice":"Fight","damage_taken":0,"max_hp_gain":0,"max_hp_loss":0,"event_name":"MindBloom","floor":37,"gold_loss":0},{"damage_healed":0,"gold_gain":0,"player_choice":"Fight","damage_taken":0,"max_hp_gain":0,"max_hp_loss":0,"event_name":"Mysterious Sphere","floor":47,"gold_loss":0},{"damage_healed":0,"gold_gain":0,"player_choice":"Paid","damage_taken":0,"relics_obtained":["Red Mask"],"max_hp_gain":0,"max_hp_loss":0,"event_name":"Tomb of Lord Red Mask","floor":48,"gold_loss":110}],"is_beta":true,"boss_relics":[{"not_picked":["Tiny House","Runic Pyramid"],"picked":"Cursed Key"},{"not_picked":["Lizard Tail","Pandora\u0027s Box"],"picked":"Mark of Pain"}],"items_purged_floors":[19,31,38,45],"is_endless":false,"potions_floor_spawned":[3,5,7,12,16,18,27,29,30,33,41,46,47],"ascension_level":20}