{"gold_per_floor":[121,133,163,20,20,20,20,20,101,115,115,37,57,97,97,222,222,243,66,66,90,90,90],"floor_reached":23,"playtime":1425,"items_purged":["Writhe","Writhe"],"score":236,"play_id":"0c731ca1-d8fc-407b-b5d8-d2f88d453cc9","local_time":"20190128150314","is_ascension_mode":false,"campfire_choices":[{"data":"Chaos","floor":6,"key":"SMITH"},{"data":"Zap","floor":8,"key":"SMITH"},{"data":"Dualcast","floor":15,"key":"SMITH"}],"neow_cost":"NONE","seed_source_timestamp":1482226665242499,"circlet_count":0,"master_deck":["Strike_B","Strike_B","Strike_B","Strike_B","Defend_B","Defend_B","Defend_B","Defend_B","Zap+1","Dualcast+1","Ball Lightning+1","Chaos+1","Heatsinks+1","Buffer+1","Defragment+1","Coolheaded","Ball Lightning","Echo Form+1","Steam+1","Capacitor+1"],"relics":["Calling Bell","MawBank","Pocketwatch","Frozen Egg 2","Spirit Poop","Golden Idol","Pear","Dodecahedron","Question Card","Busted Crown","FaceOfCleric","Nilry\u0027s Codex"],"potions_floor_usage":[16,18,23,23],"damage_taken":[{"damage":15,"enemies":"Jaw Worm","floor":1,"turns":4},{"damage":1,"enemies":"Cultist","floor":3,"turns":3},{"damage":0,"enemies":"Small Slimes","floor":10,"turns":3},{"damage":13,"enemies":"3 Louse","floor":13,"turns":3},{"damage":8,"enemies":"Gremlin Nob","floor":14,"turns":4},{"damage":0,"enemies":"Slime Boss","floor":16,"turns":6},{"damage":6,"enemies":"Shell Parasite","floor":18,"turns":4},{"damage":5,"enemies":"Spheric Guardian","floor":21,"turns":4},{"damage":52,"enemies":"Slavers","floor":23,"turns":3}],"seed_played":"1374860462148319535","potions_obtained":[{"floor":1,"key":"AttackPotion"},{"floor":10,"key":"FocusPotion"},{"floor":14,"key":"Ancient Potion"},{"floor":16,"key":"Explosive Potion"},{"floor":21,"key":"SteroidPotion"}],"is_trial":false,"path_per_floor":["M","?","M","$","?","R","?","R","T","M","?","$","M","E","R","B",null,"M","$","?","M","?","E"],"character_chosen":"DEFECT","items_purchased":["Heatsinks+1","Defragment+1","Capacitor+1"],"campfire_rested":0,"item_purchase_floors":[4,12,19],"current_hp_per_floor":[60,60,59,59,59,59,66,66,66,66,66,66,53,45,45,45,77,71,71,71,67,51,0],"gold":90,"neow_bonus":"BOSS_RELIC","is_prod":false,"is_daily":false,"chose_seed":false,"campfire_upgraded":3,"win_rate":0.0,"timestamp":1548705794,"path_taken":["M","?","?","$","?","R","?","R","T","M","?","$","?","E","R","BOSS","M","$","?","?","?","E"],"build_version":"2019-01-23","purchased_purges":2,"victory":false,"max_hp_per_floor":[75,72,72,72,67,67,77,77,77,77,77,77,77,77,77,77,77,77,77,77,78,78,78],"card_choices":[{"not_picked":["Hologram","Sweeping Beam"],"picked":"Ball Lightning","floor":1},{"not_picked":["Darkness","BootSequence"],"picked":"Chaos","floor":3},{"not_picked":["Coolheaded","Compile Driver"],"picked":"Buffer+1","floor":10},{"not_picked":["Streamline","Stack"],"picked":"Coolheaded","floor":13},{"not_picked":["Sweeping Beam","Stack"],"picked":"Ball Lightning","floor":14},{"not_picked":["Thunder Strike","Machine Learning+1","Amplify"],"picked":"Echo Form+1","floor":16},{"not_picked":["Double Energy"],"picked":"Steam+1","floor":18},{"not_picked":["Go for the Eyes","Scrape+1"],"picked":"SKIP","floor":21}],"player_experience":56044,"relics_obtained":[{"floor":0,"key":"MawBank"},{"floor":0,"key":"Pocketwatch"},{"floor":0,"key":"Frozen Egg 2"},{"floor":9,"key":"Dodecahedron"},{"floor":14,"key":"Question Card"},{"floor":22,"key":"Nilry\u0027s Codex"}],"event_choices":[{"cards_removed":["Parasite"],"damage_healed":0,"gold_gain":0,"player_choice":"Offered Curse","damage_taken":0,"relics_obtained":["Spirit Poop"],"max_hp_gain":0,"max_hp_loss":0,"event_name":"Bonfire Elementals","floor":2,"gold_loss":0},{"damage_healed":0,"gold_gain":0,"player_choice":"Lose Max HP","damage_taken":0,"relics_obtained":["Golden Idol"],"max_hp_gain":0,"max_hp_loss":5,"event_name":"Golden Idol","floor":5,"gold_loss":0},{"damage_healed":0,"gold_gain":0,"player_choice":"Success","damage_taken":3,"relics_obtained":["Pear"],"max_hp_gain":0,"max_hp_loss":0,"event_name":"Scrap Ooze","floor":7,"gold_loss":0},{"damage_healed":0,"gold_gain":0,"player_choice":"Upgraded","damage_taken":0,"max_hp_gain":0,"max_hp_loss":0,"event_name":"Upgrade Shrine","floor":11,"gold_loss":0,"cards_upgraded":["Ball Lightning"]},{"damage_healed":0,"gold_gain":0,"player_choice":"Trade","damage_taken":0,"relics_obtained":["FaceOfCleric"],"max_hp_gain":0,"max_hp_loss":0,"event_name":"FaceTrader","floor":20,"gold_loss":0},{"damage_healed":0,"gold_gain":0,"player_choice":"Obtained Book","damage_taken":16,"max_hp_gain":0,"max_hp_loss":0,"event_name":"Cursed Tome","floor":22,"gold_loss":0}],"is_beta":false,"boss_relics":[{"not_picked":["Runic Pyramid","Tiny House"],"picked":"Busted Crown"}],"items_purged_floors":[4,19],"is_endless":false,"potions_floor_spawned":[1,10,14,16,21],"killed_by":"Slavers","ascension_level":0}