{"gold_per_floor":[113,188,148,166,176,204,216,235,235,235,250,268,268,268,268,399,399,419,344,344,40,58,58,94,107,131,131,167,167,192,210,210,210],"floor_reached":33,"playtime":1820,"items_purged":["Strike_G","Defend_G"],"score":289,"play_id":"50aae350-7ea8-46de-a1e8-061a3c0b7786","local_time":"20190101214458","is_ascension_mode":false,"campfire_choices":[{"floor":10.0,"key":"REST"},{"floor":13.0,"key":"REST"},{"data":"Bouncing Flask","floor":15.0,"key":"SMITH"},{"data":"Well Laid Plans","floor":23,"key":"SMITH"},{"data":"Tactician","floor":27,"key":"SMITH"},{"data":"Footwork","floor":29,"key":"SMITH"},{"floor":32,"key":"REST"}],"neow_cost":"NONE","seed_source_timestamp":0,"circlet_count":0,"master_deck":["Defend_G","Defend_G","Strike_G","Strike_G","Strike_G","Survivor","Neutralize","Dagger Throw","Underhanded Strike","Well Laid Plans+1","Tactician+1","Deadly Poison","Bouncing Flask+1","Heel Hook","Blur","After Image","Escape Plan+1","Wraith Form v2+1","Calculated Gamble+1","Deadly Poison","Footwork+1","Prepared+1","PiercingWail","Backstab"],"special_seed":0,"relics":["Ring of the Snake","Snake Skull","Torii","Ice Cream","Golden Idol","Astrolabe","TwistedFunnel","Kunai","Anchor","Dead Branch"],"potions_floor_usage":[24,25,31,33],"damage_taken":[{"damage":8.0,"enemies":"Jaw Worm","floor":1.0,"turns":5.0},{"damage":14.0,"enemies":"2 Louse","floor":4.0,"turns":3.0},{"damage":0.0,"enemies":"Cultist","floor":5.0,"turns":3.0},{"damage":18.0,"enemies":"Gremlin Nob","floor":6.0,"turns":4.0},{"damage":0.0,"enemies":"Blue Slaver","floor":7.0,"turns":6.0},{"damage":11.0,"enemies":"Exordium Thugs","floor":8.0,"turns":6.0},{"damage":1.0,"enemies":"Large Slime","floor":11.0,"turns":4.0},{"damage":3.0,"enemies":"Lots of Slimes","floor":12.0,"turns":4.0},{"damage":2.0,"enemies":"Hexaghost","floor":16.0,"turns":8.0},{"damage":1,"enemies":"Shell Parasite","floor":18,"turns":4},{"damage":0,"enemies":"Spheric Guardian","floor":22,"turns":3},{"damage":10,"enemies":"Book of Stabbing","floor":24,"turns":6},{"damage":8,"enemies":"Snake Plant","floor":25,"turns":4},{"damage":17,"enemies":"Slavers","floor":28,"turns":5},{"damage":2,"enemies":"Centurion and Healer","floor":30,"turns":8},{"damage":0,"enemies":"Cultist and Chosen","floor":31,"turns":6},{"damage":46,"enemies":"Collector","floor":33,"turns":5}],"seed_played":"-9187323265377353993","potions_obtained":[{"floor":3.0,"key":"GamblersBrew"},{"floor":3.0,"key":"Poison Potion"},{"floor":3.0,"key":"SmokeBomb"},{"floor":6.0,"key":"LiquidBronze"},{"floor":8.0,"key":"PowerPotion"},{"floor":11.0,"key":"SkillPotion"},{"floor":12.0,"key":"SpeedPotion"},{"floor":24,"key":"Swift Potion"},{"floor":25,"key":"Ancient Potion"},{"floor":28,"key":"LiquidBronze"},{"floor":30,"key":"GamblersBrew"}],"is_trial":false,"path_per_floor":["M","?","?","M","M","E","M","M","T","R","M","M","R","?","R","B",null,"M","$","?","$","M","R","E","M","T","R","E","R","M","M","R","B"],"character_chosen":"THE_SILENT","items_purchased":["TwistedFunnel"],"campfire_rested":3,"item_purchase_floors":[21],"current_hp_per_floor":[62,51,51,37,37,19,19,8,8,29,28,25,46,46,46,44,65,64,64,64,64,64,64,54,46,46,46,29,29,27,27,46,0],"gold":210,"neow_bonus":"RANDOM_COMMON_RELIC","is_prod":false,"is_daily":false,"chose_seed":false,"campfire_upgraded":4,"win_rate":0,"timestamp":1546346698,"path_taken":["M","?","?","M","M","E","M","M","T","R","?","M","R","?","R","BOSS","M","$","?","?","?","R","E","M","T","R","E","R","M","M","R","BOSS"],"build_version":"2018-12-20","purchased_purges":2,"victory":false,"max_hp_per_floor":[70,70,70,70,70,70,70,70,70,70,70,70,70,65,65,65,65,65,65,65,65,65,65,65,65,65,65,65,65,65,65,65,65],"card_choices":[{"not_picked":["Deflect","Quick Slash"],"picked":"Dagger Throw","floor":1.0},{"not_picked":["Expertise","Backflip"],"picked":"Underhanded Strike","floor":4.0},{"not_picked":["Sucker Punch","Dagger Throw"],"picked":"Well Laid Plans","floor":5.0},{"not_picked":["Dagger Spray","Outmaneuver"],"picked":"Tactician","floor":6.0},{"not_picked":["Deflect","Slice"],"picked":"Deadly Poison","floor":7.0},{"not_picked":["Escape Plan","Backstab"],"picked":"Bouncing Flask","floor":8.0},{"not_picked":["Slice","Acrobatics"],"picked":"Heel Hook","floor":11.0},{"not_picked":["Blade Dance","Tactician"],"picked":"Blur","floor":12.0},{"not_picked":["A Thousand Cuts","Unload"],"picked":"After Image","floor":16.0},{"not_picked":["Endless Agony+1","Dagger Throw"],"picked":"Deadly Poison","floor":18},{"not_picked":["Poisoned Stab+1","Acrobatics"],"picked":"Footwork","floor":22},{"not_picked":["Dodge and Roll","Dagger Throw+1"],"picked":"Prepared+1","floor":24},{"not_picked":["Terror","Concentrate","Blade Dance+1"],"picked":"SKIP","floor":25},{"not_picked":["Bane+1","Crippling Poison"],"picked":"PiercingWail","floor":28},{"not_picked":["Finisher","Expertise+1","Flechettes+1"],"picked":"SKIP","floor":30},{"not_picked":["PiercingWail+1","Tactician"],"picked":"Backstab","floor":31}],"player_experience":270753,"relics_obtained":[{"floor":6.0,"key":"Torii"},{"floor":9.0,"key":"Ice Cream"},{"floor":24,"key":"Kunai"},{"floor":26,"key":"Anchor"},{"floor":28,"key":"Dead Branch"}],"event_choices":[{"damage_healed":0.0,"max_hp_gain":0.0,"max_hp_loss":0.0,"gold_gain":75.0,"event_name":"World of Goop","player_choice":"Gather Gold","floor":2.0,"gold_loss":0.0,"damage_taken":11.0},{"damage_healed":0.0,"max_hp_gain":0.0,"max_hp_loss":0.0,"gold_gain":0.0,"event_name":"The Woman in Blue","player_choice":"Bought 3 Potions","floor":3.0,"gold_loss":0.0,"damage_taken":0.0},{"damage_healed":0.0,"max_hp_gain":0.0,"max_hp_loss":5.0,"gold_gain":0.0,"event_name":"Golden Idol","player_choice":"Lose Max HP","floor":14.0,"gold_loss":0.0,"damage_taken":0.0,"relics_obtained":["Golden Idol"]},{"damage_healed":0,"gold_gain":0,"player_choice":"Ignored","damage_taken":0,"max_hp_gain":0,"max_hp_loss":0,"event_name":"NoteForYourself","floor":20,"gold_loss":0}],"is_beta":false,"boss_relics":[{"not_picked":["Runic Pyramid","HoveringKite"],"picked":"Astrolabe"}],"items_purged_floors":[19,21],"is_endless":false,"potions_floor_spawned":[6,8,11,12,24,25,28,30],"killed_by":"Collector","ascension_level":0}