{"gold_per_floor":[118,137,41,41,51,51,76,88,125,153,179,211,223,262,274,286],"floor_reached":16,"playtime":483,"items_purged":[],"score":140,"play_id":"52f0003a-3b04-4026-a2c5-af260aad622a","local_time":"20190306234745","is_ascension_mode":true,"campfire_choices":[{"data":"Zap","floor":6,"key":"SMITH"},{"floor":8,"key":"REST"},{"floor":13,"key":"REST"},{"floor":15,"key":"REST"}],"neow_cost":"NONE","seed_source_timestamp":1495322028374862,"circlet_count":0,"master_deck":["Strike_B","Strike_B","Defend_B","Defend_B","Defend_B","Defend_B","Zap+1","Dualcast","Storm","FTL","Heatsinks","Streamline","Steam","Fusion","Redo","Defragment","Capacitor","Reinforced Body"],"relics":["Cracked Core","MawBank","Happy Flower","Orichalcum"],"potions_floor_usage":[14,16,16],"damage_taken":[{"damage":0,"enemies":"2 Louse","floor":1,"turns":3},{"damage":12,"enemies":"Jaw Worm","floor":2,"turns":3},{"damage":0,"enemies":"Cultist","floor":5,"turns":2},{"damage":34,"enemies":"Lagavulin","floor":7,"turns":7},{"damage":5,"enemies":"Blue Slaver","floor":10,"turns":3},{"damage":15,"enemies":"3 Louse","floor":11,"turns":2},{"damage":5,"enemies":"Gremlin Gang","floor":12,"turns":4},{"damage":29,"enemies":"3 Sentries","floor":14,"turns":6},{"damage":44,"enemies":"Slime Boss","floor":16,"turns":8}],"seed_played":"987591557540258173","potions_obtained":[{"floor":5,"key":"FearPotion"},{"floor":11,"key":"FocusPotion"},{"floor":12,"key":"Fruit Juice"},{"floor":14,"key":"SteroidPotion"}],"is_trial":false,"path_per_floor":["M","M","$","?","M","R","E","R","T","M","M","M","R","E","R","B"],"character_chosen":"DEFECT","items_purchased":["Heatsinks","Streamline"],"campfire_rested":3,"item_purchase_floors":[3,3],"current_hp_per_floor":[75,63,63,56,56,56,22,44,44,39,24,19,41,17,41,0],"gold":286,"neow_bonus":"REMOVE_CARD","is_prod":false,"is_daily":false,"chose_seed":false,"campfire_upgraded":1,"win_rate":0,"timestamp":1551934065,"path_taken":["M","M","$","?","M","R","E","R","T","M","M","M","R","E","R","BOSS"],"build_version":"2019-01-23","purchased_purges":0,"victory":false,"max_hp_per_floor":[75,75,75,75,75,75,75,75,75,75,75,75,75,80,80,80],"card_choices":[{"not_picked":["Sweeping Beam","Compile Driver"],"picked":"Storm","floor":1},{"not_picked":["Blizzard","Beam Cell"],"picked":"FTL","floor":2},{"not_picked":["Reprogram","Blizzard"],"picked":"Steam","floor":5},{"not_picked":["Streamline","Double Energy"],"picked":"Fusion","floor":7},{"not_picked":["Chaos","Streamline"],"picked":"Redo","floor":10},{"not_picked":["Streamline","Glacier"],"picked":"Defragment","floor":11},{"not_picked":["Skim","Turbo"],"picked":"Capacitor","floor":12},{"not_picked":["Gash","Beam Cell"],"picked":"Reinforced Body","floor":14}],"player_experience":257278,"relics_obtained":[{"floor":7,"key":"MawBank"},{"floor":9,"key":"Happy Flower"},{"floor":14,"key":"Orichalcum"}],"event_choices":[{"cards_removed":["Strike_B"],"damage_healed":0,"gold_gain":0,"player_choice":"Card Removal","damage_taken":7,"max_hp_gain":0,"max_hp_loss":0,"event_name":"Golden Wing","floor":4,"gold_loss":0}],"is_beta":false,"boss_relics":[],"items_purged_floors":[],"is_endless":false,"potions_floor_spawned":[5,11,12,14],"killed_by":"Slime Boss","ascension_level":5}