{"gold_per_floor":[118,130,8,8,83,83,112,112,112,130,150,150,179,199,199,301,301,311,410,429,443,460,493,493,554,554,554,554,554,587,601,601,601],"floor_reached":33,"playtime":1657,"items_purged":["Strike_B"],"score":394,"play_id":"fb8b6444-4520-42c0-9376-d61c3af1f0d6","local_time":"20190307001532","is_ascension_mode":true,"campfire_choices":[{"data":"Dualcast","floor":6,"key":"SMITH"},{"data":"Glacier","floor":8,"key":"SMITH"},{"data":"Coolheaded","floor":12,"key":"SMITH"},{"data":"Go for the Eyes","floor":15,"key":"SMITH"},{"data":"Electrodynamics","floor":24,"key":"SMITH"},{"data":"Stack","floor":27,"key":"SMITH"},{"data":"Self Repair","floor":29,"key":"SMITH"},{"floor":32,"key":"REST"}],"neow_cost":"NONE","seed_source_timestamp":1495816206630041,"circlet_count":0,"master_deck":["Strike_B","Strike_B+1","Defend_B","Defend_B","Defend_B","Defend_B","Zap+1","Dualcast+1","Coolheaded+1","FTL","Conserve Battery","Glacier+1","Self Repair+1","Go for the Eyes+1","Steam","Electrodynamics+1","Leap+1","Chill","Stack+1","Capacitor+1"],"relics":["Cracked Core","Letter Opener","Cables","Black Star","Unceasing Top","Molten Egg 2","Tiny Chest","Blue Candle","Mummified Hand","Blood Vial","Boot"],"potions_floor_usage":[22,23,25,30],"damage_taken":[{"damage":7,"enemies":"Small Slimes","floor":1,"turns":3},{"damage":0,"enemies":"Jaw Worm","floor":2,"turns":3},{"damage":14,"enemies":"3 Sentries","floor":7,"turns":10},{"damage":0,"enemies":"Cultist","floor":10,"turns":3},{"damage":0,"enemies":"3 Louse","floor":11,"turns":3},{"damage":7,"enemies":"Lagavulin","floor":13,"turns":7},{"damage":0,"enemies":"2 Fungi Beasts","floor":14,"turns":2},{"damage":3,"enemies":"The Guardian","floor":16,"turns":16},{"damage":7,"enemies":"3 Byrds","floor":18,"turns":2},{"damage":16,"enemies":"2 Thieves","floor":20,"turns":4},{"damage":9,"enemies":"Snake Plant","floor":21,"turns":5},{"damage":0,"enemies":"3 Cultists","floor":22,"turns":4},{"damage":19,"enemies":"Gremlin Leader","floor":23,"turns":8},{"damage":17,"enemies":"Book of Stabbing","floor":25,"turns":7},{"damage":17,"enemies":"Slavers","floor":30,"turns":3},{"damage":0,"enemies":"Shelled Parasite and Fungi","floor":31,"turns":8},{"damage":66,"enemies":"Champ","floor":33,"turns":24}],"seed_played":"-3295470738800492199","potions_obtained":[{"floor":10,"key":"Energy Potion"},{"floor":16,"key":"SkillPotion"},{"floor":18,"key":"SmokeBomb"},{"floor":23,"key":"Poison Potion"},{"floor":25,"key":"SkillPotion"}],"is_trial":false,"path_per_floor":["M","M","$","?","?","R","E","R","T","M","M","R","E","M","R","B",null,"M","?","M","M","M","E","R","E","T","R","?","R","E","M","R","B"],"character_chosen":"DEFECT","items_purchased":["Conserve Battery"],"campfire_rested":1,"item_purchase_floors":[3],"current_hp_per_floor":[68,68,68,68,57,57,43,43,43,43,50,50,50,50,50,54,70,63,63,54,52,59,47,47,37,37,37,37,37,30,42,64,0],"gold":601,"neow_bonus":"UPGRADE_CARD","is_prod":false,"is_daily":false,"chose_seed":false,"campfire_upgraded":7,"win_rate":0,"timestamp":1551935732,"path_taken":["M","M","$","?","?","R","E","R","T","M","M","R","E","?","R","BOSS","M","?","M","M","M","E","R","E","T","R","?","R","E","?","R","BOSS"],"build_version":"2019-01-23","purchased_purges":1,"victory":false,"max_hp_per_floor":[75,75,75,75,75,75,75,75,75,75,75,75,75,75,75,75,75,75,75,75,75,75,75,75,75,75,75,75,75,75,75,75,75],"card_choices":[{"not_picked":["Hologram","Compile Driver"],"picked":"Coolheaded","floor":1},{"not_picked":["Cold Snap","Genetic Algorithm"],"picked":"FTL","floor":2},{"not_picked":["Hologram","Lockon"],"picked":"Glacier","floor":7},{"not_picked":["Turbo","Glacier"],"picked":"Self Repair","floor":10},{"not_picked":["Stack","Hologram","Ball Lightning"],"picked":"SKIP","floor":11},{"not_picked":["Static Discharge","Self Repair"],"picked":"Go for the Eyes","floor":13},{"not_picked":["Conserve Battery","Heatsinks"],"picked":"Steam","floor":14},{"not_picked":["Creative AI","Rainbow"],"picked":"Electrodynamics","floor":16},{"not_picked":["Storm","Compile Driver"],"picked":"Leap+1","floor":18},{"not_picked":["Heatsinks","Coolheaded","Auto Shields"],"picked":"SKIP","floor":20},{"not_picked":["Auto Shields","Sunder"],"picked":"Chill","floor":21},{"not_picked":["Auto Shields","Sweeping Beam","Lockon"],"picked":"SKIP","floor":22},{"not_picked":["Rip and Tear","Static Discharge"],"picked":"Stack","floor":23},{"not_picked":["Self Repair","Hologram"],"picked":"Capacitor+1","floor":25},{"not_picked":["Gash+1","Static Discharge","Recycle"],"picked":"SKIP","floor":30},{"not_picked":["Lockon+1","Streamline+1","Steam Power"],"picked":"SKIP","floor":31}],"player_experience":257761,"relics_obtained":[{"floor":7,"key":"Letter Opener"},{"floor":13,"key":"Cables"},{"floor":23,"key":"Unceasing Top"},{"floor":23,"key":"Molten Egg 2"},{"floor":25,"key":"Tiny Chest"},{"floor":25,"key":"Blue Candle"},{"floor":26,"key":"Mummified Hand"},{"floor":30,"key":"Blood Vial"},{"floor":30,"key":"Boot"}],"event_choices":[{"damage_healed":0,"gold_gain":0,"player_choice":"Grow","damage_taken":0,"max_hp_gain":0,"max_hp_loss":0,"event_name":"Living Wall","floor":4,"gold_loss":0,"cards_upgraded":["Strike_B"]},{"damage_healed":0,"gold_gain":75,"player_choice":"Gather Gold","damage_taken":11,"max_hp_gain":0,"max_hp_loss":0,"event_name":"World of Goop","floor":5,"gold_loss":0},{"damage_healed":0,"gold_gain":99,"player_choice":"Stole From Cult","damage_taken":0,"max_hp_gain":0,"max_hp_loss":0,"event_name":"Nest","floor":19,"gold_loss":0},{"cards_removed":["Strike_B"],"damage_healed":0,"gold_gain":0,"player_choice":"Offered Basic","damage_taken":0,"max_hp_gain":0,"max_hp_loss":0,"event_name":"Bonfire Elementals","floor":28,"gold_loss":0}],"is_beta":false,"boss_relics":[{"not_picked":["Runic Dome","Cursed Key"],"picked":"Black Star"}],"items_purged_floors":[3],"is_endless":false,"potions_floor_spawned":[10,16,18,21,23,25],"killed_by":"Champ","ascension_level":5}