{"gold_per_floor":[109,120,120,140,9,9,9,9,36,36,62,62,81,106,106,179,179,197,58,72,90,66,66,92,92,92,92,117,132,132,146,146,220,270,282,282,297,307,307,307],"floor_reached":40,"playtime":2271,"items_purged":["Strike_B","Strike_B"],"score":868,"play_id":"621edf96-ef0b-4762-8015-51b466350bba","local_time":"20190301221624","is_ascension_mode":true,"campfire_choices":[{"data":"Zap","floor":6.0,"key":"SMITH"},{"data":"Ball Lightning","floor":8.0,"key":"SMITH"},{"floor":15.0,"key":"RECALL"},{"data":"Buffer","floor":23.0,"key":"SMITH"},{"floor":27.0,"key":"REST"},{"floor":32.0,"key":"REST"}],"neow_cost":"PERCENT_DAMAGE","seed_source_timestamp":98959790748201,"circlet_count":0,"master_deck":["AscendersBane","Strike_B+1","Defend_B","Defend_B","Defend_B","Defend_B","Zap+1","Dualcast","Gash","Ball Lightning+1","Ball Lightning","Glacier+1","Force Field+1","Reinforced Body+1","Hologram+1","Buffer+1","Loop","Stack+1","Hologram+1","Echo Form","Core Surge","Conserve Battery+1","White Noise+1","Rainbow+1","Consume+1","Genetic Algorithm+1"],"special_seed":0,"relics":["Cracked Core","StoneCalendar","Toxic Egg 2","Regal Pillow","DataDisk","Centennial Puzzle","Velvet Choker","Dodecahedron","Bag of Preparation","Tiny House"],"potions_floor_usage":[40,40],"damage_taken":[{"damage":4.0,"enemies":"Jaw Worm","floor":1.0,"turns":4.0},{"damage":8.0,"enemies":"Small Slimes","floor":2.0,"turns":3.0},{"damage":1.0,"enemies":"Cultist","floor":4.0,"turns":3.0},{"damage":4.0,"enemies":"Gremlin Nob","floor":11.0,"turns":3.0},{"damage":4.0,"enemies":"Red Slaver","floor":13.0,"turns":3.0},{"damage":10.0,"enemies":"3 Sentries","floor":14.0,"turns":7.0},{"damage":11.0,"enemies":"Hexaghost","floor":16.0,"turns":9.0},{"damage":5.0,"enemies":"Shell Parasite","floor":18.0,"turns":6.0},{"damage":0.0,"enemies":"Spheric Guardian","floor":20.0,"turns":4.0},{"damage":8.0,"enemies":"Snake Plant","floor":21.0,"turns":4.0},{"damage":33.0,"enemies":"Gremlin Leader","floor":24.0,"turns":7.0},{"damage":7.0,"enemies":"Book of Stabbing","floor":28.0,"turns":7.0},{"damage":19.0,"enemies":"3 Cultists","floor":29.0,"turns":5.0},{"damage":0.0,"enemies":"Colosseum Slavers","floor":30.0,"turns":5.0},{"damage":5.0,"enemies":"Sentry and Sphere","floor":31.0,"turns":7.0},{"damage":32.0,"enemies":"Collector","floor":33.0,"turns":14.0},{"damage":1.0,"enemies":"Orb Walker","floor":35.0,"turns":4.0},{"damage":0,"enemies":"3 Shapes","floor":37,"turns":5},{"damage":29,"enemies":"3 Darklings","floor":38,"turns":6},{"damage":39,"enemies":"Reptomancer","floor":40,"turns":2}],"seed_played":"1269647988481051544","potions_obtained":[{"floor":2.0,"key":"AttackPotion"},{"floor":14.0,"key":"SpeedPotion"},{"floor":34.0,"key":"Energy Potion"},{"floor":37,"key":"Dexterity Potion"}],"is_trial":false,"path_per_floor":["M","M","?","M","$","R","T","R","T","$","E","?","M","E","R","B",null,"M","$","M","M","$","R","E","?","T","R","E","M","?","M","R","B",null,"M","?","M","M","?","E"],"character_chosen":"DEFECT","items_purchased":["Strength Potion","Loop","Hologram+1"],"campfire_rested":2,"item_purchase_floors":[5,19,22],"current_hp_per_floor":[42,34,57,56,56,56,56,56,56,56,52,52,48,38,38,27,60,55,55,55,47,47,47,14,14,14,50,43,24,24,19,55,23,64,63,63,63,34,34,0],"gold":307,"neow_bonus":"ONE_RARE_RELIC","is_prod":false,"is_daily":false,"chose_seed":false,"campfire_upgraded":3,"win_rate":0,"timestamp":1551507384,"path_taken":["M","M","?","M","?","R","?","R","T","$","E","?","?","E","R","BOSS","M","$","M","M","?","R","E","?","T","R","E","M","?","?","R","BOSS","M","?","M","M","?","E"],"build_version":"2019-02-06","purchased_purges":2,"victory":false,"max_hp_per_floor":[71,71,71,71,71,71,71,71,71,71,71,71,71,71,71,71,71,71,71,71,71,71,71,71,71,71,71,71,71,71,71,71,71,76,76,72,72,72,72,72],"card_choices":[{"not_picked":["Hologram","Beam Cell"],"picked":"Gash","floor":1.0},{"not_picked":["Darkness","Lockon"],"picked":"Ball Lightning","floor":2.0},{"not_picked":["Sweeping Beam","Reprogram"],"picked":"Ball Lightning","floor":4.0},{"not_picked":["Sweeping Beam","Streamline"],"picked":"Glacier+1","floor":11.0},{"not_picked":["Rebound","Sunder"],"picked":"Reinforced Body+1","floor":13.0},{"not_picked":["Sweeping Beam","Ball Lightning"],"picked":"Hologram+1","floor":14.0},{"not_picked":["Amplify+1","Rainbow+1"],"picked":"Buffer","floor":16.0},{"not_picked":["Rebound","Gash","Sweeping Beam"],"picked":"SKIP","floor":18.0},{"not_picked":["Compile Driver","Rebound"],"picked":"Stack+1","floor":20.0},{"not_picked":["Barrage","Gash","Turbo+1"],"picked":"SKIP","floor":21.0},{"not_picked":["Go for the Eyes+1","Conserve Battery+1"],"picked":"Echo Form","floor":24.0},{"not_picked":["Streamline","Hologram+1"],"picked":"Core Surge","floor":28.0},{"not_picked":["Compile Driver","FTL"],"picked":"Conserve Battery+1","floor":29.0},{"not_picked":["Doom and Gloom","Redo+1"],"picked":"White Noise+1","floor":31.0},{"not_picked":["Fission+1","Multi-Cast+1"],"picked":"Rainbow+1","floor":33.0},{"not_picked":["Auto Shields+1","Conserve Battery+1"],"picked":"Consume+1","floor":35.0},{"not_picked":["Sweeping Beam","Conserve Battery+1","Reprogram+1"],"picked":"SKIP","floor":37},{"not_picked":["Undo+1","Beam Cell+1"],"picked":"Genetic Algorithm+1","floor":38}],"player_experience":1350113,"relics_obtained":[{"floor":7.0,"key":"Toxic Egg 2"},{"floor":9.0,"key":"Regal Pillow"},{"floor":11.0,"key":"DataDisk"},{"floor":14.0,"key":"Centennial Puzzle"},{"floor":24.0,"key":"Dodecahedron"},{"floor":28.0,"key":"Bag of Preparation"}],"event_choices":[{"damage_healed":23.0,"max_hp_gain":0.0,"max_hp_loss":0.0,"gold_gain":0.0,"event_name":"Big Fish","player_choice":"Banana","floor":3.0,"gold_loss":0.0,"damage_taken":0.0},{"damage_healed":0.0,"max_hp_gain":0.0,"max_hp_loss":0.0,"gold_gain":0.0,"cards_transformed":["Strike_B"],"event_name":"Transmorgrifier","player_choice":"Transformed","floor":12.0,"gold_loss":0.0,"damage_taken":0.0,"cards_obtained":["Force Field"]},{"damage_healed":0.0,"max_hp_gain":0.0,"max_hp_loss":0.0,"gold_gain":0.0,"event_name":"Cursed Tome","player_choice":"Ignored","floor":25.0,"gold_loss":0.0,"damage_taken":0.0},{"damage_healed":0.0,"max_hp_gain":0.0,"max_hp_loss":0.0,"gold_gain":0.0,"event_name":"Colosseum","player_choice":"Fight","floor":30.0,"gold_loss":0.0,"damage_taken":0.0},{"damage_healed":0.0,"max_hp_gain":0.0,"max_hp_loss":0.0,"gold_gain":0.0,"event_name":"Colosseum","player_choice":"Fled From Nobs","floor":30.0,"gold_loss":0.0,"damage_taken":0.0},{"damage_healed":0.0,"max_hp_gain":0.0,"max_hp_loss":4.0,"gold_gain":0.0,"event_name":"Winding Halls","player_choice":"Max HP","floor":36.0,"gold_loss":0.0,"damage_taken":0.0},{"damage_healed":0,"gold_gain":0,"player_choice":"Ignored","damage_taken":0,"max_hp_gain":0,"max_hp_loss":0,"event_name":"Tomb of Lord Red Mask","floor":39,"gold_loss":0}],"is_beta":true,"boss_relics":[{"not_picked":["Empty Cage","Calling Bell"],"picked":"Velvet Choker"},{"not_picked":["Coffee Dripper","Philosopher\u0027s Stone"],"picked":"Tiny House"}],"items_purged_floors":[5,19],"is_endless":false,"potions_floor_spawned":[2,14,18,20,21,30,37],"killed_by":"Reptomancer","ascension_level":20}