{"gold_per_floor":[119,119,44,44,60,60,60,60,133,133,195,210,112,131,131,234,234,246,246,196,146,173,200,200,215,239,339,359,369,383,397,397,497,497,517,532,545,545],"floor_reached":38,"playtime":1903,"items_purged":["Writhe","Defend_G","Defend_G","Strike_G"],"score":386,"play_id":"67c9fbba-146b-44ce-80c7-3c7cc6efe9f8","local_time":"20190102032239","is_ascension_mode":false,"campfire_choices":[{"data":"Leg Sweep","floor":6,"key":"SMITH"},{"data":"Survivor","floor":8,"key":"SMITH"},{"data":"Acrobatics","floor":10,"key":"SMITH"},{"floor":15,"key":"REST"},{"data":"Deadly Poison","floor":24,"key":"SMITH"},{"data":"Escape Plan","floor":32,"key":"SMITH"}],"neow_cost":"CURSE","seed_source_timestamp":1066659267059898,"circlet_count":0,"master_deck":["Defend_G","Defend_G","Strike_G","Strike_G+1","Strike_G","Survivor+1","Neutralize+1","Acrobatics+1","Deflect","Dagger Throw+1","Leg Sweep+1","Dash+1","PiercingWail","Quick Slash+1","Footwork","Venomology","Deadly Poison+1","Crippling Poison","Poisoned Stab+1","Bane+1","Escape Plan+1","After Image","Well Laid Plans"],"relics":["Ring of the Serpent","Smiling Mask","Molten Egg 2","Bronze Scales","Dream Catcher","Lantern","Omamori","Pen Nib","Eternal Feather"],"potions_floor_usage":[11,16,18,23,28,28,28,28,28,33,33,33,35,35,36,37,37,38],"damage_taken":[{"damage":8,"enemies":"Jaw Worm","floor":1,"turns":4},{"damage":0,"enemies":"Cultist","floor":5,"turns":4},{"damage":10,"enemies":"3 Sentries","floor":11,"turns":9},{"damage":0,"enemies":"Small Slimes","floor":12,"turns":3},{"damage":0,"enemies":"Looter","floor":14,"turns":3},{"damage":3,"enemies":"Hexaghost","floor":16,"turns":10},{"damage":0,"enemies":"3 Byrds","floor":18,"turns":4},{"damage":25,"enemies":"Slavers","floor":23,"turns":7},{"damage":0,"enemies":"Shell Parasite","floor":25,"turns":5},{"damage":0,"enemies":"Snecko","floor":28,"turns":5},{"damage":0,"enemies":"Centurion and Healer","floor":29,"turns":6},{"damage":11,"enemies":"Chosen and Byrds","floor":30,"turns":5},{"damage":1,"enemies":"Shelled Parasite and Fungi","floor":31,"turns":6},{"damage":57,"enemies":"Automaton","floor":33,"turns":12},{"damage":1,"enemies":"3 Shapes","floor":35,"turns":7},{"damage":5,"enemies":"3 Darklings","floor":36,"turns":5},{"damage":34,"enemies":"Writhing Mass","floor":37,"turns":6},{"damage":33,"enemies":"Transient","floor":38,"turns":5}],"seed_played":"5484226045549664918","potions_obtained":[{"floor":5,"key":"AttackPotion"},{"floor":11,"key":"SkillPotion"},{"floor":12,"key":"FearPotion"},{"floor":18,"key":"Block Potion"},{"floor":30,"key":"SkillPotion"},{"floor":33,"key":"Energy Potion"},{"floor":35,"key":"Poison Potion"}],"is_trial":false,"path_per_floor":["M","?","$","?","M","R","T","R","T","R","?","M","$","M","R","B",null,"M","?","$","$","T","E","R","M","T","?","M","M","M","M","R","B",null,"M","M","M","M"],"character_chosen":"THE_SILENT","items_purchased":["Quick Slash+1"],"campfire_rested":1,"item_purchase_floors":[13],"current_hp_per_floor":[62,62,62,48,48,48,48,48,48,48,38,38,38,38,59,56,70,70,70,70,70,70,45,45,45,45,45,70,70,59,58,58,1,70,69,64,30,0],"gold":545,"neow_bonus":"TRANSFORM_TWO_CARDS","is_prod":false,"is_daily":false,"chose_seed":false,"campfire_upgraded":5,"win_rate":0,"timestamp":1546366959,"path_taken":["M","?","?","?","M","R","?","R","T","R","?","?","$","M","R","BOSS","M","?","?","$","?","E","R","M","T","?","?","M","M","M","R","BOSS","M","M","M","M"],"build_version":"2018-12-20","purchased_purges":4,"victory":false,"max_hp_per_floor":[70,70,70,70,70,70,70,70,70,70,70,70,70,70,70,70,70,70,70,70,70,70,70,70,70,70,70,70,70,70,70,70,70,70,70,70,70,70],"card_choices":[{"not_picked":["Slice","All Out Attack"],"picked":"Dagger Throw","floor":1},{"not_picked":["Bane","Dagger Throw"],"picked":"Leg Sweep","floor":5},{"not_picked":["Blade Dance","Slice+1"],"picked":"Dash+1","floor":11},{"not_picked":["Sucker Punch+1","Unload+1"],"picked":"PiercingWail","floor":12},{"not_picked":["Reflex","Dodge and Roll"],"picked":"Footwork","floor":14},{"not_picked":["Phantasmal Killer","Envenom"],"picked":"Venomology","floor":16},{"not_picked":["Cloak And Dagger+1","Poisoned Stab+1"],"picked":"Deadly Poison","floor":18},{"not_picked":["Endless Agony+1","Venomology"],"picked":"Crippling Poison","floor":23},{"not_picked":["Dodge and Roll+1","Reflex"],"picked":"Poisoned Stab+1","floor":25},{"not_picked":["Concentrate","Predator+1","Cloak And Dagger+1"],"picked":"SKIP","floor":28},{"not_picked":["Quick Slash+1","Dagger Spray+1"],"picked":"Bane+1","floor":29},{"not_picked":["Quick Slash+1","Dagger Spray+1","Eviscerate+1"],"picked":"SKIP","floor":30},{"not_picked":["Sucker Punch+1","Riddle With Holes+1"],"picked":"Escape Plan","floor":31},{"not_picked":["Die Die Die+1","Grand Finale+1"],"picked":"After Image","floor":33},{"not_picked":["Blade Dance","Quick Slash+1","Dagger Throw+1"],"picked":"SKIP","floor":35},{"not_picked":["Backflip+1","Reflex"],"picked":"Well Laid Plans","floor":36},{"not_picked":["Dagger Spray+1","Blade Dance+1","PiercingWail+1"],"picked":"SKIP","floor":37}],"player_experience":290686,"relics_obtained":[{"floor":7,"key":"Smiling Mask"},{"floor":9,"key":"Molten Egg 2"},{"floor":11,"key":"Bronze Scales"},{"floor":22,"key":"Lantern"},{"floor":23,"key":"Omamori"},{"floor":26,"key":"Pen Nib"}],"event_choices":[{"damage_healed":0,"gold_gain":0,"player_choice":"Upgraded","damage_taken":0,"max_hp_gain":0,"max_hp_loss":0,"event_name":"Upgrade Shrine","floor":2,"gold_loss":0,"cards_upgraded":["Neutralize"]},{"damage_healed":0,"gold_gain":0,"player_choice":"Entered Light","damage_taken":14,"max_hp_gain":0,"max_hp_loss":0,"event_name":"Shining Light","floor":4,"gold_loss":0,"cards_upgraded":["Dagger Throw","Strike_G"]},{"damage_healed":0,"gold_gain":30,"player_choice":"Searched \u00273\u0027 times","damage_taken":0,"max_hp_gain":0,"max_hp_loss":0,"event_name":"Dead Adventurer","floor":11,"gold_loss":0},{"damage_healed":0,"gold_gain":0,"player_choice":"Gave Potion","damage_taken":0,"relics_obtained":["Dream Catcher"],"max_hp_gain":0,"max_hp_loss":0,"event_name":"WeMeetAgain","floor":19,"gold_loss":0},{"damage_healed":0,"gold_gain":100,"player_choice":"Pray","damage_taken":0,"max_hp_gain":0,"max_hp_loss":0,"event_name":"Golden Shrine","floor":27,"gold_loss":0}],"is_beta":false,"boss_relics":[{"not_picked":["Snecko Eye","Tiny House"],"picked":"Ring of the Serpent"},{"not_picked":["Calling Bell","Philosopher\u0027s Stone"],"picked":"Eternal Feather"}],"items_purged_floors":[3,13,20,21],"is_endless":false,"potions_floor_spawned":[5,11,12,18,30,33,35],"killed_by":"Transient","ascension_level":0}