{"gold_per_floor":[112,112,128,147,163,163,173,203,203,231,244,279,7,18,18,93,93,104,104,117,48,48,48,58,89,89,89,106,56,56,66,66,145,145,165,182,182,193,193,193,71,71,96,96,106,119,119,131,131,131],"floor_reached":50,"playtime":5363,"items_purged":["Strike_G+1","Strike_G+1"],"score":876,"play_id":"5a4b4488-1914-4ea0-9fc7-3e2b376dddf2","local_time":"20190209181630","is_ascension_mode":true,"campfire_choices":[{"data":"Neutralize","floor":6,"key":"SMITH"},{"floor":15,"key":"REST"},{"data":"Footwork","floor":23,"key":"SMITH"},{"data":"Noxious Fumes","floor":27,"key":"SMITH"},{"data":"Malaise","floor":32,"key":"SMITH"},{"floor":40,"key":"REST"},{"data":"Footwork","floor":42,"key":"SMITH"},{"data":"Storm of Steel","floor":49,"key":"SMITH"}],"neow_cost":"NONE","seed_source_timestamp":18686893121231,"circlet_count":0,"master_deck":["AscendersBane","Defend_G+1","Defend_G+1","Defend_G+1","Defend_G+1","Defend_G+1","Strike_G+1","Survivor","Neutralize+1","Impatience","Endless Agony","Dagger Spray","Footwork+1","Heel Hook","Leg Sweep","Predator","Doppelganger","Backstab","Storm of Steel+1","Footwork+1","Cloak And Dagger","Malaise+1","Footwork+1","Noxious Fumes+1","Cloak And Dagger","Madness","Madness","Footwork","Well Laid Plans"],"relics":["Ring of the Serpent","Orichalcum","Tough Bandages","WingedGreaves","The Specimen","Bronze Scales","Busted Crown","GremlinMask","Bottled Tornado","Smiling Mask","Art of War","Bag of Marbles"],"potions_floor_usage":[5,8,12,25,33,33,45,46,50,50],"damage_taken":[{"damage":0,"enemies":"2 Louse","floor":1,"turns":3},{"damage":0,"enemies":"Cultist","floor":3,"turns":6},{"damage":0,"enemies":"Jaw Worm","floor":4,"turns":4},{"damage":0,"enemies":"Gremlin Gang","floor":5,"turns":3},{"damage":0,"enemies":"Red Slaver","floor":7,"turns":4},{"damage":16,"enemies":"Lagavulin","floor":8,"turns":11},{"damage":11,"enemies":"3 Sentries","floor":10,"turns":7},{"damage":0,"enemies":"Looter","floor":11,"turns":4},{"damage":29,"enemies":"Lagavulin","floor":12,"turns":12},{"damage":0,"enemies":"Exordium Wildlife","floor":14,"turns":2},{"damage":21,"enemies":"The Guardian","floor":16,"turns":15},{"damage":0,"enemies":"3 Byrds","floor":18,"turns":4},{"damage":2,"enemies":"Spheric Guardian","floor":20,"turns":5},{"damage":0,"enemies":"Snake Plant","floor":24,"turns":5},{"damage":16,"enemies":"Gremlin Leader","floor":25,"turns":10},{"damage":0,"enemies":"Snecko","floor":28,"turns":7},{"damage":0,"enemies":"Chosen and Byrds","floor":31,"turns":6},{"damage":20,"enemies":"Automaton","floor":33,"turns":13},{"damage":2,"enemies":"Orb Walker","floor":35,"turns":6},{"damage":8,"enemies":"3 Shapes","floor":36,"turns":7},{"damage":1,"enemies":"Maw","floor":38,"turns":10},{"damage":0,"enemies":"Transient","floor":45,"turns":5},{"damage":17,"enemies":"Jaw Worm Horde","floor":46,"turns":6},{"damage":0,"enemies":"Maw","floor":48,"turns":9},{"damage":37,"enemies":"Donu and Deca","floor":50,"turns":10}],"seed_played":"-1256822315661416028","potions_obtained":[{"floor":3,"key":"Energy Potion"},{"floor":4,"key":"Block Potion"},{"floor":7,"key":"Weak Potion"},{"floor":10,"key":"Swift Potion"},{"floor":16,"key":"Weak Potion"},{"floor":18,"key":"Ancient Potion"},{"floor":24,"key":"SteroidPotion"},{"floor":28,"key":"Poison Potion"},{"floor":33,"key":"LiquidBronze"},{"floor":38,"key":"SkillPotion"},{"floor":45,"key":"Block Potion"},{"floor":46,"key":"Ancient Potion"}],"is_trial":false,"path_per_floor":["M","?","M","M","M","R","M","E","T","E","M","E","$","M","R","B",null,"M","?","M","$","?","R","M","E","T","R","M","$","T","M","R","B",null,"M","M","?","M","?","R","$","R","T","?","M","M","?","M","R","B"],"character_chosen":"THE_SILENT","items_purchased":["Bronze Scales","Footwork","Cloak And Dagger","Noxious Fumes","Footwork"],"campfire_rested":2,"item_purchase_floors":[13,13,13,21,41],"current_hp_per_floor":[59,59,59,59,59,59,59,43,43,32,32,3,3,3,22,1,50,50,50,48,48,48,48,48,32,32,32,32,32,32,32,32,12,53,51,43,43,42,34,53,53,53,53,53,53,36,36,36,36,0],"gold":131,"neow_bonus":"RANDOM_COLORLESS","is_prod":false,"is_daily":false,"chose_seed":false,"campfire_upgraded":6,"win_rate":0,"timestamp":1549764990,"path_taken":["M","?","M","M","M","R","M","E","T","E","?","E","$","M","R","BOSS","M","?","?","?","?","R","?","E","T","R","M","$","?","M","R","BOSS","M","M","?","?","?","R","?","R","T","?","M","M","?","?","R","BOSS"],"build_version":"2019-01-23","purchased_purges":2,"victory":false,"max_hp_per_floor":[66,66,66,66,66,66,66,66,66,66,66,66,66,66,66,66,66,66,66,66,66,66,66,66,66,66,66,66,66,66,66,66,66,66,66,66,66,66,66,66,66,66,66,66,66,66,66,66,66,66],"card_choices":[{"not_picked":["Underhanded Strike","Dodge and Roll"],"picked":"Endless Agony","floor":1},{"not_picked":["Calculated Gamble","Underhanded Strike"],"picked":"Dagger Spray","floor":3},{"not_picked":["Quick Slash","Concentrate"],"picked":"Footwork","floor":4},{"not_picked":["Catalyst","Outmaneuver"],"picked":"Heel Hook","floor":5},{"not_picked":["Backflip","Dagger Spray"],"picked":"Leg Sweep","floor":7},{"not_picked":["Concentrate","Prepared"],"picked":"Predator","floor":8},{"not_picked":["Corpse Explosion","Dagger Spray"],"picked":"Doppelganger","floor":10},{"not_picked":["Bouncing Flask","Well Laid Plans"],"picked":"Backstab","floor":11},{"not_picked":["Underhanded Strike","Quick Slash"],"picked":"Storm of Steel","floor":12},{"not_picked":["Outmaneuver","Predator","Poisoned Stab"],"picked":"SKIP","floor":14},{"not_picked":["Die Die Die","Doppelganger"],"picked":"Malaise","floor":16},{"not_picked":["Deadly Poison"],"picked":"SKIP","floor":18},{"not_picked":[],"picked":"Footwork","floor":20},{"not_picked":["Setup"],"picked":"SKIP","floor":24},{"not_picked":["Dash"],"picked":"SKIP","floor":25},{"not_picked":[],"picked":"Cloak And Dagger","floor":28},{"not_picked":["Masterful Stab+1"],"picked":"SKIP","floor":31},{"not_picked":["Flying Knee"],"picked":"SKIP","floor":35},{"not_picked":["Outmaneuver"],"picked":"SKIP","floor":36},{"not_picked":["Cloak And Dagger"],"picked":"SKIP","floor":38},{"not_picked":["Backstab"],"picked":"SKIP","floor":45},{"not_picked":[],"picked":"Well Laid Plans","floor":46},{"not_picked":["Blade Dance+1"],"picked":"SKIP","floor":48}],"player_experience":441530,"relics_obtained":[{"floor":8,"key":"Orichalcum"},{"floor":9,"key":"Tough Bandages"},{"floor":10,"key":"WingedGreaves"},{"floor":12,"key":"The Specimen"},{"floor":25,"key":"Bottled Tornado"},{"floor":26,"key":"Smiling Mask"},{"floor":30,"key":"Art of War"},{"floor":43,"key":"Bag of Marbles"}],"event_choices":[{"cards_removed":["Strike_G"],"damage_healed":0,"gold_gain":0,"player_choice":"Purged","damage_taken":0,"max_hp_gain":0,"max_hp_loss":0,"event_name":"Purifier","floor":2,"gold_loss":0},{"damage_healed":0,"gold_gain":0,"player_choice":"Trade","damage_taken":0,"relics_obtained":["GremlinMask"],"max_hp_gain":0,"max_hp_loss":0,"event_name":"FaceTrader","floor":19,"gold_loss":0},{"damage_healed":0,"gold_gain":0,"player_choice":"Simplicity","damage_taken":0,"max_hp_gain":0,"max_hp_loss":0,"event_name":"Back to Basics","floor":22,"gold_loss":0,"cards_upgraded":["Defend_G","Defend_G","Defend_G","Defend_G","Defend_G","Strike_G","Strike_G","Strike_G","Strike_G"]},{"damage_healed":0,"gold_gain":0,"player_choice":"Ignored","damage_taken":0,"max_hp_gain":0,"max_hp_loss":0,"event_name":"SecretPortal","floor":37,"gold_loss":0},{"damage_healed":0,"gold_gain":0,"player_choice":"Embrace Madness","damage_taken":8,"max_hp_gain":0,"max_hp_loss":0,"event_name":"Winding Halls","floor":39,"gold_loss":0,"cards_obtained":["Madness","Madness"]},{"cards_removed":["Strike_G"],"damage_healed":0,"gold_gain":0,"player_choice":"Removed Attack","damage_taken":0,"max_hp_gain":0,"max_hp_loss":0,"event_name":"Falling","floor":44,"gold_loss":0},{"damage_healed":0,"gold_gain":0,"player_choice":"Forge","damage_taken":0,"max_hp_gain":0,"max_hp_loss":0,"event_name":"Accursed Blacksmith","floor":47,"gold_loss":0,"cards_upgraded":["Footwork"]}],"is_beta":false,"boss_relics":[{"not_picked":["Runic Pyramid","Tiny House"],"picked":"Busted Crown"},{"not_picked":["Lizard Tail","Runic Dome"],"picked":"Ring of the Serpent"}],"items_purged_floors":[29,41],"is_endless":false,"potions_floor_spawned":[3,4,7,10,16,18,24,28,31,33,38,45,46],"killed_by":"Donu and Deca","ascension_level":14}