{"gold_per_floor":[114,114,126,126,126,126,160,10,62,81,81,92,110,35,35,35],"floor_reached":16,"playtime":490,"items_purged":["Strike_B"],"score":100,"play_id":"0b3dc44f-5a09-42e8-9ac6-b070506dfb3e","local_time":"20190102091112","is_ascension_mode":false,"campfire_choices":[{"data":"Zap","floor":6,"key":"SMITH"},{"data":"Double Energy","floor":11,"key":"SMITH"},{"floor":15,"key":"REST"}],"neow_cost":"NONE","seed_source_timestamp":1088986673440855,"circlet_count":0,"master_deck":["Strike_B","Strike_B","Strike_B","Defend_B","Defend_B","Defend_B","Defend_B","Zap+1","Dualcast","Streamline","Double Energy+1","Reboot","Capacitor","Go for the Eyes","Sweeping Beam","Heatsinks"],"relics":["Cracked Core","Question Card","Letter Opener","Omamori","Centennial Puzzle"],"potions_floor_usage":[7,16],"damage_taken":[{"damage":0,"enemies":"Small Slimes","floor":1,"turns":3},{"damage":1,"enemies":"Jaw Worm","floor":3,"turns":3},{"damage":26,"enemies":"Lagavulin","floor":7,"turns":5},{"damage":5,"enemies":"2 Louse","floor":10,"turns":2},{"damage":7,"enemies":"Exordium Thugs","floor":12,"turns":4},{"damage":7,"enemies":"2 Fungi Beasts","floor":13,"turns":3},{"damage":57,"enemies":"Slime Boss","floor":16,"turns":9}],"seed_played":"-2672488085022450515","potions_obtained":[{"floor":3,"key":"Energy Potion"},{"floor":13,"key":"Poison Potion"}],"is_trial":false,"path_per_floor":["M","?","M","T","?","R","E","$","T","M","R","M","M","$","R","B"],"character_chosen":"DEFECT","items_purchased":["Omamori"],"campfire_rested":1,"item_purchase_floors":[8],"current_hp_per_floor":[75,75,74,74,74,74,48,48,48,43,43,36,29,29,51,0],"gold":35,"neow_bonus":"ONE_RANDOM_RARE_CARD","is_prod":false,"is_daily":false,"chose_seed":false,"campfire_upgraded":2,"win_rate":0,"timestamp":1546387872,"path_taken":["M","?","M","?","?","R","E","$","T","M","R","?","M","$","R","BOSS"],"build_version":"2018-12-20","purchased_purges":1,"victory":false,"max_hp_per_floor":[75,75,75,75,75,75,75,75,75,75,75,75,75,75,75,75],"card_choices":[{"not_picked":["Barrage","Rebound"],"picked":"Streamline","floor":1},{"not_picked":["Consume","Hologram"],"picked":"Reboot","floor":3},{"not_picked":["Heatsinks","Thunder Strike","Consume"],"picked":"Capacitor","floor":7},{"not_picked":["Loop","Beam Cell","BootSequence"],"picked":"Go for the Eyes","floor":10},{"not_picked":["Darkness","Rebound","Cold Snap"],"picked":"Sweeping Beam","floor":12},{"not_picked":["Ball Lightning","Undo","Coolheaded"],"picked":"Heatsinks","floor":13}],"player_experience":312710,"relics_obtained":[{"floor":4,"key":"Question Card"},{"floor":7,"key":"Letter Opener"},{"floor":9,"key":"Centennial Puzzle"}],"event_choices":[{"damage_healed":0,"gold_gain":0,"cards_transformed":["Fission"],"player_choice":"Change","damage_taken":0,"max_hp_gain":0,"max_hp_loss":0,"event_name":"Living Wall","floor":2,"gold_loss":0,"cards_obtained":["Double Energy"]},{"damage_healed":0,"gold_gain":0,"player_choice":"Bought 0 Potions","damage_taken":0,"max_hp_gain":0,"max_hp_loss":0,"event_name":"The Woman in Blue","floor":5,"gold_loss":0}],"is_beta":false,"boss_relics":[],"items_purged_floors":[14],"is_endless":false,"potions_floor_spawned":[3,13],"killed_by":"Slime Boss","ascension_level":0}