{"gold_per_floor":[364,364,374,324,339,339,373,373,373,188,220,65,99,99],"floor_reached":14,"playtime":1245,"items_purged":["Strike_R"],"score":148,"play_id":"9a8a8f92-ee7e-4378-84e1-93892f6d49f8","local_time":"20190316232140","is_ascension_mode":true,"campfire_choices":[{"data":"True Grit","floor":6,"key":"SMITH"},{"floor":8,"key":"REST"}],"neow_cost":"CURSE","seed_source_timestamp":242331824173933,"circlet_count":0,"master_deck":["Strike_R","Strike_R","Strike_R","Defend_R","Defend_R","Defend_R","Defend_R","Bash","True Grit+1","Uppercut","Inflame+1"],"relics":["Burning Blood","Frozen Egg 2","Letter Opener","Dream Catcher","Strawberry","Blue Candle"],"potions_floor_usage":[],"damage_taken":[{"damage":8,"enemies":"Small Slimes","floor":1,"turns":5},{"damage":1,"enemies":"Cultist","floor":3,"turns":3},{"damage":5,"enemies":"Jaw Worm","floor":5,"turns":5},{"damage":38,"enemies":"Gremlin Nob","floor":7,"turns":5},{"damage":37,"enemies":"Lagavulin","floor":11,"turns":7},{"damage":42,"enemies":"3 Sentries","floor":13,"turns":10}],"seed_played":"8714276568089469598","potions_obtained":[],"is_trial":false,"path_per_floor":["M","?","M","?","M","R","E","R","T","$","E","$","E","?"],"character_chosen":"IRONCLAD","items_purchased":["Uppercut","Inflame+1","Strawberry"],"campfire_rested":1,"item_purchase_floors":[10,10,12],"current_hp_per_floor":[70,70,75,75,76,76,44,68,68,68,37,44,8,0],"gold":99,"neow_bonus":"TWO_FIFTY_GOLD","is_prod":false,"is_daily":false,"chose_seed":false,"campfire_upgraded":1,"win_rate":0,"timestamp":1552803700,"path_taken":["M","?","?","?","M","R","E","R","T","$","E","$","E","?"],"build_version":"2019-01-23","purchased_purges":1,"victory":false,"max_hp_per_floor":[80,80,80,80,80,80,80,80,80,80,80,87,87,87],"card_choices":[{"not_picked":["Perfected Strike","Body Slam","Warcry"],"picked":"SKIP","floor":1},{"not_picked":["Wild Strike","Sentinel"],"picked":"True Grit","floor":3},{"not_picked":["Hemokinesis","Heavy Blade","Cleave"],"picked":"SKIP","floor":5},{"not_picked":["Sentinel","Thunderclap","Seeing Red"],"picked":"SKIP","floor":7},{"not_picked":["Infernal Blade","Body Slam","Sword Boomerang"],"picked":"SKIP","floor":11},{"not_picked":["Iron Wave","Second Wind","Clash"],"picked":"SKIP","floor":13}],"player_experience":361813,"relics_obtained":[{"floor":7,"key":"Frozen Egg 2"},{"floor":9,"key":"Letter Opener"},{"floor":11,"key":"Dream Catcher"},{"floor":13,"key":"Blue Candle"}],"event_choices":[{"cards_removed":["Pain"],"damage_healed":0,"gold_gain":0,"player_choice":"Purged","damage_taken":0,"max_hp_gain":0,"max_hp_loss":0,"event_name":"Purifier","floor":2,"gold_loss":0},{"cards_removed":["Strike_R"],"damage_healed":0,"gold_gain":0,"player_choice":"Card Removal","damage_taken":0,"max_hp_gain":0,"max_hp_loss":0,"event_name":"The Cleric","floor":4,"gold_loss":50}],"is_beta":false,"boss_relics":[],"items_purged_floors":[10],"is_endless":false,"potions_floor_spawned":[],"ascension_level":8}