{"path_per_floor":["M","?","?","M","$","R","E","R","T","?","E","R","E","M","R","B",null,"M","$","?","M","M","R"],"character_chosen":"THE_SILENT","items_purchased":["Membership Card","Noxious Fumes"],"gold_per_floor":[16,16,16,35,35,35,99,99,122,122,156,156,197,221,221,345,345,329,2,2,15,38,38],"floor_reached":24,"campfire_rested":1,"playtime":1922,"current_hp_per_floor":[83,83,62,58,58,58,37,37,37,37,28,28,25,19,44,37,84,59,59,59,45,37,37],"items_purged":["Strike_G"],"gold":38,"score":254,"play_id":"63974d1a-0c1b-4d1c-9df0-7ffade75ca84","is_prod":false,"is_daily":false,"is_ascension_mode":true,"campfire_upgraded":4,"path_taken":["M","?","?","M","$","R","E","R","T","?","E","R","E","M","R","BOSS","M","$","?","?","M","R","E"],"build_version":"2018-02-06-BETA1","purchased_purges":1,"victory":false,"master_deck":["Defend_G","Defend_G","Defend_G","Defend_G","Defend_G","Strike_G","Strike_G","Strike_G","Survivor","Neutralize+1","Outmaneuver+1","Predator+1","Noxious Fumes+1","Well Laid Plans+1","Backflip","Venomology","Noxious Fumes+1"],"max_hp_per_floor":[84,84,84,84,84,84,84,84,84,84,84,84,84,84,84,84,84,84,84,84,84,84,84],"relics":["Ring of the Snake","Golden Idol","Tiny Chest","Bag of Marbles","Prayer Wheel","Frozen Egg 2","Black Star","Membership Card"],"card_choices":[{"not_picked":["Blade Dance","Prepared"],"picked":"Outmaneuver"},{"not_picked":["Caltrops","Underhanded Strike"],"picked":"Predator"},{"not_picked":["Sucker Punch","Leg Sweep"],"picked":"Noxious Fumes"},{"not_picked":["Skewer","Masterful Stab"],"picked":"Well Laid Plans"},{"not_picked":["Choke","Masterful Stab"],"picked":"Backflip"},{"not_picked":["Storm of Steel","Die Die Die"],"picked":"Venomology"}],"player_experience":141632,"potions_floor_usage":[13,13,22,22,24,24,24],"damage_taken":[{"damage":1,"enemies":"Jaw Worm","floor":1,"turns":4},{"damage":4,"enemies":"Blue Slaver","floor":4,"turns":8},{"damage":21,"enemies":"Lagavulin","floor":7,"turns":9},{"damage":9,"enemies":"Gremlin Nob","floor":11,"turns":4},{"damage":3,"enemies":"3 Sentries","floor":13,"turns":5},{"damage":6,"enemies":"Small Slimes","floor":14,"turns":5},{"damage":7,"enemies":"The Guardian","floor":16,"turns":9},{"damage":25,"enemies":"2 Thieves","floor":18,"turns":4},{"damage":14,"enemies":"Shell Parasite","floor":21,"turns":6},{"damage":8,"enemies":"Snecko","floor":22,"turns":7},{"damage":46,"enemies":"Slavers","floor":24,"turns":3}],"event_choices":[{"event_name":"Bonfire Elementals","player_choice":"BASIC","floor":2,"damage_taken":0},{"event_name":"Golden Idol","player_choice":"Take Damage","floor":3,"damage_taken":0},{"event_name":"The Woman in Blue","player_choice":"Bought 0 Potions","floor":10,"damage_taken":0},{"event_name":"Beggar","player_choice":"Ignored","floor":20,"damage_taken":0}],"boss_relics":[{"not_picked":["Calling Bell","Eternal Feather"],"picked":"Black Star"}],"potions_floor_spawned":[1,7,13,22],"seed_played":"6397627251984090004","killed_by":"Slavers","ascension_level":4,"is_trial":false}