{"gold_per_floor":[110,124,136,150,165,192,192,117,143,157,232,266,289,108,108,108],"floor_reached":16,"playtime":2232,"items_purged":["Strike_G","Strike_G"],"score":112,"play_id":"3298ed65-bce1-4278-871a-1f9429f59953","local_time":"20190201231024","is_ascension_mode":false,"campfire_choices":[{"data":"Neutralize","floor":7,"key":"SMITH"},{"data":"Skewer","floor":15,"key":"SMITH"}],"neow_cost":"NONE","seed_source_timestamp":39344442875677,"circlet_count":0,"master_deck":["Defend_G","Defend_G","Defend_G","Defend_G","Defend_G","Strike_G","Strike_G","Survivor","Neutralize+1","Skewer+1","Escape Plan","Quick Slash","Sucker Punch","Cloak And Dagger","Footwork"],"relics":["Ring of the Snake","Torii","Blood Vial","Pen Nib","Omamori"],"potions_floor_usage":[6,6,12,16],"damage_taken":[{"damage":1,"enemies":"Cultist","floor":1,"turns":5},{"damage":0,"enemies":"Small Slimes","floor":2,"turns":5},{"damage":0,"enemies":"Jaw Worm","floor":3,"turns":4},{"damage":3,"enemies":"Large Slime","floor":4,"turns":9},{"damage":0,"enemies":"Blue Slaver","floor":5,"turns":5},{"damage":11,"enemies":"Lagavulin","floor":6,"turns":8},{"damage":1,"enemies":"2 Fungi Beasts","floor":10,"turns":4},{"damage":10,"enemies":"3 Sentries","floor":12,"turns":13},{"damage":40,"enemies":"Hexaghost","floor":16,"turns":14}],"seed_played":"-606522786734830944","potions_obtained":[{"floor":1,"key":"PowerPotion"},{"floor":3,"key":"GamblersBrew"},{"floor":5,"key":"SneckoOil"},{"floor":10,"key":"EssenceOfSteel"}],"is_trial":false,"path_per_floor":["M","M","?","T"],"character_chosen":"THE_SILENT","items_purchased":["Footwork"],"campfire_rested":0,"item_purchase_floors":[14],"current_hp_per_floor":[69,69,69,66,66,55,55,55,55,56,45,37,37,37,37,0],"gold":108,"neow_bonus":"REMOVE_CARD","is_prod":false,"is_daily":false,"chose_seed":false,"campfire_upgraded":2,"win_rate":1,"timestamp":1549080624,"path_taken":["M","?","M","M","M","E","R","$","T","?","?","E","?","$","R","BOSS"],"build_version":"2019-01-23","purchased_purges":2,"victory":false,"max_hp_per_floor":[70,70,70,70,70,70,70,70,70,70,70,70,70,70,70,70],"card_choices":[{"not_picked":["Quick Slash","Crippling Poison"],"picked":"Skewer","floor":1},{"not_picked":["Crippling Poison","Endless Agony","Slice"],"picked":"SKIP","floor":2},{"not_picked":["Blade Dance","All Out Attack"],"picked":"Escape Plan","floor":3},{"not_picked":["Poisoned Stab","Bane"],"picked":"Quick Slash","floor":4},{"not_picked":["Bane","Riddle With Holes","Reflex"],"picked":"SKIP","floor":5},{"not_picked":["Quick Slash","Endless Agony"],"picked":"Sucker Punch","floor":6},{"not_picked":["Endless Agony","Envenom"],"picked":"Cloak And Dagger","floor":10},{"not_picked":["Deflect","Wraith Form v2","Calculated Gamble"],"picked":"SKIP","floor":12}],"player_experience":71895,"relics_obtained":[{"floor":6,"key":"Torii"},{"floor":9,"key":"Blood Vial"},{"floor":12,"key":"Pen Nib"},{"floor":13,"key":"Omamori"}],"event_choices":[{"damage_healed":0,"gold_gain":75,"player_choice":"Gather Gold","damage_taken":11,"max_hp_gain":0,"max_hp_loss":0,"event_name":"World of Goop","floor":11,"gold_loss":0}],"is_beta":false,"boss_relics":[],"items_purged_floors":[8,14],"is_endless":false,"potions_floor_spawned":[1,3,5,10],"killed_by":"Hexaghost","ascension_level":0}