{"gold_per_floor":[218,54,4,4,19,19,34,34,34,46,46,57,74,149,149,149],"floor_reached":16,"playtime":400,"items_purged":[],"score":143,"play_id":"de326872-52ee-4c35-a214-dc549d96f214","local_time":"20190317214943","is_ascension_mode":true,"campfire_choices":[{"data":"Flex","floor":6,"key":"SMITH"},{"data":"Bash","floor":8,"key":"SMITH"},{"data":"True Grit","floor":15,"key":"SMITH"}],"neow_cost":"NONE","seed_source_timestamp":324928931319774,"circlet_count":0,"master_deck":["AscendersBane","Strike_R","Strike_R","Strike_R","Strike_R","Defend_R","Defend_R","Defend_R","Bash+1","Flex+1","Sadistic Nature","Shrug It Off","Thunderclap","Shrug It Off","True Grit+1"],"relics":["Burning Blood","Kunai","PreservedInsect"],"potions_floor_usage":[10,16],"damage_taken":[{"damage":8,"enemies":"Jaw Worm","floor":1,"turns":4},{"damage":0,"enemies":"Small Slimes","floor":5,"turns":3},{"damage":1,"enemies":"Cultist","floor":7,"turns":3},{"damage":8,"enemies":"2 Fungi Beasts","floor":10,"turns":4},{"damage":7,"enemies":"3 Louse","floor":12,"turns":3},{"damage":0,"enemies":"Exordium Wildlife","floor":13,"turns":2},{"damage":65,"enemies":"Hexaghost","floor":16,"turns":12}],"seed_played":"-861132317121024599","potions_obtained":[{"floor":7,"key":"SteroidPotion"},{"floor":10,"key":"Swift Potion"}],"is_trial":false,"path_per_floor":["M","$","?","?","M","R","M","R","T","M","?","M","M","?","R","B"],"character_chosen":"IRONCLAD","items_purchased":["Sadistic Nature"],"campfire_rested":0,"item_purchase_floors":[2],"current_hp_per_floor":[70,70,70,70,76,76,80,80,80,78,71,70,76,65,65,0],"gold":149,"neow_bonus":"HUNDRED_GOLD","is_prod":false,"is_daily":false,"chose_seed":false,"campfire_upgraded":3,"win_rate":0,"timestamp":1552826983,"path_taken":["M","$","?","?","?","R","M","R","T","M","?","M","M","?","R","BOSS"],"build_version":"2019-01-23","purchased_purges":0,"victory":false,"max_hp_per_floor":[80,80,80,80,80,80,80,80,80,80,80,80,80,80,80,80],"card_choices":[{"not_picked":["Sword Boomerang","Clash"],"picked":"Flex","floor":1},{"not_picked":["Burning Pact","Combust","Havoc"],"picked":"SKIP","floor":5},{"not_picked":["Cleave","True Grit"],"picked":"Shrug It Off","floor":7},{"not_picked":["Anger","Wild Strike"],"picked":"Thunderclap","floor":10},{"not_picked":["Twin Strike","Ghostly Armor"],"picked":"Shrug It Off","floor":12},{"not_picked":["Burning Pact","Clash"],"picked":"True Grit","floor":13}],"player_experience":543866,"relics_obtained":[{"floor":9,"key":"Kunai"}],"event_choices":[{"cards_removed":["Strike_R"],"damage_healed":0,"gold_gain":0,"player_choice":"Card Removal","damage_taken":0,"max_hp_gain":0,"max_hp_loss":0,"event_name":"The Cleric","floor":3,"gold_loss":50},{"cards_removed":["Defend_R"],"damage_healed":0,"gold_gain":0,"player_choice":"Card Removal","damage_taken":0,"max_hp_gain":0,"max_hp_loss":0,"event_name":"Wheel of Change","floor":4,"gold_loss":0},{"damage_healed":0,"gold_gain":0,"player_choice":"Success","damage_taken":7,"relics_obtained":["PreservedInsect"],"max_hp_gain":0,"max_hp_loss":0,"event_name":"Scrap Ooze","floor":11,"gold_loss":0},{"damage_healed":0,"gold_gain":75,"player_choice":"Gather Gold","damage_taken":11,"max_hp_gain":0,"max_hp_loss":0,"event_name":"World of Goop","floor":14,"gold_loss":0}],"is_beta":false,"boss_relics":[],"items_purged_floors":[],"is_endless":false,"potions_floor_spawned":[7,10],"killed_by":"Hexaghost","ascension_level":11}