{"gold_per_floor":[112,37,53,69,87,87,112,112,112,112,112,163,163,174,174,174],"floor_reached":16,"playtime":798,"items_purged":["Strike_R"],"score":200,"play_id":"77cde328-f7fd-4a89-9b1e-f6aab61299f0","local_time":"20190312192502","is_ascension_mode":true,"campfire_choices":[{"data":"Heavy Blade","floor":6,"key":"SMITH"},{"floor":10,"key":"REST"},{"data":"Flame Barrier","floor":13,"key":"SMITH"},{"floor":15,"key":"REST"}],"neow_cost":"NONE","seed_source_timestamp":500237130842771,"circlet_count":0,"master_deck":["AscendersBane","Strike_R","Strike_R","Strike_R","Strike_R","Defend_R","Defend_R","Defend_R","Defend_R","Bash","Shrug It Off","Spot Weakness","Heavy Blade+1","Shrug It Off","Carnage","Flame Barrier+1","Armaments"],"relics":["Burning Blood","Gremlin Horn","The Courier","Omamori"],"potions_floor_usage":[5,14],"damage_taken":[{"damage":6,"enemies":"Cultist","floor":1,"turns":3},{"damage":2,"enemies":"2 Louse","floor":3,"turns":4},{"damage":2,"enemies":"Jaw Worm","floor":4,"turns":4},{"damage":10,"enemies":"Lots of Slimes","floor":5,"turns":5},{"damage":52,"enemies":"3 Sentries","floor":7,"turns":12},{"damage":15,"enemies":"Large Slime","floor":14,"turns":6},{"damage":65,"enemies":"Hexaghost","floor":16,"turns":12}],"seed_played":"1170416868634796613","potions_obtained":[{"floor":1,"key":"PowerPotion"},{"floor":5,"key":"Ancient Potion"},{"floor":14,"key":"Explosive Potion"}],"is_trial":false,"path_per_floor":["M","$","M","M","M","R","E","?","T","R","?","T","R","M","R","B"],"character_chosen":"IRONCLAD","items_purchased":[],"campfire_rested":2,"item_purchase_floors":[],"current_hp_per_floor":[68,68,72,75,71,71,25,25,25,47,47,47,47,38,60,0],"gold":174,"neow_bonus":"THREE_CARDS","is_prod":false,"is_daily":false,"chose_seed":false,"campfire_upgraded":2,"win_rate":0,"timestamp":1552440302,"path_taken":["M","$","M","M","M","R","E","?","T","R","?","?","R","M","R","BOSS"],"build_version":"2019-01-23","purchased_purges":1,"victory":false,"max_hp_per_floor":[75,75,75,75,75,75,75,75,75,75,75,75,75,75,75,75],"card_choices":[{"not_picked":["Dual Wield","Burning Pact"],"picked":"Shrug It Off","floor":0},{"not_picked":["Disarm","Pommel Strike"],"picked":"Spot Weakness","floor":1},{"not_picked":["Perfected Strike","Second Wind"],"picked":"Heavy Blade","floor":3},{"not_picked":["Perfected Strike","Twin Strike"],"picked":"Shrug It Off","floor":4},{"not_picked":["Rage","Infernal Blade"],"picked":"Carnage","floor":5},{"not_picked":["Sever Soul","Warcry"],"picked":"Flame Barrier","floor":7},{"not_picked":["Dark Embrace","Wild Strike"],"picked":"Armaments","floor":14}],"player_experience":1402174,"relics_obtained":[{"floor":7,"key":"Gremlin Horn"},{"floor":9,"key":"The Courier"},{"floor":12,"key":"Omamori"}],"event_choices":[{"damage_healed":0,"gold_gain":0,"player_choice":"Ignored","damage_taken":0,"max_hp_gain":0,"max_hp_loss":0,"event_name":"Liars Game","floor":8,"gold_loss":0},{"damage_healed":0,"gold_gain":0,"player_choice":"Ignored","damage_taken":0,"max_hp_gain":0,"max_hp_loss":0,"event_name":"Shining Light","floor":11,"gold_loss":0}],"is_beta":false,"boss_relics":[],"items_purged_floors":[2],"is_endless":false,"potions_floor_spawned":[1,5,14],"killed_by":"Hexaghost","ascension_level":20}