{"gold_per_floor":[18,32,46,60,110,110,35,35,35,64,64,89,107,67,67,138,138,154,189,207,122,15,15,47,47,74,74,74],"floor_reached":28,"playtime":1553,"items_purged":["Strike_G","Defend_G"],"score":451,"play_id":"d9a65cc6-d994-48e5-8b66-cd474efcb9e4","local_time":"20190212211936","is_ascension_mode":true,"campfire_choices":[{"data":"Neutralize","floor":6,"key":"SMITH"},{"data":"Footwork","floor":8,"key":"SMITH"},{"data":"Cloak And Dagger","floor":11,"key":"SMITH"},{"data":"Caltrops","floor":15,"key":"SMITH"},{"floor":23,"key":"REST"}],"neow_cost":"NO_GOLD","seed_source_timestamp":6111145591147,"circlet_count":0,"master_deck":["AscendersBane","Defend_G+1","Defend_G+1","Survivor","Neutralize+1","Underhanded Strike","Footwork+1","Cloak And Dagger+1","Noxious Fumes","Unload","Burst","Dodge and Roll","Caltrops+1","Glass Knife","Flying Knee+1","Predator+1","Sucker Punch+1","Distraction"],"relics":["Ring of the Snake","Darkstone Periapt","Tough Bandages","War Paint","Astrolabe","Red Mask","Smiling Mask","Turnip","Pen Nib"],"potions_floor_usage":[10,12,19,19],"damage_taken":[{"damage":2,"enemies":"Small Slimes","floor":1,"turns":6},{"damage":1,"enemies":"Cultist","floor":2,"turns":3},{"damage":0,"enemies":"Jaw Worm","floor":3,"turns":6},{"damage":7,"enemies":"Large Slime","floor":4,"turns":11},{"damage":15,"enemies":"3 Sentries","floor":10,"turns":8},{"damage":8,"enemies":"Gremlin Nob","floor":12,"turns":4},{"damage":0,"enemies":"Exordium Wildlife","floor":13,"turns":6},{"damage":0,"enemies":"Looter","floor":14,"turns":4},{"damage":22,"enemies":"Hexaghost","floor":16,"turns":10},{"damage":0,"enemies":"Shell Parasite","floor":18,"turns":6},{"damage":32,"enemies":"Masked Bandits","floor":19,"turns":6},{"damage":14,"enemies":"Chosen","floor":20,"turns":6},{"damage":10,"enemies":"Gremlin Leader","floor":24,"turns":9},{"damage":0,"enemies":"Shelled Parasite and Fungi","floor":28,"turns":2}],"seed_played":"-6868904429680106495","potions_obtained":[{"floor":4,"key":"Explosive Potion"},{"floor":10,"key":"Swift Potion"},{"floor":16,"key":"Dexterity Potion"},{"floor":18,"key":"PowerPotion"},{"floor":24,"key":"SpeedPotion"}],"is_trial":false,"path_per_floor":["M","M","M","M","?","R","$","R","T","E","R","E","M","M","R","B",null,"M","?","M","?","$","R","E","$","T","?","M"],"character_chosen":"THE_SILENT","items_purchased":["SpeedPotion"],"campfire_rested":1,"item_purchase_floors":[22],"current_hp_per_floor":[57,56,56,49,49,49,49,49,49,34,34,26,26,26,26,4,51,51,19,5,5,5,24,14,14,14,14,14],"gold":74,"neow_bonus":"REMOVE_TWO","is_prod":false,"is_daily":false,"chose_seed":false,"campfire_upgraded":4,"win_rate":0,"timestamp":1550035176,"path_taken":["M","M","M","M","?","R","?","R","T","E","R","E","M","M","R","BOSS","M","?","M","?","?","R","E","$","T","?","?"],"build_version":"2019-01-23","purchased_purges":2,"victory":false,"max_hp_per_floor":[66,66,66,66,66,66,66,66,66,66,66,66,66,66,66,66,66,66,66,66,66,66,66,66,66,66,66,66],"card_choices":[{"not_picked":["Dodge and Roll","Calculated Gamble"],"picked":"Underhanded Strike","floor":1},{"not_picked":["Poisoned Stab","Blade Dance"],"picked":"Footwork","floor":2},{"not_picked":["Dagger Spray","Noxious Fumes"],"picked":"Cloak And Dagger","floor":3},{"not_picked":["Acrobatics","Deflect"],"picked":"Noxious Fumes","floor":4},{"not_picked":["Slice","Phantasmal Killer"],"picked":"Unload","floor":10},{"not_picked":["Endless Agony","Prepared"],"picked":"Burst","floor":12},{"not_picked":["Skewer","Expertise"],"picked":"Dodge and Roll","floor":13},{"not_picked":["Catalyst","Poisoned Stab"],"picked":"Caltrops","floor":14},{"not_picked":["Bullet Time","Wraith Form v2"],"picked":"Glass Knife","floor":16},{"not_picked":["Sucker Punch","Dagger Spray","Setup"],"picked":"SKIP","floor":18},{"not_picked":["Bane","Deadly Poison"],"picked":"Distraction","floor":19},{"not_picked":["Riddle With Holes","Calculated Gamble","Backflip"],"picked":"SKIP","floor":20},{"not_picked":["Deflect","Infinite Blades","Noxious Fumes"],"picked":"SKIP","floor":24}],"player_experience":512282,"relics_obtained":[{"floor":9,"key":"Darkstone Periapt"},{"floor":10,"key":"Tough Bandages"},{"floor":12,"key":"War Paint"},{"floor":19,"key":"Red Mask"},{"floor":24,"key":"Turnip"},{"floor":26,"key":"Pen Nib"}],"event_choices":[{"damage_healed":0,"gold_gain":50,"player_choice":"Pray","damage_taken":0,"max_hp_gain":0,"max_hp_loss":0,"event_name":"Golden Shrine","floor":5,"gold_loss":0},{"damage_healed":0,"gold_gain":0,"player_choice":"Fought Bandits","damage_taken":0,"max_hp_gain":0,"max_hp_loss":0,"event_name":"Masked Bandits","floor":19,"gold_loss":0},{"damage_healed":0,"gold_gain":0,"player_choice":"Obtained Relic","damage_taken":0,"relics_obtained":["Smiling Mask"],"max_hp_gain":0,"max_hp_loss":0,"event_name":"Addict","floor":21,"gold_loss":85},{"cards_removed":["Defend_G"],"damage_healed":0,"gold_gain":0,"player_choice":"Elegance","damage_taken":0,"max_hp_gain":0,"max_hp_loss":0,"event_name":"Back to Basics","floor":27,"gold_loss":0}],"is_beta":false,"boss_relics":[{"not_picked":["Velvet Choker","White Beast Statue"],"picked":"Astrolabe"}],"items_purged_floors":[7,22],"is_endless":false,"potions_floor_spawned":[4,10,16,18,24],"killed_by":"Shelled Parasite and Fungi","ascension_level":17}