{"gold_per_floor":[115,115,134,134,284,310,310,64,64,64,90,101,47,76,76,76],"floor_reached":16,"playtime":801,"items_purged":["Doubt"],"score":212,"play_id":"76a00377-47d4-4c1a-b563-213164ba10ec","local_time":"20181109143855","is_ascension_mode":true,"campfire_choices":[{"data":"Bludgeon","floor":7,"key":"SMITH"},{"floor":10,"key":"REST"},{"data":"Berserk","floor":15,"key":"SMITH"}],"neow_cost":"NONE","seed_source_timestamp":263645126520108,"circlet_count":0,"master_deck":["AscendersBane","Strike_R","Strike_R","Strike_R","Strike_R","Defend_R","Defend_R","Defend_R","Defend_R","Bash","Bludgeon+1","Twin Strike","Seeing Red","Shrug It Off","True Grit","Shrug It Off","Berserk+1"],"relics":["Burning Blood","Red Skull","Happy Flower","Incense Burner","Odd Mushroom","Unceasing Top"],"potions_floor_usage":[],"damage_taken":[{"damage":5,"enemies":"Small Slimes","floor":1,"turns":2},{"damage":9,"enemies":"2 Louse","floor":3,"turns":4},{"damage":53,"enemies":"Lagavulin","floor":6,"turns":9},{"damage":23,"enemies":"The Mushroom Lair","floor":11,"turns":4},{"damage":0,"enemies":"Cultist","floor":12,"turns":2},{"damage":11,"enemies":"3 Sentries","floor":14,"turns":7},{"damage":27,"enemies":"Hexaghost","floor":16,"turns":7}],"seed_played":"3692815314447239398","potions_obtained":[{"floor":3,"key":"SpeedPotion"},{"floor":12,"key":"Fire Potion"}],"is_trial":false,"path_per_floor":["M","?","M","?","?","E","R","$","T","R","?","M","$","E","R","B"],"character_chosen":"IRONCLAD","items_purchased":["Happy Flower","Shrug It Off"],"campfire_rested":1,"item_purchase_floors":[8,13],"current_hp_per_floor":[69,62,59,64,64,17,17,17,17,41,24,30,30,25,25,0],"gold":76,"neow_bonus":"ONE_RANDOM_RARE_CARD","is_prod":false,"is_daily":false,"chose_seed":false,"campfire_upgraded":2,"win_rate":0,"timestamp":1541767135,"path_taken":["M","?","M","?","?","E","R","$","T","R","?","M","$","E","R","BOSS"],"build_version":"2018-11-08","purchased_purges":1,"victory":false,"max_hp_per_floor":[75,75,75,80,80,80,80,80,80,80,80,80,80,80,80,80],"card_choices":[{"not_picked":["Fire Breathing","Heavy Blade"],"picked":"Twin Strike","floor":1},{"not_picked":["Flex","Iron Wave"],"picked":"Seeing Red","floor":3},{"not_picked":["Sever Soul","Bloodletting"],"picked":"Shrug It Off","floor":6},{"not_picked":["Iron Wave","Heavy Blade"],"picked":"True Grit","floor":11},{"not_picked":["Cleave","Heavy Blade","Flex"],"picked":"SKIP","floor":12},{"not_picked":["Dual Wield","Body Slam"],"picked":"Berserk","floor":14}],"player_experience":638328,"relics_obtained":[{"floor":6,"key":"Red Skull"},{"floor":9,"key":"Incense Burner"},{"floor":11,"key":"Odd Mushroom"},{"floor":14,"key":"Unceasing Top"}],"event_choices":[{"cards_removed":["Strike_R"],"damage_healed":0,"gold_gain":0,"player_choice":"Card Removal","damage_taken":7,"max_hp_gain":0,"max_hp_loss":0,"event_name":"Golden Wing","floor":2,"gold_loss":0},{"damage_healed":0,"gold_gain":0,"player_choice":"Donut","damage_taken":0,"max_hp_gain":5,"max_hp_loss":0,"event_name":"Big Fish","floor":4,"gold_loss":0},{"damage_healed":0,"gold_gain":150,"player_choice":"AGREE","damage_taken":0,"max_hp_gain":0,"max_hp_loss":0,"event_name":"Liars Game","floor":5,"gold_loss":0,"cards_obtained":["Doubt"]},{"damage_healed":0,"gold_gain":0,"player_choice":"Fought Mushrooms","damage_taken":0,"max_hp_gain":0,"max_hp_loss":0,"event_name":"Mushrooms","floor":11,"gold_loss":0}],"is_beta":true,"boss_relics":[],"items_purged_floors":[8],"is_endless":false,"potions_floor_spawned":[3,12],"killed_by":"Hexaghost","ascension_level":20}