{"gold_per_floor":[110,130,147,164,183,183,183,217,217,2,2,22,56,76,76,152,152,163,192,205,13,13],"floor_reached":22,"playtime":1964,"items_purged":["Strike_G"],"score":368,"play_id":"6ab2cbd9-a6c3-4f12-b2ad-811977dbf2b0","local_time":"20190208164510","is_ascension_mode":true,"campfire_choices":[{"data":"A Thousand Cuts","floor":6,"key":"SMITH"},{"floor":11,"key":"DIG"},{"floor":15,"key":"REST"}],"neow_cost":"NONE","seed_source_timestamp":21127450891792,"circlet_count":0,"master_deck":["AscendersBane","Defend_G","Defend_G","Defend_G","Defend_G","Strike_G","Strike_G","Survivor","Neutralize+1","A Thousand Cuts+1","Endless Agony","Dagger Spray","Infinite Blades","Prepared","Footwork","Apotheosis","Deflect","Malaise","Unload+1","Adrenaline+1","Flechettes+1","Dodge and Roll","Slice","After Image"],"relics":["Ring of the Snake","Shovel","Ginger","Unceasing Top","Pocketwatch","Astrolabe","Red Mask"],"potions_floor_usage":[4,12,14,14,19,22],"damage_taken":[{"damage":4,"enemies":"Jaw Worm","floor":1,"turns":4},{"damage":3,"enemies":"2 Louse","floor":2,"turns":3},{"damage":0,"enemies":"Cultist","floor":3,"turns":4},{"damage":9,"enemies":"Exordium Thugs","floor":4,"turns":3},{"damage":0,"enemies":"Lots of Slimes","floor":5,"turns":2},{"damage":20,"enemies":"Gremlin Nob","floor":8,"turns":4},{"damage":14,"enemies":"Large Slime","floor":12,"turns":5},{"damage":0,"enemies":"Lagavulin","floor":13,"turns":6},{"damage":0,"enemies":"Gremlin Gang","floor":14,"turns":2},{"damage":28,"enemies":"Slime Boss","floor":16,"turns":8},{"damage":14,"enemies":"Spheric Guardian","floor":18,"turns":4},{"damage":36,"enemies":"Masked Bandits","floor":19,"turns":7},{"damage":0,"enemies":"3 Byrds","floor":20,"turns":3},{"damage":4,"enemies":"Snake Plant","floor":22,"turns":2}],"seed_played":"-3415787012725686700","potions_obtained":[{"floor":1,"key":"Energy Potion"},{"floor":8,"key":"SteroidPotion"},{"floor":13,"key":"Strength Potion"},{"floor":18,"key":"Energy Potion"}],"is_trial":false,"path_per_floor":["M","M","M","M","M","R","?","E","T","$","R","M","E","M","R","B",null,"M","?","M","$","M"],"character_chosen":"THE_SILENT","items_purchased":["Apotheosis","Fire Potion","After Image","AttackPotion"],"campfire_rested":1,"item_purchase_floors":[10,10,21,21],"current_hp_per_floor":[59,56,56,47,47,47,47,27,27,27,27,13,13,13,34,6,54,40,4,4,4,0],"gold":13,"neow_bonus":"ONE_RANDOM_RARE_CARD","is_prod":false,"is_daily":false,"chose_seed":false,"campfire_upgraded":1,"win_rate":0,"timestamp":1549673110,"path_taken":["M","M","M","M","M","R","?","E","T","$","R","M","E","M","R","BOSS","M","?","M","$","M"],"build_version":"2019-01-23","purchased_purges":1,"victory":false,"max_hp_per_floor":[70,70,70,70,70,70,70,70,70,70,70,70,70,70,70,70,70,70,70,70,70,70],"card_choices":[{"not_picked":["Eviscerate","Underhanded Strike"],"picked":"Endless Agony","floor":1},{"not_picked":["Deadly Poison","Tactician","Deflect"],"picked":"SKIP","floor":2},{"not_picked":["Deadly Poison","Deflect"],"picked":"Dagger Spray","floor":3},{"not_picked":["Dagger Spray","Prepared"],"picked":"Infinite Blades","floor":4},{"not_picked":["Setup","Deflect"],"picked":"Prepared","floor":5},{"not_picked":["Unload","Poisoned Stab"],"picked":"Footwork","floor":8},{"not_picked":["Terror","Flying Knee"],"picked":"Deflect","floor":12},{"not_picked":["Quick Slash","Dagger Throw","Sucker Punch"],"picked":"SKIP","floor":13},{"not_picked":["Dodge and Roll","Sucker Punch","Backflip"],"picked":"SKIP","floor":14},{"not_picked":["After Image","Corpse Explosion"],"picked":"Malaise","floor":16},{"not_picked":["Quick Slash","Setup"],"picked":"Dodge and Roll","floor":18},{"not_picked":["Dagger Spray","Outmaneuver"],"picked":"Slice","floor":20}],"player_experience":420205,"relics_obtained":[{"floor":8,"key":"Shovel"},{"floor":9,"key":"Ginger"},{"floor":11,"key":"Unceasing Top"},{"floor":13,"key":"Pocketwatch"},{"floor":19,"key":"Red Mask"}],"event_choices":[{"damage_healed":0,"gold_gain":0,"player_choice":"Grow","damage_taken":0,"max_hp_gain":0,"max_hp_loss":0,"event_name":"Living Wall","floor":7,"gold_loss":0,"cards_upgraded":["Neutralize"]},{"damage_healed":0,"gold_gain":0,"player_choice":"Fought Bandits","damage_taken":0,"max_hp_gain":0,"max_hp_loss":0,"event_name":"Masked Bandits","floor":19,"gold_loss":0}],"is_beta":false,"boss_relics":[{"not_picked":["Snecko Eye","Ring of the Serpent"],"picked":"Astrolabe"}],"items_purged_floors":[21],"is_endless":false,"potions_floor_spawned":[1,8,13,18],"killed_by":"Snake Plant","ascension_level":13}