{"gold_per_floor":[110,110,120,144,161,488,503,535,560,572,599,501,520,535,535,535],"floor_reached":16,"playtime":1351,"items_purged":["Strike_G"],"score":125,"play_id":"756f3aa2-eab7-4635-b3bb-934fb87253d8","local_time":"20190312171031","is_ascension_mode":true,"campfire_choices":[{"floor":15,"key":"REST"}],"neow_cost":"NONE","seed_source_timestamp":0,"circlet_count":0,"master_deck":["Defend_G","Defend_G","Defend_G","Strike_G","Strike_G","Strike_G","Strike_G","Survivor","Neutralize","Backflip","Flechettes","Escape Plan","Backflip","Crippling Poison","Dodge and Roll","Infinite Blades","Well Laid Plans"],"special_seed":0,"relics":["Ring of the Snake","NeowsBlessing","Old Coin","Snake Skull","MawBank"],"potions_floor_usage":[13],"damage_taken":[{"damage":0.0,"enemies":"Jaw Worm","floor":1.0,"turns":1.0},{"damage":0.0,"enemies":"Cultist","floor":3.0,"turns":1.0},{"damage":0.0,"enemies":"Small Slimes","floor":5.0,"turns":1.0},{"damage":21.0,"enemies":"3 Sentries","floor":6.0,"turns":13.0},{"damage":1.0,"enemies":"Exordium Wildlife","floor":7.0,"turns":4.0},{"damage":14.0,"enemies":"Gremlin Nob","floor":8.0,"turns":4.0},{"damage":1.0,"enemies":"Blue Slaver","floor":11.0,"turns":4.0},{"damage":4,"enemies":"3 Louse","floor":13,"turns":2},{"damage":0,"enemies":"Red Slaver","floor":14,"turns":6},{"damage":45,"enemies":"Hexaghost","floor":16,"turns":14}],"seed_played":"-7000175640963521262","potions_obtained":[{"floor":3.0,"key":"Poison Potion"},{"floor":5.0,"key":"Strength Potion"},{"floor":6.0,"key":"Fire Potion"},{"floor":11.0,"key":"Poison Potion"}],"is_trial":false,"path_per_floor":["M","?","M","T","M","E","M","E","T","?","M","$","M","M","R","B"],"character_chosen":"THE_SILENT","items_purchased":["Infinite Blades"],"campfire_rested":1,"item_purchase_floors":[12],"current_hp_per_floor":[70,70,70,70,70,49,48,34,34,27,26,26,22,22,43,0],"gold":535,"neow_bonus":"THREE_ENEMY_KILL","is_prod":false,"is_daily":false,"chose_seed":false,"campfire_upgraded":0,"win_rate":0,"timestamp":1552425031,"path_taken":["M","?","M","?","?","E","M","E","T","?","M","?","?","?","R","BOSS"],"build_version":"2019-01-23","purchased_purges":1,"victory":false,"max_hp_per_floor":[70,70,70,70,70,70,70,70,70,70,70,70,70,70,70,70],"card_choices":[{"not_picked":["Slice","PiercingWail"],"picked":"Backflip","floor":1.0},{"not_picked":["Masterful Stab","Deadly Poison"],"picked":"Flechettes","floor":3.0},{"not_picked":["Masterful Stab","Dagger Throw"],"picked":"Escape Plan","floor":5.0},{"not_picked":["Outmaneuver","Blade Dance"],"picked":"Backflip","floor":6.0},{"not_picked":["Poisoned Stab","Flechettes"],"picked":"Crippling Poison","floor":7.0},{"not_picked":["Dagger Spray","Poisoned Stab"],"picked":"Dodge and Roll","floor":8.0},{"not_picked":["Underhanded Strike","Deflect","All Out Attack"],"picked":"SKIP","floor":11.0},{"not_picked":["Distraction","Blade Dance","Bane"],"picked":"SKIP","floor":13},{"not_picked":["Dagger Throw","Venomology"],"picked":"Well Laid Plans","floor":14}],"player_experience":291923,"relics_obtained":[{"floor":6.0,"key":"Old Coin"},{"floor":8.0,"key":"Snake Skull"},{"floor":9.0,"key":"MawBank"}],"event_choices":[{"cards_removed":["Defend_G"],"damage_healed":0.0,"max_hp_gain":0.0,"max_hp_loss":0.0,"gold_gain":0.0,"event_name":"Living Wall","player_choice":"Forget","floor":2.0,"gold_loss":0.0,"damage_taken":0.0},{"cards_removed":["Defend_G"],"damage_healed":0.0,"max_hp_gain":0.0,"max_hp_loss":0.0,"gold_gain":0.0,"event_name":"Golden Wing","player_choice":"Card Removal","floor":10.0,"gold_loss":0.0,"damage_taken":7.0}],"is_beta":false,"boss_relics":[],"items_purged_floors":[12],"is_endless":false,"potions_floor_spawned":[3,5,6,11],"killed_by":"Hexaghost","ascension_level":2}