{"gold_per_floor":[114,114,114,127,127,127,162,175,175,189,38,69,81,81,81,182,182,200,200,219,318,100,100,134,134],"floor_reached":25,"playtime":1278,"items_purged":["Strike_R"],"score":267,"play_id":"3675c7b7-bb96-4b8c-8f12-1b647fc73f71","local_time":"20190314171943","is_ascension_mode":true,"campfire_choices":[{"floor":6,"key":"RECALL"},{"data":"Pommel Strike","floor":15,"key":"SMITH"},{"data":"Demon Form","floor":23,"key":"SMITH"}],"neow_cost":"NONE","seed_source_timestamp":78784959268292,"circlet_count":0,"master_deck":["Defend_R","Defend_R","Defend_R","Defend_R","Bash","Warcry","Pummel","Reaper","Pommel Strike+1","Disarm","Shockwave","Inflame+1","Reaper","Demon Form+1","Fire Breathing+1","Cleave+1","Burning Pact+1","Whirlwind+1","Shrug It Off"],"relics":["Burning Blood","NeowsBlessing","Matryoshka","Bag of Preparation","Meat on the Bone","FossilizedHelix","Astrolabe","Pantograph","PreservedInsect","Letter Opener"],"potions_floor_usage":[5,10,16,20,24,25,25],"damage_taken":[{"damage":0,"enemies":"2 Louse","floor":1,"turns":1},{"damage":0,"enemies":"Cultist","floor":4,"turns":1},{"damage":0,"enemies":"Gremlin Nob","floor":7,"turns":1},{"damage":0,"enemies":"Small Slimes","floor":8,"turns":3},{"damage":7,"enemies":"Blue Slaver","floor":10,"turns":2},{"damage":39,"enemies":"3 Sentries","floor":12,"turns":8},{"damage":0,"enemies":"Large Slime","floor":13,"turns":3},{"damage":50,"enemies":"The Guardian","floor":16,"turns":9},{"damage":16,"enemies":"Shell Parasite","floor":18,"turns":4},{"damage":10,"enemies":"Spheric Guardian","floor":20,"turns":5},{"damage":54,"enemies":"Book of Stabbing","floor":24,"turns":6},{"damage":37,"enemies":"Shelled Parasite and Fungi","floor":25,"turns":3}],"seed_played":"-3091401037125097650","potions_obtained":[{"floor":4,"key":"Explosive Potion"},{"floor":5,"key":"Fruit Juice"},{"floor":5,"key":"Fire Potion"},{"floor":5,"key":"FairyPotion"},{"floor":12,"key":"LiquidBronze"},{"floor":16,"key":"Fire Potion"},{"floor":18,"key":"Block Potion"},{"floor":24,"key":"SneckoOil"}],"is_trial":false,"path_per_floor":["M","?","?","M","?","R","E","M","T","M","$","E","M","?","R","B",null,"M","?","M","?","$","R","E","M"],"character_chosen":"IRONCLAD","items_purchased":["Shockwave","Inflame","PreservedInsect"],"campfire_rested":0,"item_purchase_floors":[11,11,22],"current_hp_per_floor":[80,80,77,80,85,85,85,85,85,84,84,69,75,75,75,53,85,75,75,71,71,71,71,35,0],"gold":134,"neow_bonus":"THREE_ENEMY_KILL","is_prod":false,"is_daily":false,"chose_seed":false,"campfire_upgraded":2,"win_rate":0,"timestamp":1552598383,"path_taken":["M","?","?","M","?","R","E","M","T","M","$","E","?","?","R","BOSS","M","?","M","?","$","R","E","M"],"build_version":"2019-01-23","purchased_purges":1,"victory":false,"max_hp_per_floor":[80,80,80,80,85,85,85,85,85,85,85,85,85,85,85,85,85,85,85,85,85,85,85,85,85],"card_choices":[{"not_picked":["Perfected Strike","Cleave"],"picked":"Warcry","floor":1},{"not_picked":["Wild Strike","Pommel Strike"],"picked":"Pummel","floor":4},{"not_picked":["Reckless Charge","Pommel Strike"],"picked":"Reaper","floor":7},{"not_picked":["Dropkick","Entrench"],"picked":"Pommel Strike","floor":8},{"not_picked":["Cleave","Iron Wave"],"picked":"Disarm","floor":10},{"not_picked":["Dual Wield","Seeing Red"],"picked":"Reaper","floor":12},{"not_picked":["Wild Strike","Corruption","Sentinel"],"picked":"SKIP","floor":13},{"not_picked":["Fiend Fire","Offering"],"picked":"Demon Form","floor":16},{"not_picked":["Clothesline","Carnage"],"picked":"Whirlwind+1","floor":18},{"not_picked":["Thunderclap","Entrench"],"picked":"Shrug It Off","floor":20},{"not_picked":["Havoc","Iron Wave","Reaper"],"picked":"SKIP","floor":24}],"player_experience":300520,"relics_obtained":[{"floor":7,"key":"Bag of Preparation"},{"floor":9,"key":"Meat on the Bone"},{"floor":12,"key":"FossilizedHelix"},{"floor":24,"key":"Letter Opener"}],"event_choices":[{"cards_removed":["Strike_R"],"damage_healed":0,"gold_gain":0,"player_choice":"Forget","damage_taken":0,"max_hp_gain":0,"max_hp_loss":0,"event_name":"Living Wall","floor":2,"gold_loss":0},{"damage_healed":0,"gold_gain":0,"player_choice":"Success","damage_taken":3,"relics_obtained":["Matryoshka"],"max_hp_gain":0,"max_hp_loss":0,"event_name":"Scrap Ooze","floor":3,"gold_loss":0},{"damage_healed":0,"gold_gain":0,"player_choice":"Got Potions","damage_taken":0,"max_hp_gain":0,"max_hp_loss":0,"event_name":"Lab","floor":5,"gold_loss":0},{"damage_healed":0,"gold_gain":0,"player_choice":"Upgraded","damage_taken":0,"max_hp_gain":0,"max_hp_loss":0,"event_name":"Upgrade Shrine","floor":14,"gold_loss":0,"cards_upgraded":["Inflame"]},{"damage_healed":0,"gold_gain":0,"player_choice":"Opened","damage_taken":0,"relics_obtained":["Pantograph"],"max_hp_gain":0,"max_hp_loss":0,"event_name":"The Mausoleum","floor":19,"gold_loss":0},{"damage_healed":0,"gold_gain":99,"player_choice":"Stole From Cult","damage_taken":0,"max_hp_gain":0,"max_hp_loss":0,"event_name":"Nest","floor":21,"gold_loss":0}],"is_beta":false,"boss_relics":[{"not_picked":["Lizard Tail","Empty Cage"],"picked":"Astrolabe"}],"items_purged_floors":[22],"is_endless":false,"potions_floor_spawned":[4,12,16,18,24],"killed_by":"Shelled Parasite and Fungi","ascension_level":1}