{"path_per_floor":["M","M","?","$","M","E","R","E","T","R","M","?","M","$","R","B",null,"M","$","M","?","?","E","R","?","T","R","E","R","E","M","R","B",null,"M","M","M","$","M","R","T","M","T","M","$","?","$","E","R","B"],"character_chosen":"IRONCLAD","items_purchased":["Shockwave","Thunderclap","Mercury Hourglass","Regen Potion","Evolve"],"gold_per_floor":[110,130,130,55,74,109,109,141,165,165,184,184,203,11,11,107,107,120,120,133,133,133,162,162,162,217,217,251,251,283,296,296,397,397,412,430,442,68,79,79,79,91,91,104,55,355,128,154,154,154],"floor_reached":51,"campfire_rested":0,"playtime":8706,"current_hp_per_floor":[78,80,80,80,79,53,53,28,28,28,33,59,59,59,59,43,80,80,80,74,74,58,63,63,63,63,63,77,77,57,58,58,74,80,80,80,80,80,80,80,80,80,80,83,83,83,83,82,82,64],"items_purged":["Defend_R","Strike_R","Defend_R","Defend_R"],"gold":154,"play_id":"e88c3829-0846-43bb-9ba5-d6a16689e079","is_prod":false,"is_daily":false,"is_ascension_mode":true,"campfire_upgraded":8,"path_taken":["M","?","?","$","?","E","R","E","T","R","M","?","M","?","R","BOSS","M","$","?","?","?","E","R","?","T","R","E","R","E","M","R","BOSS","M","M","M","$","M","R","?","M","T","M","?","?","$","E","R","BOSS"],"build_version":"2018-01-25-PROD2","purchased_purges":6,"victory":true,"master_deck":["Bash+1","Spot Weakness+1","Flex+1","Double Tap+1","Rampage+1","Shrug It Off","Shockwave+1","Thunderclap","Reaper+1","Whirlwind+1","Fire Breathing+1","Rupture+1","Shrug It Off+1","Shrug It Off","Shrug It Off","Headbutt+1","Warcry+1","Warcry+1","Shrug It Off+1","Disarm+1","Evolve"],"max_hp_per_floor":[80,80,80,80,80,80,80,80,80,80,80,80,80,80,80,80,80,80,80,80,80,80,80,80,80,80,80,80,80,80,80,80,80,80,80,80,80,80,80,80,80,80,80,83,83,83,83,83,83,83],"relics":["Burning Blood","Frozen Eye","Anchor","Omamori","Nloth\u0027s Gift","Nilry\u0027s Codex","Mummified Hand","Tiny Chest","Charon\u0027s Ashes","Prayer Wheel","Cursed Key","Mercury Hourglass","Gambling Chip","Shovel","Bag of Preparation","Bottled Tornado"],"card_choices":[{"not_picked":["Infernal Blade","True Grit"],"picked":"Spot Weakness"},{"not_picked":["Cleave","Body Slam"],"picked":"Flex"},{"not_picked":["Clothesline","Perfected Strike"],"picked":"Double Tap"},{"not_picked":["Warcry","Perfected Strike"],"picked":"Rampage"},{"not_picked":["Heavy Blade","Headbutt"],"picked":"Shrug It Off"},{"not_picked":["Juggernaut","Dark Embrace"],"picked":"Reaper"},{"not_picked":["Flame Barrier","Flex"],"picked":"Shrug It Off"},{"not_picked":["Perfected Strike","Armaments"],"picked":"Shrug It Off"},{"not_picked":["Power Through","Shrug It Off"],"picked":"Headbutt"},{"not_picked":["Clothesline","Cleave"],"picked":"Warcry"},{"not_picked":["Shrug It Off","Burning Pact"],"picked":"Warcry"},{"not_picked":["Dual Wield","Iron Wave"],"picked":"Shrug It Off"},{"not_picked":["Combust","Cleave"],"picked":"Disarm"}],"player_experience":79131,"potions_floor_usage":[],"damage_taken":[{"damage":8.0,"enemies":"Blue Slaver","floor":1.0,"turns":9.0},{"damage":1.0,"enemies":"Cultist","floor":2.0,"turns":4.0},{"damage":7.0,"enemies":"Small Slimes","floor":5.0,"turns":4.0},{"damage":32.0,"enemies":"Gremlin Nob","floor":6.0,"turns":4.0},{"damage":31.0,"enemies":"3 Sentries","floor":8.0,"turns":7.0},{"damage":1.0,"enemies":"2 Fungi Beasts","floor":11.0,"turns":4.0},{"damage":6.0,"enemies":"Lots of Slimes","floor":13.0,"turns":5.0},{"damage":22.0,"enemies":"Hexaghost","floor":16.0,"turns":5.0},{"damage":0.0,"enemies":"Shell Parasite","floor":18.0,"turns":5.0},{"damage":12.0,"enemies":"Chosen","floor":20.0,"turns":7.0},{"damage":11.0,"enemies":"Gremlin Leader","floor":23.0,"turns":6.0},{"damage":2.0,"enemies":"Book of Stabbing","floor":28.0,"turns":9.0},{"damage":40.0,"enemies":"Gremlin Leader","floor":30.0,"turns":5.0},{"damage":9.0,"enemies":"Snecko","floor":31.0,"turns":4.0},{"damage":9.0,"enemies":"Champ","floor":33.0,"turns":10.0},{"damage":0.0,"enemies":"Orb Walker","floor":35.0,"turns":3.0},{"damage":1.0,"enemies":"3 Darklings","floor":36.0,"turns":3.0},{"damage":13.0,"enemies":"4 Shapes","floor":37.0,"turns":5.0},{"damage":12.0,"enemies":"Maw","floor":39.0,"turns":6.0},{"damage":0.0,"enemies":"3 Darklings","floor":42.0,"turns":2.0},{"damage":4.0,"enemies":"4 Shapes","floor":44.0,"turns":3.0},{"damage":24,"enemies":"Giant Head","floor":48,"turns":9},{"damage":33,"enemies":"Awakened One","floor":50,"turns":14}],"event_choices":[{"event_name":"Living Wall","player_choice":"Forget","floor":3.0,"damage_taken":0.0},{"event_name":"Big Fish","player_choice":"Banana","floor":12.0,"damage_taken":0.0},{"event_name":"N\u0027loth","player_choice":"Traded a Astrolabe","floor":21.0,"damage_taken":0.0},{"event_name":"Cursed Tome","player_choice":"Obtained Book","floor":22.0,"damage_taken":0.0},{"event_name":"Duplicator","player_choice":"One dupe","floor":25.0,"damage_taken":0.0},{"event_name":"Wheel of Change","player_choice":"Gold","floor":46,"damage_taken":0}],"boss_relics":[],"potions_floor_spawned":[1,2,8,23,28,31,33,39,48],"seed_played":"3982367063168437983","ascension_level":1,"is_trial":false}