{"gold_per_floor":[415,415,435,452,452,482,482,493,493,523,534,148,167,6,6,109,109,123,141,3],"floor_reached":20,"playtime":728,"items_purged":["Injury","Strike_B","Conserve Battery"],"score":236,"play_id":"aef865fa-4f2f-4c3f-954e-50ef19e2d142","local_time":"20190102095542","is_ascension_mode":false,"campfire_choices":[{"data":"Dualcast","floor":7,"key":"SMITH"},{"floor":15,"key":"REST"}],"neow_cost":"CURSE","seed_source_timestamp":1091418634329776,"circlet_count":0,"master_deck":["Strike_B","Strike_B+1","Strike_B","Defend_B","Defend_B","Defend_B","Defend_B","Zap+1","Dualcast+1","Cold Snap","Genetic Algorithm","Capacitor","Coolheaded","All For One","Beam Cell","Go for the Eyes+1","Hologram","FTL","Go for the Eyes","Sweeping Beam"],"relics":["Cracked Core","Old Coin","Question Card","Symbiotic Virus","Pen Nib","Membership Card","Cables","Vajra","Sozu","Whetstone"],"potions_floor_usage":[6,10,11,13,16],"damage_taken":[{"damage":6,"enemies":"Jaw Worm","floor":1,"turns":3},{"damage":1,"enemies":"Cultist","floor":3,"turns":3},{"damage":0,"enemies":"2 Louse","floor":4,"turns":2},{"damage":40,"enemies":"Gremlin Nob","floor":6,"turns":5},{"damage":15,"enemies":"Exordium Thugs","floor":8,"turns":5},{"damage":10,"enemies":"Lagavulin","floor":10,"turns":5},{"damage":0,"enemies":"2 Fungi Beasts","floor":11,"turns":3},{"damage":8,"enemies":"Large Slime","floor":13,"turns":2},{"damage":0,"enemies":"Hexaghost","floor":16,"turns":8},{"damage":0,"enemies":"Shell Parasite","floor":18,"turns":4},{"damage":0,"enemies":"3 Byrds","floor":19,"turns":3}],"seed_played":"-691657855529720082","potions_obtained":[{"floor":4,"key":"Swift Potion"},{"floor":6,"key":"Block Potion"},{"floor":8,"key":"Weak Potion"},{"floor":10,"key":"FocusPotion"},{"floor":13,"key":"LiquidBronze"}],"is_trial":false,"path_per_floor":["M","?","M","M","?","E","R","M","T","E","M","$","M","$","R","B",null,"M","M","$"],"character_chosen":"DEFECT","items_purchased":["Go for the Eyes","Membership Card","Cables","FTL","Vajra","Whetstone"],"campfire_rested":1,"item_purchase_floors":[12,12,12,14,14,20],"current_hp_per_floor":[69,69,68,68,75,35,35,20,20,10,10,10,2,2,24,24,75,75,75,75],"gold":3,"neow_bonus":"ONE_RARE_RELIC","is_prod":false,"is_daily":false,"chose_seed":false,"campfire_upgraded":1,"win_rate":0,"timestamp":1546390542,"path_taken":["M","?","?","M","?","E","R","M","T","E","M","$","M","$","R","BOSS","M","?","?"],"build_version":"2018-12-20","purchased_purges":3,"victory":false,"max_hp_per_floor":[75,75,75,75,75,75,75,75,75,75,75,75,75,75,75,75,75,75,75,75],"card_choices":[{"not_picked":["Static Discharge","Barrage"],"picked":"Cold Snap","floor":1},{"not_picked":["Barrage","Hologram"],"picked":"Genetic Algorithm","floor":3},{"not_picked":["Ball Lightning","Go for the Eyes"],"picked":"Capacitor","floor":4},{"not_picked":["Capacitor","Rebound"],"picked":"Coolheaded","floor":6},{"not_picked":["Sweeping Beam","Double Energy","Chill"],"picked":"All For One","floor":8},{"not_picked":["Compile Driver","Tempest","Gash"],"picked":"Conserve Battery","floor":10},{"not_picked":["Scrape","Gash","Turbo"],"picked":"Beam Cell","floor":11},{"not_picked":["Rip and Tear","Amplify","Consume"],"picked":"Hologram","floor":13},{"not_picked":["Coolheaded","Compile Driver","Conserve Battery"],"picked":"Go for the Eyes","floor":18},{"not_picked":["Storm","Doom and Gloom","Go for the Eyes"],"picked":"Sweeping Beam","floor":19}],"player_experience":315112,"relics_obtained":[{"floor":6,"key":"Question Card"},{"floor":9,"key":"Symbiotic Virus"},{"floor":10,"key":"Pen Nib"}],"event_choices":[{"damage_healed":0,"gold_gain":0,"player_choice":"Forge","damage_taken":0,"max_hp_gain":0,"max_hp_loss":0,"event_name":"Accursed Blacksmith","floor":2,"gold_loss":0,"cards_upgraded":["Zap"]},{"damage_healed":7,"gold_gain":0,"player_choice":"Full Heal","damage_taken":0,"max_hp_gain":0,"max_hp_loss":0,"event_name":"Wheel of Change","floor":5,"gold_loss":0}],"is_beta":false,"boss_relics":[{"not_picked":["Empty Cage","Busted Crown"],"picked":"Sozu"}],"items_purged_floors":[12,14,20],"is_endless":false,"potions_floor_spawned":[4,6,8,10,13],"ascension_level":0}