{"path_per_floor":["M","?","M","$","M","R","E","R","T","$","R","M","M","?","R","B",null,"M","?","?","M","$","R","E","$","T","R","?","E","M","E","R","B",null,"M","$","M","?","$","R","E","?","T","$","E","R","$","M","R","B"],"character_chosen":"IRONCLAD","items_purchased":["Evolve","True Grit","Shrug It Off","Battle Trance","Anchor","Kunai","Flex"],"gold_per_floor":[110,110,128,53,65,65,96,96,96,25,25,39,58,58,58,162,162,182,107,107,120,98,98,131,11,11,11,11,44,62,90,90,185,185,195,47,65,65,65,65,96,396,419,47,72,72,72,82,82,82],"floor_reached":51,"campfire_rested":0,"playtime":7763,"current_hp_per_floor":[77,61,66,66,67,67,63,63,63,63,63,61,66,66,66,20,90,93,93,93,89,89,89,78,78,92,92,92,109,119,113,113,123,139,143,143,147,147,147,147,147,147,147,147,129,129,129,135,135,86],"items_purged":["Strike_R","Defend_R"],"gold":82,"play_id":"b3b56586-02ae-48ab-8581-6d02832bf81f","is_prod":false,"is_daily":false,"is_ascension_mode":true,"campfire_upgraded":8,"path_taken":["M","?","M","$","?","R","E","R","T","$","R","M","M","?","R","BOSS","M","?","?","M","$","R","E","?","T","R","?","E","M","E","R","BOSS","M","$","M","?","$","R","E","?","T","$","E","R","?","M","R","BOSS"],"build_version":"2018-01-25-PROD2","purchased_purges":4,"victory":true,"master_deck":["Strike_R+1","Defend_R+1","Defend_R+1","Defend_R+1","Bash+1","Headbutt+1","Shockwave+1","Feed+1","Evolve+1","Inflame+1","Warcry+1","True Grit+1","Shrug It Off","Shrug It Off","Battle Trance+1","Body Slam+1","Limit Break+1","Warcry+1","Heavy Blade+1","Shrug It Off","Flex"],"max_hp_per_floor":[80,80,80,80,80,80,80,80,80,80,80,83,86,86,86,90,90,94,94,94,98,98,98,102,102,116,116,116,127,131,135,135,139,139,143,143,147,147,147,147,147,147,147,147,147,147,147,147,147,147],"relics":["Burning Blood","Ancient Tea Set","Bag of Preparation","Sozu","Mummified Hand","Mango","Strawberry","Girya","Mark of Pain","Anchor","Regal Pillow","Omamori","Kunai","Centennial Puzzle"],"card_choices":[{"not_picked":["Metallicize","Sword Boomerang"],"picked":"Headbutt"},{"not_picked":["Cleave","Twin Strike"],"picked":"Shockwave"},{"not_picked":["Rupture","Battle Trance"],"picked":"Feed"},{"not_picked":["Rage","Heavy Blade"],"picked":"Inflame"},{"not_picked":["Body Slam","Thunderclap"],"picked":"Warcry"},{"not_picked":["Twin Strike","Seeing Red"],"picked":"Shrug It Off"},{"not_picked":["Twin Strike","Heavy Blade"],"picked":"Body Slam"},{"not_picked":["Bludgeon","Brutality"],"picked":"Limit Break"},{"not_picked":["Pommel Strike","Bloodletting"],"picked":"Warcry"},{"not_picked":["Twin Strike","Spot Weakness"],"picked":"Heavy Blade"},{"not_picked":["Flex","Dual Wield"],"picked":"Shrug It Off"}],"player_experience":87837,"potions_floor_usage":[13,16],"damage_taken":[{"damage":9,"enemies":"Jaw Worm","floor":1,"turns":6},{"damage":1,"enemies":"Cultist","floor":3,"turns":3},{"damage":5,"enemies":"Blue Slaver","floor":5,"turns":4},{"damage":10,"enemies":"Gremlin Nob","floor":7,"turns":3},{"damage":11,"enemies":"Looter","floor":12,"turns":4},{"damage":4,"enemies":"Lots of Slimes","floor":13,"turns":2},{"damage":56,"enemies":"Hexaghost","floor":16,"turns":9},{"damage":7,"enemies":"Chosen","floor":18,"turns":5},{"damage":14,"enemies":"Spheric Guardian","floor":21,"turns":4},{"damage":21,"enemies":"Slavers","floor":24,"turns":6},{"damage":0,"enemies":"Book of Stabbing","floor":29,"turns":6},{"damage":0,"enemies":"Centurion and Healer","floor":30,"turns":5},{"damage":16,"enemies":"Slavers","floor":31,"turns":6},{"damage":0,"enemies":"Champ","floor":33,"turns":11},{"damage":0,"enemies":"3 Shapes","floor":35,"turns":3},{"damage":0,"enemies":"Orb Walker","floor":37,"turns":3},{"damage":0,"enemies":"Giant Head","floor":41,"turns":5},{"damage":24,"enemies":"Nemesis","floor":45,"turns":7},{"damage":0,"enemies":"4 Shapes","floor":48,"turns":3},{"damage":55,"enemies":"Time Eater","floor":50,"turns":9}],"event_choices":[{"event_name":"Shining Light","player_choice":"Entered Light","floor":2,"damage_taken":0},{"event_name":"Accursed Blacksmith","player_choice":"Forge","floor":14,"damage_taken":0},{"event_name":"Beggar","player_choice":"Gave Gold","floor":19,"damage_taken":0},{"event_name":"N\u0027loth","player_choice":"Ignored","floor":20,"damage_taken":0},{"event_name":"Back to Basics","player_choice":"Simplicity","floor":28,"damage_taken":0},{"event_name":"Purifier","player_choice":"One Purge","floor":38,"damage_taken":0},{"event_name":"Wheel of Change","player_choice":"Gold","floor":42,"damage_taken":0}],"boss_relics":[{"not_picked":["Calling Bell","White Beast Statue"],"picked":"Sozu"},{"not_picked":["Runic Cube","Snecko Eye"],"picked":"Mark of Pain"}],"potions_floor_spawned":[1,7,13,16,21,30,35,37,41],"seed_played":"999938992480121966","ascension_level":2,"is_trial":false}