{"gold_per_floor":[214,214,289,289,24,24,51,51,75,75,132,132,132,148,148,243,243,262,262,274,290,29,29,55,55,55,87,106,123,123],"floor_reached":30,"playtime":2558,"items_purged":["Defend_R","Parasite"],"score":264,"play_id":"ab48670c-5feb-4fec-9a2d-9dcf9f98434e","local_time":"20190126185141","is_ascension_mode":false,"campfire_choices":[{"data":"Pommel Strike","floor":6.0,"key":"SMITH"},{"data":"Flex","floor":8.0,"key":"SMITH"},{"data":"Infernal Blade","floor":13.0,"key":"SMITH"},{"data":"Blood for Blood","floor":15.0,"key":"SMITH"},{"floor":23.0,"key":"REST"},{"data":"Rage","floor":25,"key":"SMITH"}],"neow_cost":"NONE","seed_source_timestamp":0,"circlet_count":0,"master_deck":["Strike_R","Strike_R","Strike_R","Strike_R+1","Strike_R","Defend_R","Defend_R","Bash+1","Pommel Strike+1","Panache","Flex+1","Infernal Blade+1","Blood for Blood+1","Double Tap","Bloodletting+1","RitualDagger","Flex+1","Dropkick","Rage+1","Battle Trance","Warcry+1","Dropkick+1","Warcry","Flex+1"],"special_seed":0,"relics":["Burning Blood","Lantern","Ginger","Juzu Bracelet","Potion Belt","White Beast Statue","Question Card","Dodecahedron","Oddly Smooth Stone"],"potions_floor_usage":[27,27,28,30],"damage_taken":[{"damage":11.0,"enemies":"Jaw Worm","floor":1.0,"turns":2.0},{"damage":27.0,"enemies":"Gremlin Nob","floor":7.0,"turns":4.0},{"damage":18.0,"enemies":"Gremlin Nob","floor":11.0,"turns":4.0},{"damage":0.0,"enemies":"2 Louse","floor":14.0,"turns":2.0},{"damage":29.0,"enemies":"Slime Boss","floor":16.0,"turns":11.0},{"damage":27.0,"enemies":"2 Thieves","floor":18.0,"turns":3.0},{"damage":3.0,"enemies":"3 Byrds","floor":20.0,"turns":4.0},{"damage":25.0,"enemies":"Snake Plant","floor":21.0,"turns":3.0},{"damage":30.0,"enemies":"Gremlin Leader","floor":24.0,"turns":5.0},{"damage":19,"enemies":"Slavers","floor":27,"turns":4},{"damage":10,"enemies":"Cultist and Chosen","floor":28,"turns":4},{"damage":7,"enemies":"Centurion and Healer","floor":29,"turns":3},{"damage":18,"enemies":"3 Cultists","floor":30,"turns":3}],"seed_played":"-3002136914660694833","potions_obtained":[{"floor":7.0,"key":"Weak Potion"},{"floor":14.0,"key":"SkillPotion"},{"floor":18.0,"key":"SkillPotion"},{"floor":20.0,"key":"Ancient Potion"},{"floor":21.0,"key":"Block Potion"},{"floor":24,"key":"Poison Potion"},{"floor":27,"key":"Explosive Potion"},{"floor":28,"key":"Dexterity Potion"},{"floor":29,"key":"SkillPotion"}],"is_trial":false,"path_per_floor":["M","?","?","?","$","R","E","R","T","?","?","?","R","M","R","B",null,"M","?","M","M","$","R","E","R","T","E","M","M","M"],"character_chosen":"IRONCLAD","items_purchased":["Panache","Rage","Battle Trance"],"campfire_rested":1,"item_purchase_floors":[5,22,22],"current_hp_per_floor":[75,72,61,61,61,61,40,40,40,24,12,32,32,38,38,15,80,59,53,56,37,37,60,36,36,36,23,19,18,0],"gold":123,"neow_bonus":"HUNDRED_GOLD","is_prod":false,"is_daily":false,"chose_seed":false,"campfire_upgraded":5,"win_rate":0.0,"timestamp":1548546701,"path_taken":["M","?","?","?","$","R","E","R","T","?","?","?","R","M","R","BOSS","M","?","M","M","$","R","E","R","T","E","M","M","M"],"build_version":"2019-01-23","purchased_purges":2,"victory":false,"max_hp_per_floor":[80,80,80,80,80,80,80,80,80,80,80,80,80,80,80,80,80,80,80,80,80,77,77,77,77,77,77,77,77,77],"card_choices":[{"not_picked":["Feel No Pain","Armaments"],"picked":"Pommel Strike","floor":1.0},{"not_picked":["Second Wind","Searing Blow"],"picked":"Flex","floor":7.0},{"not_picked":["Feel No Pain","Flame Barrier"],"picked":"Infernal Blade","floor":11.0},{"not_picked":["Cleave","Warcry"],"picked":"Blood for Blood","floor":14.0},{"not_picked":["Barricade","Impervious"],"picked":"Double Tap","floor":16.0},{"not_picked":["Cleave","Iron Wave"],"picked":"Bloodletting+1","floor":18.0},{"not_picked":["Blood for Blood","Dropkick"],"picked":"Flex+1","floor":20.0},{"not_picked":["Body Slam","Sword Boomerang"],"picked":"Dropkick","floor":21.0},{"not_picked":["Clothesline","Clash"],"picked":"Warcry+1","floor":24},{"not_picked":["Anger+1","Thunderclap","Flame Barrier"],"picked":"Dropkick+1","floor":27},{"not_picked":["Blood for Blood","Thunderclap+1","Perfected Strike"],"picked":"Warcry","floor":28},{"not_picked":["Uppercut","Brutality","Sword Boomerang"],"picked":"Flex+1","floor":29}],"player_experience":9059,"relics_obtained":[{"floor":7.0,"key":"Ginger"},{"floor":9.0,"key":"Juzu Bracelet"},{"floor":11.0,"key":"Potion Belt"},{"floor":24,"key":"Question Card"},{"floor":26,"key":"Dodecahedron"},{"floor":27,"key":"Oddly Smooth Stone"}],"event_choices":[{"damage_healed":0.0,"max_hp_gain":0.0,"max_hp_loss":0.0,"gold_gain":0.0,"event_name":"Scrap Ooze","player_choice":"Success","floor":2.0,"gold_loss":0.0,"damage_taken":3.0,"relics_obtained":["Lantern"]},{"damage_healed":0.0,"max_hp_gain":0.0,"max_hp_loss":0.0,"gold_gain":75.0,"event_name":"World of Goop","player_choice":"Gather Gold","floor":3.0,"gold_loss":0.0,"damage_taken":11.0},{"cards_removed":["Defend_R"],"damage_healed":0.0,"max_hp_gain":0.0,"max_hp_loss":0.0,"gold_gain":0.0,"event_name":"Living Wall","player_choice":"Forget","floor":4.0,"gold_loss":0.0,"damage_taken":0.0},{"damage_healed":0.0,"max_hp_gain":0.0,"max_hp_loss":0.0,"gold_gain":0.0,"event_name":"Shining Light","player_choice":"Entered Light","floor":10.0,"gold_loss":0.0,"damage_taken":16.0,"cards_upgraded":["Bash","Strike_R"]},{"damage_healed":0.0,"max_hp_gain":0.0,"max_hp_loss":0.0,"gold_gain":0.0,"event_name":"Dead Adventurer","player_choice":"Searched \u00271\u0027 times","floor":11.0,"gold_loss":0.0,"damage_taken":0.0},{"damage_healed":20.0,"max_hp_gain":0.0,"max_hp_loss":0.0,"gold_gain":0.0,"event_name":"Mushrooms","player_choice":"Healed and dodged fight","floor":12.0,"gold_loss":0.0,"damage_taken":0.0,"cards_obtained":["Parasite"]},{"damage_healed":0.0,"max_hp_gain":0.0,"max_hp_loss":0.0,"gold_gain":0.0,"event_name":"Nest","player_choice":"Joined the Cult","floor":19.0,"gold_loss":0.0,"damage_taken":6.0,"cards_obtained":["RitualDagger"]}],"is_beta":false,"boss_relics":[{"not_picked":["Black Blood","Tiny House"],"picked":"White Beast Statue"}],"items_purged_floors":[5,22],"is_endless":false,"potions_floor_spawned":[7,14,18,20,21,24,27,28,29],"killed_by":"3 Cultists","ascension_level":0}