{"gold_per_floor":[111,124,142,158,174,174,209,209,209,221,237,249,277,293,293,365,365,265,265,17,17,17,17,17,17,17,17,17,17,17,17,17,17],"floor_reached":33,"playtime":2864,"items_purged":["Writhe"],"score":620,"play_id":"0011bf11-8699-42b0-9f05-3f55e0df697d","local_time":"20190316150958","is_ascension_mode":true,"campfire_choices":[{"data":"Feed","floor":6,"key":"SMITH"},{"data":"Flame Barrier","floor":8,"key":"SMITH"},{"floor":15,"key":"REST"},{"data":"Havoc","floor":23,"key":"SMITH"},{"data":"Shockwave","floor":27,"key":"SMITH"},{"floor":32,"key":"REST"}],"neow_cost":"TEN_PERCENT_HP_LOSS","seed_source_timestamp":266590766343053,"circlet_count":0,"master_deck":["AscendersBane","Strike_R","Strike_R","Strike_R","Strike_R","Strike_R","Defend_R","Defend_R","Defend_R","Defend_R","Bash","Feed+1","Pommel Strike","Ghostly Armor","Dark Embrace","Sentinel","Flame Barrier+1","Clothesline","Havoc+1","Shrug It Off","Shockwave+1","Impervious","Heavy Blade","Disarm","Inflame","Whirlwind","Ghostly Armor","Whirlwind+1","Offering"],"relics":["Burning Blood","Ornamental Fan","Matryoshka","Mercury Hourglass","Ectoplasm","Blood Vial","Tiny Chest","MawBank","Red Skull","Art of War","Bag of Marbles"],"potions_floor_usage":[5,13,14,16,24,28,28],"damage_taken":[{"damage":7,"enemies":"Small Slimes","floor":1,"turns":4},{"damage":5,"enemies":"2 Louse","floor":2,"turns":3},{"damage":12,"enemies":"Jaw Worm","floor":3,"turns":3},{"damage":19,"enemies":"Red Slaver","floor":4,"turns":8},{"damage":2,"enemies":"Lots of Slimes","floor":5,"turns":3},{"damage":35,"enemies":"3 Sentries","floor":7,"turns":13},{"damage":6,"enemies":"Blue Slaver","floor":10,"turns":6},{"damage":3,"enemies":"Looter","floor":11,"turns":4},{"damage":18,"enemies":"Exordium Wildlife","floor":12,"turns":6},{"damage":42,"enemies":"Lagavulin","floor":13,"turns":9},{"damage":8,"enemies":"Large Slime","floor":14,"turns":5},{"damage":28,"enemies":"Hexaghost","floor":16,"turns":10},{"damage":26,"enemies":"2 Thieves","floor":18,"turns":5},{"damage":1,"enemies":"3 Byrds","floor":21,"turns":5},{"damage":26,"enemies":"Slavers","floor":24,"turns":5},{"damage":46,"enemies":"Shelled Parasite and Fungi","floor":25,"turns":10},{"damage":0,"enemies":"3 Cultists","floor":28,"turns":3},{"damage":21,"enemies":"Cultist and Chosen","floor":30,"turns":5},{"damage":13,"enemies":"Snecko","floor":31,"turns":3},{"damage":58,"enemies":"Collector","floor":33,"turns":8}],"seed_played":"6830802937206288199","potions_obtained":[{"floor":3,"key":"Explosive Potion"},{"floor":4,"key":"SpeedPotion"},{"floor":7,"key":"Explosive Potion"},{"floor":11,"key":"EssenceOfSteel"},{"floor":14,"key":"AttackPotion"},{"floor":21,"key":"AttackPotion"},{"floor":24,"key":"Explosive Potion"},{"floor":31,"key":"GamblersBrew"}],"is_trial":false,"path_per_floor":["M","M","M","M","M","R","E","R","T","M","M","M","E","M","R","B",null,"M","?","$","M","?","R","E","M","T","R","M","T","M","M","R","B"],"character_chosen":"IRONCLAD","items_purchased":["Disarm","Inflame","Fire Potion"],"campfire_rested":2,"item_purchase_floors":[20,20,20],"current_hp_per_floor":[70,74,71,61,68,68,43,43,43,47,54,46,10,8,37,15,78,62,62,62,69,69,69,55,21,21,21,33,33,20,15,49,0],"gold":17,"neow_bonus":"THREE_RARE_CARDS","is_prod":false,"is_daily":false,"chose_seed":false,"campfire_upgraded":4,"win_rate":0,"timestamp":1552741798,"path_taken":["M","M","M","M","M","R","E","R","T","M","M","M","E","M","R","BOSS","M","?","$","M","?","R","E","M","T","R","M","?","M","?","R","BOSS"],"build_version":"2019-03-15","purchased_purges":1,"victory":false,"max_hp_per_floor":[71,74,77,80,83,83,87,87,87,91,95,99,99,99,99,99,99,103,103,103,103,103,103,107,111,111,111,115,115,115,115,115,115],"card_choices":[{"not_picked":["Reaper","Bludgeon"],"picked":"Feed","floor":0},{"not_picked":["Perfected Strike","Iron Wave"],"picked":"Pommel Strike","floor":1},{"not_picked":["Heavy Blade","Twin Strike"],"picked":"Ghostly Armor","floor":2},{"not_picked":["Anger","Sword Boomerang"],"picked":"Dark Embrace","floor":3},{"not_picked":["Pommel Strike","Shrug It Off"],"picked":"Sentinel","floor":4},{"not_picked":["Clash","Perfected Strike","Flex"],"picked":"SKIP","floor":5},{"not_picked":["Twin Strike","Infernal Blade"],"picked":"Flame Barrier","floor":7},{"not_picked":["Cleave","Twin Strike"],"picked":"Clothesline","floor":10},{"not_picked":["Twin Strike","Armaments"],"picked":"Havoc","floor":11},{"not_picked":["Anger","Hemokinesis","Flex"],"picked":"SKIP","floor":12},{"not_picked":["Pommel Strike","Evolve"],"picked":"Shrug It Off","floor":13},{"not_picked":["Thunderclap","Evolve"],"picked":"Shockwave","floor":14},{"not_picked":["Dark Embrace","Berserk"],"picked":"Impervious","floor":16},{"not_picked":["Warcry","Perfected Strike"],"picked":"Heavy Blade","floor":18},{"not_picked":["Dropkick+1","Rampage+1"],"picked":"Whirlwind","floor":21},{"not_picked":["Body Slam","Heavy Blade"],"picked":"Ghostly Armor","floor":24},{"not_picked":["Pummel","Infernal Blade"],"picked":"Whirlwind+1","floor":25},{"not_picked":["Headbutt","Thunderclap","Hemokinesis"],"picked":"SKIP","floor":28},{"not_picked":["Headbutt","Clash"],"picked":"Offering","floor":30},{"not_picked":["Rampage","Rage","Clash+1"],"picked":"SKIP","floor":31}],"player_experience":692727,"relics_obtained":[{"floor":7,"key":"Ornamental Fan"},{"floor":9,"key":"Matryoshka"},{"floor":13,"key":"Mercury Hourglass"},{"floor":24,"key":"Tiny Chest"},{"floor":26,"key":"MawBank"},{"floor":26,"key":"Red Skull"},{"floor":29,"key":"Art of War"},{"floor":29,"key":"Bag of Marbles"}],"event_choices":[{"damage_healed":0,"gold_gain":0,"player_choice":"Opened","damage_taken":0,"relics_obtained":["Blood Vial"],"max_hp_gain":0,"max_hp_loss":0,"event_name":"The Mausoleum","floor":19,"gold_loss":0,"cards_obtained":["Writhe"]},{"damage_healed":0,"gold_gain":0,"player_choice":"Ignored","damage_taken":0,"max_hp_gain":0,"max_hp_loss":0,"event_name":"Beggar","floor":22,"gold_loss":0}],"is_beta":true,"boss_relics":[{"not_picked":["Runic Dome","Mark of Pain"],"picked":"Ectoplasm"}],"items_purged_floors":[20],"is_endless":false,"potions_floor_spawned":[3,4,7,11,14,21,24,31],"killed_by":"Collector","ascension_level":20}