{"gold_per_floor":[116,127,127,147,164,164,195,206,206,14,33,47,47,78,78,157,157,175,225,60,74,74,109,127,127,151,151,151,151,76,76],"floor_reached":31,"playtime":1251,"items_purged":[],"score":605,"play_id":"da0748d5-6e41-4641-9d2e-2be5ef6877d1","local_time":"20190218133102","is_ascension_mode":true,"campfire_choices":[{"data":"Predator","floor":6,"key":"SMITH"},{"data":"A Thousand Cuts","floor":15,"key":"SMITH"},{"floor":27,"key":"REST"}],"neow_cost":"NONE","seed_source_timestamp":5007269062372,"circlet_count":0,"master_deck":["AscendersBane","Defend_G","Defend_G","Defend_G","Defend_G","Survivor","Neutralize","Sucker Punch","Predator+1","Leg Sweep","Poisoned Stab+1","Quick Slash+1","A Thousand Cuts+1","Infinite Blades","Blade Dance","Caltrops","Adrenaline","Crippling Poison","Underhanded Strike+1","Bite","Bite","Bite","Bite","Bite"],"relics":["Ring of the Snake","Vajra","Juzu Bracelet","Orichalcum","Bottled Tornado","Snecko Eye","Bag of Preparation","Whetstone","Anchor","Omamori"],"potions_floor_usage":[7,7,11,14,14,24,25],"damage_taken":[{"damage":9,"enemies":"Jaw Worm","floor":1,"turns":8},{"damage":1,"enemies":"Small Slimes","floor":2,"turns":4},{"damage":0,"enemies":"Cultist","floor":4,"turns":3},{"damage":1,"enemies":"Red Slaver","floor":5,"turns":5},{"damage":17,"enemies":"Lagavulin","floor":7,"turns":7},{"damage":20,"enemies":"Large Slime","floor":8,"turns":5},{"damage":0,"enemies":"2 Fungi Beasts","floor":11,"turns":3},{"damage":1,"enemies":"Blue Slaver","floor":12,"turns":4},{"damage":0,"enemies":"Gremlin Nob","floor":14,"turns":3},{"damage":31,"enemies":"Hexaghost","floor":16,"turns":9},{"damage":13,"enemies":"Spheric Guardian","floor":18,"turns":4},{"damage":0,"enemies":"3 Byrds","floor":21,"turns":3},{"damage":24,"enemies":"Slavers","floor":23,"turns":3},{"damage":6,"enemies":"Cultist and Chosen","floor":24,"turns":4},{"damage":46,"enemies":"Gremlin Leader","floor":31,"turns":4}],"seed_played":"-4284641950622620750","potions_obtained":[{"floor":2,"key":"PowerPotion"},{"floor":4,"key":"SkillPotion"},{"floor":11,"key":"Fire Potion"},{"floor":23,"key":"SpeedPotion"},{"floor":24,"key":"Fruit Juice"}],"is_trial":false,"path_per_floor":["M","M","?","M","M","R","E","M","T","$","M","M","?","E","R","B",null,"M","?","$","M","?","E","M","?","T","R","?","T","?","E"],"character_chosen":"THE_SILENT","items_purchased":["Infinite Blades","Strength Potion","Strength Potion","Bag of Preparation"],"campfire_rested":1,"item_purchase_floors":[10,10,10,20],"current_hp_per_floor":[56,55,50,50,49,49,32,12,12,12,12,11,72,72,72,41,64,51,51,51,51,31,7,1,6,6,23,35,35,35,0],"gold":76,"neow_bonus":"TEN_PERCENT_HP_BONUS","is_prod":false,"is_daily":false,"chose_seed":false,"campfire_upgraded":2,"win_rate":0,"timestamp":1550525462,"path_taken":["M","M","?","M","M","R","E","M","T","$","M","M","?","E","R","BOSS","M","?","?","M","?","E","M","?","T","R","?","?","?","E"],"build_version":"2019-01-23","purchased_purges":0,"victory":false,"max_hp_per_floor":[72,72,72,72,72,72,72,72,72,72,72,72,72,72,72,72,72,72,72,72,72,77,77,77,58,58,58,58,58,58,58],"card_choices":[{"not_picked":["Backflip","Dodge and Roll"],"picked":"Sucker Punch","floor":1},{"not_picked":["Slice","Poisoned Stab"],"picked":"Predator","floor":2},{"not_picked":["Acrobatics","Deadly Poison"],"picked":"Leg Sweep","floor":4},{"not_picked":["Outmaneuver","Deadly Poison"],"picked":"Poisoned Stab","floor":5},{"not_picked":["Dodge and Roll","Noxious Fumes"],"picked":"Quick Slash","floor":7},{"not_picked":["Dagger Throw","Caltrops"],"picked":"A Thousand Cuts","floor":8},{"not_picked":["Distraction","Sucker Punch"],"picked":"Predator","floor":11},{"not_picked":["Skewer","Dodge and Roll"],"picked":"Blade Dance","floor":12},{"not_picked":["Bane","Slice"],"picked":"Caltrops","floor":14},{"not_picked":["Phantasmal Killer","Venomology"],"picked":"Adrenaline","floor":16},{"not_picked":["Escape Plan","Prepared","Dodge and Roll"],"picked":"SKIP","floor":18},{"not_picked":["Concentrate","Riddle With Holes"],"picked":"Crippling Poison","floor":21},{"not_picked":["Deflect","Bane"],"picked":"Underhanded Strike+1","floor":23},{"not_picked":["PiercingWail","Distraction","Dodge and Roll"],"picked":"SKIP","floor":24}],"player_experience":549936,"relics_obtained":[{"floor":7,"key":"Juzu Bracelet"},{"floor":9,"key":"Orichalcum"},{"floor":14,"key":"Bottled Tornado"},{"floor":23,"key":"Whetstone"},{"floor":26,"key":"Anchor"},{"floor":29,"key":"Omamori"}],"event_choices":[{"damage_healed":0,"gold_gain":0,"player_choice":"Success","damage_taken":5,"relics_obtained":["Vajra"],"max_hp_gain":0,"max_hp_loss":0,"event_name":"Scrap Ooze","floor":3,"gold_loss":0},{"cards_removed":["Predator"],"damage_healed":61,"gold_gain":0,"player_choice":"Offered Uncommon","damage_taken":0,"max_hp_gain":0,"max_hp_loss":0,"event_name":"Bonfire Elementals","floor":13,"gold_loss":0},{"damage_healed":0,"gold_gain":100,"player_choice":"Bet on Murderer","damage_taken":0,"max_hp_gain":0,"max_hp_loss":0,"event_name":"The Joust","floor":19,"gold_loss":50},{"damage_healed":0,"gold_gain":0,"player_choice":"Shed Blood","damage_taken":25,"max_hp_gain":5,"max_hp_loss":0,"event_name":"Forgotten Altar","floor":22,"gold_loss":0},{"damage_healed":0,"gold_gain":0,"player_choice":"Became a vampire","damage_taken":0,"max_hp_gain":0,"max_hp_loss":24,"event_name":"Vampires","floor":25,"gold_loss":0,"cards_obtained":["Bite","Bite","Bite","Bite","Bite"]},{"damage_healed":12,"gold_gain":0,"player_choice":"Heal","damage_taken":0,"max_hp_gain":0,"max_hp_loss":0,"event_name":"The Library","floor":28,"gold_loss":0},{"cards_removed":["Defend_G"],"damage_healed":0,"gold_gain":0,"player_choice":"Gave Gold","damage_taken":0,"max_hp_gain":0,"max_hp_loss":0,"event_name":"Beggar","floor":30,"gold_loss":75}],"is_beta":false,"boss_relics":[{"not_picked":["Cursed Key","Busted Crown"],"picked":"Snecko Eye"}],"items_purged_floors":[],"is_endless":false,"potions_floor_spawned":[2,4,5,11,23,24],"killed_by":"Gremlin Leader","ascension_level":20}