{"gold_per_floor":[114,125,138,153,166,166,166,185,185,185,200,214,228,228],"floor_reached":14,"playtime":563,"items_purged":[],"score":88,"play_id":"2c4d6113-3d20-4bc3-abad-5650917b1d1e","local_time":"20190224011722","is_ascension_mode":false,"campfire_choices":[{"data":"Zap","floor":6,"key":"SMITH"},{"data":"Defragment","floor":10,"key":"SMITH"}],"neow_cost":"NONE","seed_source_timestamp":51277036771000,"circlet_count":0,"master_deck":["Strike_B","Strike_B","Strike_B","Strike_B","Defend_B","Defend_B","Defend_B","Defend_B","Zap+1","Dualcast","Scrape","Capacitor","Beam Cell","Defragment+1","Barrage","Echo Form","Coolheaded+1","Gash"],"relics":["Cracked Core","Toxic Egg 2"],"potions_floor_usage":[14,14,14,14],"damage_taken":[{"damage":0,"enemies":"2 Louse","floor":1,"turns":2},{"damage":0,"enemies":"Cultist","floor":2,"turns":3},{"damage":0,"enemies":"Small Slimes","floor":3,"turns":3},{"damage":3,"enemies":"Red Slaver","floor":4,"turns":4},{"damage":5,"enemies":"Looter","floor":5,"turns":4},{"damage":10,"enemies":"Exordium Thugs","floor":8,"turns":4},{"damage":25,"enemies":"3 Louse","floor":11,"turns":3},{"damage":0,"enemies":"Large Slime","floor":12,"turns":4},{"damage":20,"enemies":"Looter","floor":13,"turns":3},{"damage":17,"enemies":"Gremlin Gang","floor":14,"turns":1}],"seed_played":"7211500604065447830","potions_obtained":[{"floor":2,"key":"EntropicBrew"},{"floor":5,"key":"Regen Potion"},{"floor":8,"key":"GamblersBrew"}],"is_trial":false,"path_per_floor":["?","M"],"character_chosen":"DEFECT","items_purchased":[],"campfire_rested":0,"item_purchase_floors":[],"current_hp_per_floor":[75,75,75,72,67,67,67,57,57,57,32,32,12,0],"gold":228,"neow_bonus":"ONE_RANDOM_RARE_CARD","is_prod":false,"is_daily":false,"chose_seed":false,"campfire_upgraded":2,"win_rate":0,"timestamp":1550989042,"path_taken":["M","M","M","M","M","R","?","M","T","R","M","M","?","M"],"build_version":"2019-01-23","purchased_purges":0,"victory":false,"max_hp_per_floor":[75,75,75,75,75,75,75,75,75,75,75,75,75,75],"card_choices":[{"not_picked":["Leap","Go for the Eyes"],"picked":"Scrape","floor":1},{"not_picked":["Hologram","Ball Lightning"],"picked":"Capacitor","floor":2},{"not_picked":["Rebound","Turbo"],"picked":"Beam Cell","floor":3},{"not_picked":["Steam Power","Barrage"],"picked":"Defragment","floor":4},{"not_picked":["Leap","Go for the Eyes"],"picked":"Barrage","floor":5},{"not_picked":["Rip and Tear","Sunder","Compile Driver"],"picked":"SKIP","floor":8},{"not_picked":["Rebound","Meteor Strike","FTL"],"picked":"SKIP","floor":11},{"not_picked":["Barrage","Go for the Eyes"],"picked":"Coolheaded+1","floor":12},{"not_picked":["Doom and Gloom","Fusion+1"],"picked":"Gash","floor":13}],"player_experience":132109,"relics_obtained":[{"floor":9,"key":"Toxic Egg 2"}],"event_choices":[{"damage_healed":0,"gold_gain":0,"cards_transformed":["Fission"],"player_choice":"Transformed","damage_taken":0,"max_hp_gain":0,"max_hp_loss":0,"event_name":"Transmorgrifier","floor":7,"gold_loss":0,"cards_obtained":["Echo Form"]}],"is_beta":false,"boss_relics":[],"items_purged_floors":[],"is_endless":false,"potions_floor_spawned":[2,5,8,12,13],"killed_by":"Gremlin Gang","ascension_level":0}