{"gold_per_floor":[10,10,21,38,58,58,77,77,77,109,109,123,138,35,35,113,113,125,225,500,510,45,45,73,87,87,87,98,98,128,150,162,253,265,292,136,152,162,162,191,191,222,222,222,322,340,146,161,161,161,161],"floor_reached":52,"playtime":4864,"items_purged":["Strike_G","Regret","Strike_G","Riddle With Holes"],"score":1833,"play_id":"714c69ab-e29d-4170-bd6d-01432f35902c","local_time":"20190314212406","is_ascension_mode":true,"campfire_choices":[{"data":"Poisoned Stab","floor":6.0,"key":"SMITH"},{"floor":8.0,"key":"REST"},{"data":"Finisher","floor":11.0,"key":"SMITH"},{"data":"Cloak And Dagger","floor":15.0,"key":"SMITH"},{"floor":23.0,"key":"REST"},{"floor":27.0,"key":"REST"},{"floor":29.0,"key":"REST"},{"data":"Noxious Fumes","floor":32.0,"key":"SMITH"},{"floor":41.0,"key":"REST"},{"floor":44.0,"key":"RECALL"},{"data":"Noxious Fumes","floor":49.0,"key":"SMITH"}],"neow_cost":"NO_GOLD","seed_source_timestamp":0,"circlet_count":0,"master_deck":["AscendersBane","Defend_G","Defend_G","Defend_G","Defend_G","Defend_G","Survivor","Neutralize","Finisher+1","Footwork","Poisoned Stab+1","Masterful Stab","Deflect","Infinite Blades","Deflect","Leg Sweep","Cloak And Dagger+1","Glass Knife","Crippling Poison","Escape Plan","PiercingWail","Noxious Fumes+1","Noxious Fumes+1","PiercingWail+1","Burst+1","Wraith Form v2","Backflip+1","Malaise+1","Footwork+1","Footwork","Dodge and Roll+1","Well Laid Plans"],"special_seed":0,"relics":["Ring of the Snake","Sundial","Question Card","Sozu","Mango","Pantograph","Paper Crane","Toxic Egg 2","Dead Branch","MawBank","Busted Crown","Kunai","Bottled Lightning","Bottled Tornado","Ginger"],"potions_floor_usage":[],"damage_taken":[{"damage":4.0,"enemies":"Jaw Worm","floor":1.0,"turns":5.0},{"damage":0.0,"enemies":"Cultist","floor":3.0,"turns":4.0},{"damage":1.0,"enemies":"2 Louse","floor":4.0,"turns":4.0},{"damage":17.0,"enemies":"Large Slime","floor":5.0,"turns":11.0},{"damage":16.0,"enemies":"Gremlin Gang","floor":7.0,"turns":9.0},{"damage":6.0,"enemies":"Gremlin Nob","floor":10.0,"turns":3.0},{"damage":6.0,"enemies":"Lots of Slimes","floor":12.0,"turns":4.0},{"damage":0.0,"enemies":"3 Louse","floor":13.0,"turns":3.0},{"damage":3.0,"enemies":"Slime Boss","floor":16.0,"turns":12.0},{"damage":2.0,"enemies":"2 Thieves","floor":18.0,"turns":4.0},{"damage":9.0,"enemies":"Colosseum Slavers","floor":19.0,"turns":6.0},{"damage":34.0,"enemies":"Colosseum Nobs","floor":19.0,"turns":5.0},{"damage":20.0,"enemies":"Chosen","floor":21.0,"turns":7.0},{"damage":20.0,"enemies":"Book of Stabbing","floor":24.0,"turns":7.0},{"damage":16.0,"enemies":"3 Cultists","floor":25.0,"turns":6.0},{"damage":0.0,"enemies":"Snake Plant","floor":28.0,"turns":4.0},{"damage":12.0,"enemies":"Slavers","floor":30.0,"turns":7.0},{"damage":6.0,"enemies":"Snecko","floor":31.0,"turns":5.0},{"damage":39.0,"enemies":"Collector","floor":33.0,"turns":12.0},{"damage":9.0,"enemies":"3 Darklings","floor":35.0,"turns":7.0},{"damage":0.0,"enemies":"Orb Walker","floor":37.0,"turns":4.0},{"damage":9.0,"enemies":"Spire Growth","floor":38.0,"turns":6.0},{"damage":22.0,"enemies":"Reptomancer","floor":40.0,"turns":10.0},{"damage":3.0,"enemies":"Giant Head","floor":42.0,"turns":10.0},{"damage":2.0,"enemies":"Mind Bloom Boss Battle","floor":45.0,"turns":8.0},{"damage":10.0,"enemies":"Jaw Worm Horde","floor":46.0,"turns":6.0},{"damage":14.0,"enemies":"Maw","floor":48.0,"turns":6.0},{"damage":8,"enemies":"Awakened One","floor":50,"turns":15},{"damage":34,"enemies":"Time Eater","floor":51,"turns":16}],"seed_played":"-5834764266501476595","potions_obtained":[{"floor":7.0,"key":"Swift Potion"},{"floor":10.0,"key":"PowerPotion"},{"floor":16.0,"key":"FairyPotion"}],"is_trial":false,"path_per_floor":["M","?","M","M","M","R","M","R","T","E","R","M","M","$","R","B",null,"M","?","?","M","$","R","E","M","T","R","M","R","E","M","R","B",null,"M","$","M","M","?","E","R","E","T","R","?","M","$","M","R","B","B",null],"character_chosen":"THE_SILENT","items_purchased":["Cloak And Dagger","Paper Crane","Noxious Fumes","Footwork","Well Laid Plans"],"campfire_rested":5,"item_purchase_floors":[14,22,22,36,47],"current_hp_per_floor":[55,55,55,54,37,37,21,40,40,34,34,28,28,28,28,25,56,54,25,25,5,5,29,9,4,4,28,28,52,40,34,34,20,65,56,56,56,47,47,25,49,46,46,46,69,59,59,45,45,62,46],"gold":161,"neow_bonus":"TRANSFORM_TWO_CARDS","is_prod":false,"is_daily":false,"chose_seed":false,"campfire_upgraded":5,"win_rate":0,"timestamp":1552623846,"path_taken":["M","?","?","M","M","R","M","R","T","E","R","M","M","$","R","BOSS","M","?","?","M","$","R","E","M","T","R","?","R","E","M","R","BOSS","M","$","M","?","?","E","R","E","T","R","?","?","$","M","R","BOSS","BOSS"],"build_version":"2019-02-06","purchased_purges":4,"victory":true,"max_hp_per_floor":[66,66,66,66,66,66,66,66,66,66,66,66,66,66,66,66,66,66,80,80,80,80,80,80,80,80,80,80,80,80,80,80,80,80,80,80,80,80,80,80,80,80,80,80,80,80,80,80,80,80,80],"card_choices":[{"not_picked":["Deadly Poison","Quick Slash"],"picked":"Footwork","floor":1.0},{"not_picked":["Underhanded Strike","Cloak And Dagger"],"picked":"Poisoned Stab","floor":3.0},{"not_picked":["Backflip","Caltrops"],"picked":"Masterful Stab","floor":4.0},{"not_picked":["Finisher","Outmaneuver","Prepared"],"picked":"SKIP","floor":5.0},{"not_picked":["Slice","Eviscerate"],"picked":"Deflect","floor":7.0},{"not_picked":["Slice","Endless Agony"],"picked":"Infinite Blades","floor":10.0},{"not_picked":["Dodge and Roll","Bullet Time","Prepared"],"picked":"Deflect","floor":12.0},{"not_picked":["Blur","Finisher","Accuracy"],"picked":"Leg Sweep","floor":13.0},{"not_picked":["Grand Finale","Bullet Time","Storm of Steel"],"picked":"Glass Knife","floor":16.0},{"not_picked":["Poisoned Stab","Caltrops","Flechettes"],"picked":"Crippling Poison","floor":18.0},{"not_picked":["Deadly Poison","Acrobatics","Deflect"],"picked":"Escape Plan","floor":19.0},{"not_picked":["Dagger Throw","Die Die Die","Blur"],"picked":"PiercingWail","floor":21.0},{"not_picked":["Cloak And Dagger","Dodge and Roll","Tactician"],"picked":"Noxious Fumes","floor":24.0},{"not_picked":["Escape Plan+1","Noxious Fumes+1","Deadly Poison+1"],"picked":"PiercingWail+1","floor":25.0},{"not_picked":["Outmaneuver+1","Flying Knee","Deflect+1"],"picked":"Burst+1","floor":28.0},{"not_picked":["Backstab","Slice+1","Flying Knee"],"picked":"Wraith Form v2","floor":30.0},{"not_picked":["Dodge and Roll+1","Flechettes+1","Skewer"],"picked":"Backflip+1","floor":31.0},{"not_picked":["Grand Finale","Burst+1","After Image"],"picked":"Malaise+1","floor":33.0},{"not_picked":["Predator"],"picked":"Footwork+1","floor":35.0},{"not_picked":["Endless Agony","Flying Knee"],"picked":"SKIP","floor":37.0},{"not_picked":["Accuracy"],"picked":"Dodge and Roll+1","floor":38.0},{"not_picked":["Finisher+1","Slice+1"],"picked":"SKIP","floor":40.0},{"not_picked":["Quick Slash","Caltrops"],"picked":"SKIP","floor":42.0},{"not_picked":["Underhanded Strike","Bouncing Flask+1"],"picked":"SKIP","floor":46.0},{"not_picked":["Flying Knee","Tactician+1"],"picked":"SKIP","floor":48.0}],"player_experience":1366821,"relics_obtained":[{"floor":9.0,"key":"Sundial"},{"floor":10.0,"key":"Question Card"},{"floor":19.0,"key":"Mango"},{"floor":19.0,"key":"Pantograph"},{"floor":24.0,"key":"Toxic Egg 2"},{"floor":26.0,"key":"Dead Branch"},{"floor":30.0,"key":"MawBank"},{"floor":40.0,"key":"Kunai"},{"floor":42.0,"key":"Bottled Lightning"},{"floor":43.0,"key":"Bottled Tornado"},{"floor":45.0,"key":"Ginger"}],"event_choices":[{"cards_removed":["Strike_G"],"damage_healed":0.0,"max_hp_gain":0.0,"max_hp_loss":0.0,"gold_gain":0.0,"event_name":"Bonfire Elementals","player_choice":"Offered Basic","floor":2.0,"gold_loss":0.0,"damage_taken":0.0},{"damage_healed":0.0,"max_hp_gain":0.0,"max_hp_loss":0.0,"gold_gain":0.0,"event_name":"Colosseum","player_choice":"Fight","floor":19.0,"gold_loss":0.0,"damage_taken":0.0},{"damage_healed":0.0,"max_hp_gain":0.0,"max_hp_loss":0.0,"gold_gain":0.0,"event_name":"Colosseum","player_choice":"Fought Nobs","floor":19.0,"gold_loss":0.0,"damage_taken":0.0},{"damage_healed":0.0,"max_hp_gain":0.0,"max_hp_loss":0.0,"gold_gain":275.0,"event_name":"Golden Shrine","player_choice":"Desecrate","floor":20.0,"gold_loss":0.0,"damage_taken":0.0,"cards_obtained":["Regret"]},{"damage_healed":0.0,"max_hp_gain":0.0,"max_hp_loss":0.0,"gold_gain":0.0,"event_name":"Mysterious Sphere","player_choice":"Ignored","floor":39.0,"gold_loss":0.0,"damage_taken":0.0},{"damage_healed":0.0,"max_hp_gain":0.0,"max_hp_loss":0.0,"gold_gain":0.0,"event_name":"MindBloom","player_choice":"Fight","floor":45.0,"gold_loss":0.0,"damage_taken":0.0}],"is_beta":true,"boss_relics":[{"not_picked":["Eternal Feather","Tiny House"],"picked":"Sozu"},{"not_picked":["Lizard Tail","Runic Pyramid"],"picked":"Busted Crown"}],"items_purged_floors":[14,22,36,47],"is_endless":false,"potions_floor_spawned":[7,10,16,18,28,30,33,38,42,46,48],"ascension_level":20}