{"gold_per_floor":[118,131,131,147,147,147,147,147,172,196,230,253,6,20,20,139,139,162,188,188,204,204,239,239,239],"floor_reached":25,"playtime":955,"items_purged":["Strike_G"],"score":232,"play_id":"f17d0858-98a4-44ba-ae8d-7bf657d675da","local_time":"20190111131215","is_ascension_mode":true,"campfire_choices":[{"data":"Neutralize","floor":6.0,"key":"SMITH"},{"data":"Bouncing Flask","floor":8.0,"key":"SMITH"},{"data":"Secret Technique","floor":15.0,"key":"SMITH"},{"floor":24,"key":"REST"}],"neow_cost":"PERCENT_DAMAGE","seed_source_timestamp":0,"circlet_count":0,"master_deck":["Defend_G","Defend_G+1","Defend_G","Strike_G","Strike_G","Survivor","Neutralize+1","Night Terror","Leg Sweep","Bouncing Flask+1","Deadly Poison+1","Quick Slash","Deadly Poison","Outmaneuver","Secret Technique+1","Crippling Poison","Malaise","Setup","Calculated Gamble","Slice","Doppelganger"],"special_seed":0,"relics":["Ring of the Snake","Golden Idol","Ornamental Fan","War Paint","Omamori","WristBlade","Boot","Frozen Egg 2"],"potions_floor_usage":[23,23,25],"damage_taken":[{"damage":7.0,"enemies":"2 Louse","floor":1.0,"turns":3.0},{"damage":0.0,"enemies":"Cultist","floor":2.0,"turns":4.0},{"damage":0.0,"enemies":"Jaw Worm","floor":4.0,"turns":3.0},{"damage":0.0,"enemies":"3 Louse","floor":10.0,"turns":5.0},{"damage":2.0,"enemies":"Lagavulin","floor":11.0,"turns":5.0},{"damage":4.0,"enemies":"2 Fungi Beasts","floor":12.0,"turns":3.0},{"damage":2.0,"enemies":"Exordium Wildlife","floor":14.0,"turns":3.0},{"damage":35.0,"enemies":"The Guardian","floor":16.0,"turns":8.0},{"damage":11,"enemies":"Shell Parasite","floor":18,"turns":5},{"damage":2,"enemies":"Spheric Guardian","floor":21,"turns":3},{"damage":44,"enemies":"Slavers","floor":23,"turns":8},{"damage":34,"enemies":"Gremlin Leader","floor":25,"turns":5}],"seed_played":"-6947412827369327801","potions_obtained":[{"floor":1.0,"key":"PowerPotion"},{"floor":2.0,"key":"Swift Potion"},{"floor":14.0,"key":"Regen Potion"},{"floor":16.0,"key":"Swift Potion"},{"floor":18,"key":"Poison Potion"},{"floor":23,"key":"SpeedPotion"}],"is_trial":false,"path_per_floor":["M","M","?","M","?","R","?","R","T","M","E","M","$","M","R","B",null,"M","T","?","M","?","E","R","E"],"character_chosen":"THE_SILENT","items_purchased":["Secret Technique"],"campfire_rested":1,"item_purchase_floors":[13],"current_hp_per_floor":[42,42,42,42,35,35,35,35,35,35,33,29,29,27,27,7,70,59,59,59,57,57,13,34,0],"gold":239,"neow_bonus":"TRANSFORM_TWO_CARDS","is_prod":false,"is_daily":false,"chose_seed":false,"campfire_upgraded":3,"win_rate":0,"timestamp":1547179935,"path_taken":["M","M","?","M","?","R","?","R","T","M","E","M","$","M","R","BOSS","M","?","?","M","?","E","R","E"],"build_version":"2019-01-10","purchased_purges":1,"victory":false,"max_hp_per_floor":[70,70,70,70,70,70,70,70,70,70,70,70,70,70,70,70,70,70,70,70,70,70,70,70,70],"card_choices":[{"not_picked":["Tactician","Blade Dance"],"picked":"Bouncing Flask","floor":1.0},{"not_picked":["Dodge and Roll","Prepared"],"picked":"Deadly Poison","floor":2.0},{"not_picked":["Sucker Punch","Poisoned Stab"],"picked":"Quick Slash","floor":4.0},{"not_picked":["Noxious Fumes","Dagger Throw"],"picked":"Deadly Poison","floor":10.0},{"not_picked":["Masterful Stab","Calculated Gamble"],"picked":"Outmaneuver","floor":11.0},{"not_picked":["Leg Sweep","Quick Slash","A Thousand Cuts"],"picked":"SKIP","floor":12.0},{"not_picked":["Prepared","Eviscerate"],"picked":"Crippling Poison","floor":14.0},{"not_picked":["Unload","Night Terror"],"picked":"Malaise","floor":16.0},{"not_picked":["Deadly Poison+1","Outmaneuver+1"],"picked":"Setup","floor":18},{"not_picked":["Deadly Poison","Finisher","Dodge and Roll"],"picked":"SKIP","floor":21},{"not_picked":["Acrobatics+1","Slice"],"picked":"Doppelganger","floor":23}],"player_experience":388980,"relics_obtained":[{"floor":7.0,"key":"Ornamental Fan"},{"floor":9.0,"key":"War Paint"},{"floor":11.0,"key":"Omamori"},{"floor":19,"key":"Boot"},{"floor":23,"key":"Frozen Egg 2"}],"event_choices":[{"damage_healed":0.0,"max_hp_gain":0.0,"max_hp_loss":0.0,"gold_gain":0.0,"event_name":"Golden Idol","player_choice":"Take Wound","floor":3.0,"gold_loss":0.0,"damage_taken":0.0,"relics_obtained":["Golden Idol"],"cards_obtained":["Injury"]},{"cards_removed":["Injury"],"damage_healed":0.0,"max_hp_gain":0.0,"max_hp_loss":0.0,"gold_gain":0.0,"event_name":"Golden Wing","player_choice":"Card Removal","floor":5.0,"gold_loss":0.0,"damage_taken":7.0},{"damage_healed":0.0,"max_hp_gain":0.0,"max_hp_loss":0.0,"gold_gain":0.0,"event_name":"Wheel of Change","player_choice":"Relic","floor":7.0,"gold_loss":0.0,"damage_taken":0.0},{"damage_healed":0,"gold_gain":0,"player_choice":"Ignored","damage_taken":0,"max_hp_gain":0,"max_hp_loss":0,"event_name":"Vampires","floor":20,"gold_loss":0},{"damage_healed":0,"gold_gain":0,"cards_transformed":["Defend_G","Strike_G"],"player_choice":"Became Test Subject","damage_taken":0,"max_hp_gain":0,"max_hp_loss":0,"event_name":"Drug Dealer","floor":22,"gold_loss":0,"cards_obtained":["Calculated Gamble","Slice"]}],"is_beta":false,"boss_relics":[{"not_picked":["Runic Dome","Velvet Choker"],"picked":"WristBlade"}],"items_purged_floors":[13],"is_endless":false,"potions_floor_spawned":[1,2,14,16,18,23],"killed_by":"Gremlin Leader","ascension_level":1}