{"gold_per_floor":[112,112,125,11,11,43,43,56,110,110,124,155,155,186,186,291,291,304,319,346,346,356,356,372,384,435,447,447,461,376,276,276,372,372,388,388,388],"floor_reached":37,"playtime":6321,"items_purged":["Strike_B","Strike_B"],"score":414,"play_id":"f39cbaa9-9262-43ca-9631-b12916cdd3eb","local_time":"20190203131512","is_ascension_mode":false,"campfire_choices":[{"data":"Defragment","floor":7.0,"key":"SMITH"},{"data":"Genetic Algorithm","floor":10.0,"key":"SMITH"},{"data":"Beam Cell","floor":13.0,"key":"SMITH"},{"data":"FTL","floor":15.0,"key":"SMITH"},{"data":"Turbo","floor":23.0,"key":"SMITH"},{"data":"Coolheaded","floor":32.0,"key":"SMITH"}],"neow_cost":"NONE","seed_source_timestamp":0,"circlet_count":0,"master_deck":["Strike_B","Strike_B","Defend_B","Defend_B","Defend_B","Defend_B+1","Zap+1","Defragment+1","BootSequence","FTL+1","Beam Cell+1","Genetic Algorithm+1","Steam","Creative AI+1","Parasite","Parasite","Decay","Storm","Conserve Battery+1","Turbo+1","Coolheaded+1","Turbo","Coolheaded+1","Coolheaded+1","Buffer","Gash+1","Secret Technique"],"special_seed":0,"relics":["Cracked Core","NeowsBlessing","War Paint","Matryoshka","Orichalcum","Calling Bell","Pen Nib","Singing Bowl","Thread and Needle","Bag of Marbles","Dream Catcher","PreservedInsect","Boot","Turnip","Eternal Feather"],"potions_floor_usage":[],"damage_taken":[{"damage":0.0,"enemies":"Small Slimes","floor":1.0,"turns":1.0},{"damage":0.0,"enemies":"Cultist","floor":3.0,"turns":1.0},{"damage":0.0,"enemies":"3 Sentries","floor":6.0,"turns":1.0},{"damage":1.0,"enemies":"Jaw Worm","floor":8.0,"turns":3.0},{"damage":1.0,"enemies":"Blue Slaver","floor":11.0,"turns":3.0},{"damage":20.0,"enemies":"Gremlin Nob","floor":12.0,"turns":4.0},{"damage":8.0,"enemies":"Lagavulin","floor":14.0,"turns":6.0},{"damage":9.0,"enemies":"Hexaghost","floor":16.0,"turns":9.0},{"damage":48.0,"enemies":"3 Byrds","floor":18.0,"turns":7.0},{"damage":2.0,"enemies":"Chosen","floor":19.0,"turns":4.0},{"damage":9.0,"enemies":"Sentry and Sphere","floor":22.0,"turns":5.0},{"damage":6.0,"enemies":"Snake Plant","floor":24.0,"turns":6.0},{"damage":9.0,"enemies":"Snecko","floor":25.0,"turns":9.0},{"damage":3.0,"enemies":"Centurion and Healer","floor":27.0,"turns":10.0},{"damage":0.0,"enemies":"Chosen and Byrds","floor":29.0,"turns":7.0},{"damage":5.0,"enemies":"Collector","floor":33.0,"turns":12.0},{"damage":22,"enemies":"3 Darklings","floor":35,"turns":6},{"damage":60,"enemies":"2 Orb Walkers","floor":37,"turns":3}],"seed_played":"3321335015486061434","potions_obtained":[{"floor":1.0,"key":"FearPotion"},{"floor":11.0,"key":"FairyPotion"},{"floor":12.0,"key":"Energy Potion"},{"floor":18.0,"key":"Block Potion"},{"floor":19.0,"key":"PowerPotion"},{"floor":22.0,"key":"LiquidBronze"},{"floor":29.0,"key":"Weak Potion"}],"is_trial":false,"path_per_floor":["M","?","M","$","$","E","R","M","T","R","M","E","R","E","R","B",null,"M","M","T","?","M","R","M","M","T","M","?","M","?","$","R","B",null,"M","?","?"],"character_chosen":"DEFECT","items_purchased":["FTL"],"campfire_rested":0,"item_purchase_floors":[4],"current_hp_per_floor":[75,75,75,75,75,75,75,74,74,74,73,53,53,45,45,36,75,27,25,25,25,16,16,10,1,1,7,7,9,9,9,9,4,77,55,55,0],"gold":388,"neow_bonus":"THREE_ENEMY_KILL","is_prod":false,"is_daily":false,"chose_seed":false,"campfire_upgraded":6,"win_rate":0,"timestamp":1549217712,"path_taken":["M","?","M","?","$","E","R","M","T","R","M","E","R","E","R","BOSS","M","M","?","?","M","R","M","M","T","M","?","?","?","$","R","BOSS","M","?","?"],"build_version":"2019-01-23","purchased_purges":2,"victory":false,"max_hp_per_floor":[75,75,75,75,75,75,75,75,75,75,75,75,75,75,75,75,75,75,75,75,75,75,75,75,75,75,75,75,77,77,77,77,77,77,77,77,77],"card_choices":[{"not_picked":["Rip and Tear","Glacier"],"picked":"Defragment","floor":1.0},{"not_picked":["Go for the Eyes","Rebound"],"picked":"BootSequence","floor":3.0},{"not_picked":["Ball Lightning","Static Discharge"],"picked":"Beam Cell","floor":6.0},{"not_picked":["Sunder","Steam Power"],"picked":"Genetic Algorithm","floor":8.0},{"not_picked":["Stack","Steam","Barrage"],"picked":"SKIP","floor":11.0},{"not_picked":["Streamline","Lockon","Fission"],"picked":"SKIP","floor":12.0},{"not_picked":["Steam Power","Rebound"],"picked":"Steam","floor":14.0},{"not_picked":["Meteor Strike","Rainbow"],"picked":"Creative AI","floor":16.0},{"not_picked":["Lockon","Barrage"],"picked":"Storm","floor":18.0},{"not_picked":["Rebound+1","Streamline"],"picked":"Conserve Battery+1","floor":19.0},{"not_picked":["Recycle","Cold Snap+1"],"picked":"Coolheaded+1","floor":22.0},{"not_picked":["Steam Power+1","Barrage+1"],"picked":"Turbo","floor":24.0},{"not_picked":["Double Energy","Darkness"],"picked":"Coolheaded","floor":25.0},{"not_picked":["Lockon","Static Discharge+1"],"picked":"Coolheaded+1","floor":27.0},{"not_picked":["Multi-Cast","Barrage+1","Consume"],"picked":"Singing Bowl","floor":29.0},{"not_picked":["All For One","Echo Form"],"picked":"Buffer","floor":33.0},{"not_picked":["Compile Driver+1","Streamline"],"picked":"Gash+1","floor":35},{"not_picked":["Impatience","Finesse"],"picked":"Secret Technique","floor":36}],"player_experience":138367,"relics_obtained":[{"floor":6.0,"key":"War Paint"},{"floor":12.0,"key":"Matryoshka"},{"floor":14.0,"key":"Orichalcum"},{"floor":17.0,"key":"Pen Nib"},{"floor":17.0,"key":"Singing Bowl"},{"floor":17.0,"key":"Thread and Needle"},{"floor":20.0,"key":"Bag of Marbles"},{"floor":20.0,"key":"Dream Catcher"},{"floor":26.0,"key":"PreservedInsect"},{"floor":26.0,"key":"Boot"}],"event_choices":[{"cards_removed":["Dualcast"],"damage_healed":0.0,"max_hp_gain":0.0,"max_hp_loss":0.0,"gold_gain":0.0,"event_name":"Bonfire Elementals","player_choice":"Offered Basic","floor":2.0,"gold_loss":0.0,"damage_taken":0.0},{"damage_healed":0.0,"max_hp_gain":0.0,"max_hp_loss":0.0,"gold_gain":0.0,"event_name":"The Library","player_choice":"Read","floor":21.0,"gold_loss":0.0,"damage_taken":0.0,"cards_obtained":["Turbo"]},{"damage_healed":0.0,"max_hp_gain":0.0,"max_hp_loss":0.0,"gold_gain":0.0,"event_name":"Accursed Blacksmith","player_choice":"Forge","floor":28.0,"gold_loss":0.0,"damage_taken":0.0,"cards_upgraded":["Creative AI"]},{"damage_healed":0.0,"max_hp_gain":0.0,"max_hp_loss":0.0,"gold_gain":0.0,"event_name":"Addict","player_choice":"Obtained Relic","floor":30.0,"gold_loss":85.0,"damage_taken":0.0,"relics_obtained":["Turnip"]},{"damage_healed":0,"gold_gain":0,"player_choice":"Memory 1","damage_taken":0,"max_hp_gain":0,"max_hp_loss":0,"event_name":"SensoryStone","floor":36,"gold_loss":0},{"damage_healed":0,"gold_gain":0,"player_choice":"Fight","damage_taken":0,"max_hp_gain":0,"max_hp_loss":0,"event_name":"Mysterious Sphere","floor":37,"gold_loss":0}],"is_beta":false,"boss_relics":[{"not_picked":["Ectoplasm","Velvet Choker"],"picked":"Calling Bell"},{"not_picked":["White Beast Statue","Runic Dome"],"picked":"Eternal Feather"}],"items_purged_floors":[4,31],"is_endless":false,"potions_floor_spawned":[1,11,12,18,19,22,29],"killed_by":"2 Orb Walkers","ascension_level":0}