{"gold_per_floor":[114,189,29,179,198,198,231,231,231,242,258,258,336,369,369,369],"floor_reached":16,"playtime":774,"items_purged":["Strike_R"],"score":266,"play_id":"70e28493-5d7a-42b5-9b95-40ec9798660d","local_time":"20190312193807","is_ascension_mode":true,"campfire_choices":[{"data":"Armaments","floor":6,"key":"SMITH"},{"data":"Searing Blow","floor":8,"key":"SMITH"},{"floor":15,"key":"REST"}],"neow_cost":"NONE","seed_source_timestamp":501047154945386,"circlet_count":0,"master_deck":["AscendersBane","Strike_R","Strike_R","Strike_R","Strike_R","Defend_R","Defend_R","Defend_R","Defend_R","Bash","Armaments+1","Second Wind","Doubt","Searing Blow+1","Power Through","Iron Wave","Battle Trance","Injury","Blood for Blood","Evolve"],"relics":["Burning Blood","NeowsBlessing","Bottled Lightning","Meat on the Bone","Golden Idol","Letter Opener","Dodecahedron"],"potions_floor_usage":[13,13,14],"damage_taken":[{"damage":0,"enemies":"2 Louse","floor":1,"turns":2},{"damage":0,"enemies":"Small Slimes","floor":5,"turns":1},{"damage":0,"enemies":"Gremlin Nob","floor":7,"turns":1},{"damage":2,"enemies":"Jaw Worm","floor":10,"turns":4},{"damage":6,"enemies":"Looter","floor":11,"turns":5},{"damage":75,"enemies":"Lagavulin Event","floor":13,"turns":12},{"damage":10,"enemies":"Lagavulin","floor":14,"turns":5},{"damage":56,"enemies":"Hexaghost","floor":16,"turns":9}],"seed_played":"3662655230818653431","potions_obtained":[{"floor":7,"key":"BloodPotion"},{"floor":10,"key":"Weak Potion"},{"floor":13,"key":"AttackPotion"}],"is_trial":false,"path_per_floor":["M","?","$","?","M","R","E","R","T","M","M","?","?","E","R","B"],"character_chosen":"IRONCLAD","items_purchased":["Second Wind"],"campfire_rested":1,"item_purchase_floors":[3],"current_hp_per_floor":[74,63,63,63,69,69,75,75,75,75,75,75,25,33,55,0],"gold":369,"neow_bonus":"THREE_ENEMY_KILL","is_prod":false,"is_daily":false,"chose_seed":false,"campfire_upgraded":2,"win_rate":0,"timestamp":1552441087,"path_taken":["M","?","$","?","M","R","E","R","T","M","M","?","?","E","R","BOSS"],"build_version":"2019-01-23","purchased_purges":1,"victory":false,"max_hp_per_floor":[75,75,75,75,75,75,75,75,75,75,75,75,75,75,75,75],"card_choices":[{"not_picked":["Anger","Havoc"],"picked":"Armaments","floor":1},{"not_picked":["Blood for Blood","Hemokinesis"],"picked":"Searing Blow","floor":5},{"not_picked":["Sword Boomerang","Whirlwind"],"picked":"Power Through","floor":7},{"not_picked":["Armaments","Perfected Strike"],"picked":"Iron Wave","floor":10},{"not_picked":["Whirlwind","Second Wind"],"picked":"Battle Trance","floor":11},{"not_picked":["Combust","Anger"],"picked":"Blood for Blood","floor":13},{"not_picked":["Anger","Clash"],"picked":"Evolve","floor":14}],"player_experience":1402972,"relics_obtained":[{"floor":7,"key":"Bottled Lightning"},{"floor":9,"key":"Meat on the Bone"},{"floor":14,"key":"Dodecahedron"}],"event_choices":[{"damage_healed":0,"gold_gain":75,"player_choice":"Gather Gold","damage_taken":11,"max_hp_gain":0,"max_hp_loss":0,"event_name":"World of Goop","floor":2,"gold_loss":0},{"damage_healed":0,"gold_gain":150,"player_choice":"AGREE","damage_taken":0,"max_hp_gain":0,"max_hp_loss":0,"event_name":"Liars Game","floor":4,"gold_loss":0,"cards_obtained":["Doubt"]},{"damage_healed":0,"gold_gain":0,"player_choice":"Take Wound","damage_taken":0,"relics_obtained":["Golden Idol"],"max_hp_gain":0,"max_hp_loss":0,"event_name":"Golden Idol","floor":12,"gold_loss":0,"cards_obtained":["Injury"]},{"damage_healed":0,"gold_gain":0,"player_choice":"Searched \u00272\u0027 times","damage_taken":0,"relics_obtained":["Letter Opener"],"max_hp_gain":0,"max_hp_loss":0,"event_name":"Dead Adventurer","floor":13,"gold_loss":0}],"is_beta":false,"boss_relics":[],"items_purged_floors":[3],"is_endless":false,"potions_floor_spawned":[7,10,11,13],"killed_by":"Hexaghost","ascension_level":20}