{"gold_per_floor":[111,111,36,57,77,77,120,120,167,179,226,262,274,322,334,436,448,460,59,73,89,4,4,45,45,45,80,105,105,125,158,158,249,249,272,75,75,75,88,88,108,108,132,170,170,170,170,183,183,183],"floor_reached":51,"playtime":3877,"items_purged":["Defend_G","Strike_G"],"score":1446,"play_id":"b41e818a-898e-4a68-b0a7-639795bd0165","local_time":"20190210151401","is_ascension_mode":true,"campfire_choices":[{"data":"Neutralize","floor":6,"key":"SMITH"},{"data":"Malaise","floor":8,"key":"SMITH"},{"data":"Footwork","floor":10,"key":"SMITH"},{"floor":15,"key":"REST"},{"data":"Infinite Blades","floor":23,"key":"SMITH"},{"data":"Survivor","floor":25,"key":"SMITH"},{"data":"Predator","floor":32,"key":"SMITH"},{"data":"Dodge and Roll","floor":40,"key":"SMITH"},{"data":"Accuracy","floor":42,"key":"SMITH"},{"data":"Defend_G","floor":47,"key":"SMITH"},{"data":"Strike_G","floor":49,"key":"SMITH"}],"neow_cost":"NONE","seed_source_timestamp":7581102921029,"circlet_count":0,"master_deck":["AscendersBane","Defend_G+1","Defend_G+1","Strike_G+1","Strike_G+1","Strike_G","Survivor+1","Neutralize+1","Glass Knife+1","Deflect+1","Finisher+1","Footwork+1","Infinite Blades+1","Dodge and Roll+1","Malaise+1","Slice+1","Endless Agony","Cloak And Dagger+1","Well Laid Plans","PiercingWail+1","Cloak And Dagger+1","Burst+1","Escape Plan+1","Predator+1","Night Terror+1","Accuracy+1","Backflip+1","Writhe"],"relics":["Astrolabe","Golden Idol","Potion Belt","MawBank","Vajra","Happy Flower","Toxic Egg 2","Coffee Dripper","Chemical X","Pen Nib","Bronze Scales","Incense Burner","Shuriken","Boot","Smiling Mask","Sozu","Bag of Preparation","Whetstone","Snake Skull"],"potions_floor_usage":[11,12,14,18,28,33,50],"damage_taken":[{"damage":0,"enemies":"Small Slimes","floor":1,"turns":3},{"damage":2,"enemies":"Jaw Worm","floor":4,"turns":3},{"damage":0,"enemies":"Cultist","floor":5,"turns":2},{"damage":18,"enemies":"Gremlin Nob","floor":7,"turns":5},{"damage":2,"enemies":"Lagavulin","floor":11,"turns":7},{"damage":0,"enemies":"Large Slime","floor":12,"turns":4},{"damage":1,"enemies":"Gremlin Nob","floor":14,"turns":3},{"damage":0,"enemies":"The Guardian","floor":16,"turns":11},{"damage":1,"enemies":"Spheric Guardian","floor":18,"turns":3},{"damage":0,"enemies":"Shell Parasite","floor":20,"turns":4},{"damage":16,"enemies":"Sentry and Sphere","floor":21,"turns":5},{"damage":0,"enemies":"Book of Stabbing","floor":24,"turns":5},{"damage":0,"enemies":"Gremlin Leader","floor":27,"turns":5},{"damage":5,"enemies":"Centurion and Healer","floor":28,"turns":4},{"damage":9,"enemies":"Snecko","floor":30,"turns":4},{"damage":0,"enemies":"Book of Stabbing","floor":31,"turns":4},{"damage":8,"enemies":"Automaton","floor":33,"turns":6},{"damage":3,"enemies":"3 Shapes","floor":35,"turns":5},{"damage":0,"enemies":"Orb Walker","floor":39,"turns":2},{"damage":10,"enemies":"Maw","floor":41,"turns":5},{"damage":5,"enemies":"Nemesis","floor":44,"turns":5},{"damage":8,"enemies":"Spire Growth","floor":48,"turns":5},{"damage":16,"enemies":"Time Eater","floor":50,"turns":10}],"seed_played":"8168027478265854467","potions_obtained":[{"floor":1,"key":"SmokeBomb"},{"floor":7,"key":"Poison Potion"},{"floor":11,"key":"Swift Potion"},{"floor":12,"key":"Poison Potion"},{"floor":24,"key":"Block Potion"},{"floor":27,"key":"Fire Potion"},{"floor":31,"key":"Poison Potion"},{"floor":33,"key":"Weak Potion"}],"is_trial":false,"path_per_floor":["M","?","$","M","M","R","E","R","T","R","E","M","?","E","R","B",null,"M","$","M","M","?","R","E","R","T","E","M","?","M","E","R","B",null,"M","$","?","?","M","R","M","R","T","E","?","?","R","M","R","B",null],"character_chosen":"THE_SILENT","items_purchased":["Chemical X","Pen Nib","Well Laid Plans","Bag of Preparation"],"campfire_rested":1,"item_purchase_floors":[19,19,19,36],"current_hp_per_floor":[59,59,59,57,57,57,39,39,39,39,37,37,19,18,36,36,54,53,53,53,37,37,37,37,37,37,37,32,44,35,35,35,27,52,49,49,49,49,49,49,39,39,39,34,46,46,46,38,38,22],"gold":183,"neow_bonus":"BOSS_RELIC","is_prod":false,"is_daily":false,"chose_seed":false,"campfire_upgraded":10,"win_rate":0,"timestamp":1549840441,"path_taken":["M","?","$","M","M","R","E","R","T","R","E","M","?","E","R","BOSS","M","$","M","M","?","R","E","R","T","E","M","?","M","E","R","BOSS","M","$","?","?","M","R","?","R","T","E","?","?","R","M","R","BOSS"],"build_version":"2019-01-23","purchased_purges":2,"victory":true,"max_hp_per_floor":[66,60,60,60,60,60,60,60,60,60,60,60,60,60,60,60,60,60,60,60,60,60,60,60,60,60,60,60,60,60,60,60,60,60,60,60,60,60,60,60,60,60,60,60,60,60,60,60,60,60],"card_choices":[{"not_picked":["Outmaneuver","Sucker Punch"],"picked":"Footwork","floor":1},{"not_picked":["Accuracy","Masterful Stab"],"picked":"Infinite Blades","floor":4},{"not_picked":["Crippling Poison","Acrobatics"],"picked":"Dodge and Roll","floor":5},{"not_picked":["Bane","Accuracy"],"picked":"Malaise","floor":7},{"not_picked":["Choke","Poisoned Stab"],"picked":"Slice","floor":11},{"not_picked":["Calculated Gamble","Sucker Punch"],"picked":"Endless Agony","floor":12},{"not_picked":["Skewer","Dodge and Roll"],"picked":"Cloak And Dagger","floor":14},{"not_picked":["Malaise+1","Night Terror+1"],"picked":"Burst+1","floor":16},{"not_picked":["Choke","Well Laid Plans"],"picked":"PiercingWail+1","floor":20},{"not_picked":["Terror+1","Flying Knee"],"picked":"Cloak And Dagger+1","floor":21},{"not_picked":["Outmaneuver+1","Reflex+1","PiercingWail+1"],"picked":"SKIP","floor":24},{"not_picked":["Deflect+1","Dodge and Roll+1"],"picked":"Burst+1","floor":27},{"not_picked":["Bane","Setup+1","Bouncing Flask+1"],"picked":"SKIP","floor":28},{"not_picked":["Dodge and Roll+1","Choke"],"picked":"Escape Plan+1","floor":30},{"not_picked":["Sucker Punch","Masterful Stab"],"picked":"Predator","floor":31},{"not_picked":["Bullet Time+1","Grand Finale"],"picked":"Night Terror+1","floor":33},{"not_picked":["Quick Slash","Sucker Punch"],"picked":"Accuracy","floor":35},{"not_picked":["Outmaneuver+1","Catalyst+1","Crippling Poison+1"],"picked":"SKIP","floor":39},{"not_picked":["Outmaneuver+1","Catalyst+1","Crippling Poison+1"],"picked":"SKIP","floor":39},{"not_picked":["Expertise+1","Cloak And Dagger+1"],"picked":"Backflip+1","floor":41},{"not_picked":["Calculated Gamble+1","Flying Knee","Masterful Stab"],"picked":"SKIP","floor":44},{"not_picked":["Flying Knee","Prepared+1","Noxious Fumes"],"picked":"SKIP","floor":48}],"player_experience":471640,"relics_obtained":[{"floor":7,"key":"Potion Belt"},{"floor":9,"key":"MawBank"},{"floor":11,"key":"Vajra"},{"floor":14,"key":"Toxic Egg 2"},{"floor":24,"key":"Incense Burner"},{"floor":26,"key":"Shuriken"},{"floor":27,"key":"Boot"},{"floor":31,"key":"Smiling Mask"},{"floor":43,"key":"Whetstone"},{"floor":44,"key":"Snake Skull"}],"event_choices":[{"damage_healed":0,"gold_gain":0,"player_choice":"Lose Max HP","damage_taken":0,"relics_obtained":["Golden Idol"],"max_hp_gain":0,"max_hp_loss":6,"event_name":"Golden Idol","floor":2,"gold_loss":0},{"damage_healed":0,"gold_gain":0,"player_choice":"Success","damage_taken":18,"relics_obtained":["Happy Flower"],"max_hp_gain":0,"max_hp_loss":0,"event_name":"Scrap Ooze","floor":13,"gold_loss":0},{"damage_healed":0,"gold_gain":0,"player_choice":"Obtained Relic","damage_taken":0,"relics_obtained":["Bronze Scales"],"max_hp_gain":0,"max_hp_loss":0,"event_name":"Addict","floor":22,"gold_loss":85},{"damage_healed":12,"gold_gain":0,"player_choice":"Heal","damage_taken":0,"max_hp_gain":0,"max_hp_loss":0,"event_name":"The Library","floor":29,"gold_loss":0},{"cards_removed":["Burst"],"damage_healed":0,"gold_gain":0,"player_choice":"Removed Skill","damage_taken":0,"max_hp_gain":0,"max_hp_loss":0,"event_name":"Falling","floor":37,"gold_loss":0},{"damage_healed":0,"gold_gain":0,"player_choice":"Leave","damage_taken":0,"max_hp_gain":0,"max_hp_loss":0,"event_name":"FaceTrader","floor":38,"gold_loss":0},{"damage_healed":12,"gold_gain":0,"player_choice":"Writhe","damage_taken":0,"max_hp_gain":0,"max_hp_loss":0,"event_name":"Winding Halls","floor":45,"gold_loss":0,"cards_obtained":["Writhe"]},{"damage_healed":0,"gold_gain":0,"player_choice":"Forge","damage_taken":0,"max_hp_gain":0,"max_hp_loss":0,"event_name":"Accursed Blacksmith","floor":46,"gold_loss":0,"cards_upgraded":["Defend_G"]}],"is_beta":false,"boss_relics":[{"not_picked":["Black Star","White Beast Statue"],"picked":"Coffee Dripper"},{"not_picked":["Orrery","Philosopher\u0027s Stone"],"picked":"Sozu"}],"items_purged_floors":[3,36],"is_endless":false,"potions_floor_spawned":[1,7,11,12,24,27,31,33,35,41],"ascension_level":15}