{"gold_per_floor":[109,109,109,121,132,132,207,207,207,233,233,260,260,286,286,286],"floor_reached":16,"playtime":818,"items_purged":[],"score":232,"play_id":"ca3afd06-6375-4332-9a33-1c789a05563c","local_time":"20190314211712","is_ascension_mode":true,"campfire_choices":[{"data":"Rampage","floor":6,"key":"SMITH"},{"data":"Deep Breath","floor":8,"key":"SMITH"},{"floor":11,"key":"REST"},{"floor":13,"key":"REST"},{"floor":15,"key":"REST"}],"neow_cost":"NONE","seed_source_timestamp":93202848541129,"circlet_count":0,"master_deck":["AscendersBane","Strike_R","Strike_R+1","Strike_R","Strike_R+1","Strike_R","Defend_R","Defend_R","Defend_R","Defend_R","Bash","Deep Breath+1","Rampage+1","Shrug It Off","Iron Wave","Juggernaut","Headbutt","Entrench"],"relics":["Burning Blood","Thread and Needle","Whetstone","Self Forming Clay","Ancient Tea Set","Dodecahedron"],"potions_floor_usage":[14,16],"damage_taken":[{"damage":10,"enemies":"Small Slimes","floor":1,"turns":6},{"damage":3,"enemies":"Jaw Worm","floor":4,"turns":3},{"damage":0,"enemies":"2 Louse","floor":5,"turns":4},{"damage":30,"enemies":"3 Sentries","floor":10,"turns":13},{"damage":16,"enemies":"Lagavulin","floor":12,"turns":6},{"damage":11,"enemies":"3 Sentries","floor":14,"turns":8},{"damage":63,"enemies":"Slime Boss","floor":16,"turns":7}],"seed_played":"-1786977043438974634","potions_obtained":[{"floor":1,"key":"Ancient Potion"},{"floor":12,"key":"Block Potion"}],"is_trial":false,"path_per_floor":["M","?","?","M","M","R","?","R","T","E","R","E","R","E","R","B"],"character_chosen":"IRONCLAD","items_purchased":[],"campfire_rested":3,"item_purchase_floors":[],"current_hp_per_floor":[64,38,38,41,47,47,36,36,36,12,34,24,46,41,63,0],"gold":286,"neow_bonus":"RANDOM_COLORLESS","is_prod":false,"is_daily":false,"chose_seed":false,"campfire_upgraded":2,"win_rate":0,"timestamp":1552619832,"path_taken":["M","?","?","M","M","R","?","R","T","E","R","E","R","E","R","BOSS"],"build_version":"2019-01-23","purchased_purges":0,"victory":false,"max_hp_per_floor":[75,75,75,75,75,75,75,75,75,75,75,75,75,75,75,75],"card_choices":[{"not_picked":["Flex","Sword Boomerang"],"picked":"Rampage","floor":1},{"not_picked":["Headbutt","Anger"],"picked":"Shrug It Off","floor":4},{"not_picked":["Havoc","Clothesline"],"picked":"Iron Wave","floor":5},{"not_picked":["Feed","Offering"],"picked":"Juggernaut","floor":10},{"not_picked":["Flex","Searing Blow"],"picked":"Headbutt","floor":12},{"not_picked":["Pommel Strike","Bloodletting"],"picked":"Entrench","floor":14}],"player_experience":1432418,"relics_obtained":[{"floor":9,"key":"Whetstone"},{"floor":10,"key":"Self Forming Clay"},{"floor":12,"key":"Ancient Tea Set"},{"floor":14,"key":"Dodecahedron"}],"event_choices":[{"damage_healed":0,"gold_gain":0,"player_choice":"Success","damage_taken":26,"relics_obtained":["Thread and Needle"],"max_hp_gain":0,"max_hp_loss":0,"event_name":"Scrap Ooze","floor":2,"gold_loss":0},{"damage_healed":0,"gold_gain":0,"player_choice":"Ignored","damage_taken":0,"max_hp_gain":0,"max_hp_loss":0,"event_name":"Shining Light","floor":3,"gold_loss":0},{"damage_healed":0,"gold_gain":75,"player_choice":"Gather Gold","damage_taken":11,"max_hp_gain":0,"max_hp_loss":0,"event_name":"World of Goop","floor":7,"gold_loss":0}],"is_beta":false,"boss_relics":[],"items_purged_floors":[],"is_endless":false,"potions_floor_spawned":[1,12],"killed_by":"Slime Boss","ascension_level":20}