{"gold_per_floor":[116,135,146,34,50,50,77,92,119,119,129,144,208,208,208,307,307,319,319,219,230,248,248,282,293,319,122,138,138,237,250,250,346,346,356,356,356,369,385,417,417,446,470,470,470],"floor_reached":45,"playtime":4468,"items_purged":["Defend_B","Strike_B","Dualcast"],"score":522,"play_id":"dacdb7ad-53d8-4cdf-bb0a-bf9a0884269c","local_time":"20190208205623","is_ascension_mode":false,"campfire_choices":[{"data":"Defragment","floor":6,"key":"SMITH"},{"floor":10,"key":"RECALL"},{"data":"Coolheaded","floor":15,"key":"SMITH"},{"data":"Coolheaded","floor":23,"key":"SMITH"},{"floor":29,"key":"REST"},{"floor":32,"key":"REST"},{"floor":41,"key":"REST"}],"neow_cost":"NONE","seed_source_timestamp":214951174661319,"circlet_count":0,"master_deck":["Strike_B","Strike_B","Strike_B","Zap","Hologram","Conserve Battery","Hologram","Defragment+1","Conserve Battery","Coolheaded+1","Stack","Conserve Battery","Coolheaded+1","Echo Form","Hyperbeam+1","Core Surge+1","Leap+1","Loop","Sweeping Beam+1","Cold Snap+1","Seek+1","BootSequence","Coolheaded","Meteor Strike","Madness+1","Madness","Secret Technique","Go for the Eyes","Stack+1","Coolheaded+1"],"relics":["Cracked Core","NeowsBlessing","Sundial","Boot","Astrolabe","Ancient Tea Set","Bronze Scales","Black Star","War Paint","Ginger","Vajra","Bottled Tornado","Centennial Puzzle"],"potions_floor_usage":[7,16,18,21,38,40],"damage_taken":[{"damage":0,"enemies":"Cultist","floor":1,"turns":1},{"damage":0,"enemies":"2 Louse","floor":2,"turns":1},{"damage":0,"enemies":"Small Slimes","floor":3,"turns":1},{"damage":3,"enemies":"Looter","floor":5,"turns":3},{"damage":11,"enemies":"Lagavulin","floor":7,"turns":6},{"damage":3,"enemies":"Blue Slaver","floor":8,"turns":3},{"damage":20,"enemies":"Large Slime","floor":11,"turns":5},{"damage":0,"enemies":"3 Louse","floor":12,"turns":4},{"damage":4,"enemies":"3 Sentries","floor":13,"turns":9},{"damage":12,"enemies":"Slime Boss","floor":16,"turns":14},{"damage":13,"enemies":"2 Thieves","floor":18,"turns":3},{"damage":2,"enemies":"Spheric Guardian","floor":21,"turns":6},{"damage":4,"enemies":"Snecko","floor":22,"turns":5},{"damage":41,"enemies":"Slavers","floor":24,"turns":4},{"damage":11,"enemies":"Sentry and Sphere","floor":25,"turns":8},{"damage":5,"enemies":"3 Cultists","floor":28,"turns":3},{"damage":4,"enemies":"Snake Plant","floor":31,"turns":4},{"damage":12,"enemies":"Champ","floor":33,"turns":19},{"damage":11,"enemies":"3 Shapes","floor":35,"turns":3},{"damage":0,"enemies":"Orb Walker","floor":38,"turns":5},{"damage":3,"enemies":"4 Shapes","floor":39,"turns":2},{"damage":41,"enemies":"Giant Head","floor":40,"turns":11},{"damage":26,"enemies":"Reptomancer","floor":42,"turns":8},{"damage":21,"enemies":"Transient","floor":45,"turns":5}],"seed_played":"68351385957950379","potions_obtained":[{"floor":1,"key":"Poison Potion"},{"floor":7,"key":"SteroidPotion"},{"floor":8,"key":"Energy Potion"},{"floor":13,"key":"Fire Potion"},{"floor":16,"key":"Swift Potion"},{"floor":28,"key":"Strength Potion"},{"floor":31,"key":"Weak Potion"},{"floor":35,"key":"FearPotion"},{"floor":38,"key":"SteroidPotion"}],"is_trial":false,"path_per_floor":["M","M","M","$","M","R","E","M","T","R","M","M","?","?","R","B",null,"M","?","$","M","M","R","E","M","T","$","M","R","?","M","R","B",null,"M","?","?","M","M","E","R","E","T","?","M"],"character_chosen":"DEFECT","items_purchased":["Defragment","Seek"],"campfire_rested":3,"item_purchase_floors":[4,27],"current_hp_per_floor":[75,75,75,75,72,72,61,58,58,58,38,38,34,39,39,27,80,67,67,67,65,61,61,20,9,9,9,4,28,28,24,48,36,80,69,59,59,59,56,15,39,13,13,13,0],"gold":470,"neow_bonus":"THREE_ENEMY_KILL","is_prod":false,"is_daily":false,"chose_seed":false,"campfire_upgraded":3,"win_rate":0,"timestamp":1549677383,"path_taken":["M","M","M","$","M","R","E","?","T","R","M","?","?","?","R","BOSS","M","?","$","M","M","R","E","M","T","$","M","R","?","M","R","BOSS","M","?","?","M","M","E","R","E","T","?","?"],"build_version":"2019-01-23","purchased_purges":3,"victory":false,"max_hp_per_floor":[75,75,75,75,75,75,75,75,75,75,75,75,75,80,80,80,80,80,80,80,80,80,80,80,80,80,80,80,80,80,80,80,80,80,80,80,80,80,80,80,80,80,80,80,80],"card_choices":[{"not_picked":["Gash","Static Discharge"],"picked":"Hologram","floor":1},{"not_picked":["Sweeping Beam","Coolheaded"],"picked":"Conserve Battery","floor":2},{"not_picked":["Barrage","Undo"],"picked":"Hologram","floor":3},{"not_picked":["Sweeping Beam","Leap"],"picked":"Conserve Battery","floor":5},{"not_picked":["Melter","Gash"],"picked":"Coolheaded","floor":7},{"not_picked":["Steam","Chaos"],"picked":"Stack","floor":8},{"not_picked":["Gash","Core Surge"],"picked":"Conserve Battery","floor":11},{"not_picked":["Barrage","Reprogram","Undo"],"picked":"SKIP","floor":12},{"not_picked":["Force Field","Barrage"],"picked":"Coolheaded","floor":13},{"not_picked":["Amplify","Reboot"],"picked":"Echo Form","floor":16},{"not_picked":["Compile Driver","Undo+1","Lockon"],"picked":"SKIP","floor":18},{"not_picked":["Undo","Storm"],"picked":"Loop","floor":21},{"not_picked":["Rebound","Fusion"],"picked":"Sweeping Beam+1","floor":22},{"not_picked":["Conserve Battery+1","Storm+1"],"picked":"Cold Snap+1","floor":24},{"not_picked":["Turbo","Redo","Core Surge"],"picked":"SKIP","floor":25},{"not_picked":["Streamline","Aggregate"],"picked":"BootSequence","floor":28},{"not_picked":["Compile Driver","Darkness"],"picked":"Coolheaded","floor":31},{"not_picked":["Thunder Strike","Rainbow"],"picked":"Meteor Strike","floor":33},{"not_picked":["Redo","Storm","Turbo"],"picked":"SKIP","floor":35},{"not_picked":["Swift Strike","Dramatic Entrance"],"picked":"Secret Technique","floor":37},{"not_picked":["Compile Driver+1","Redo"],"picked":"Go for the Eyes","floor":38},{"not_picked":["Doom and Gloom+1","Genetic Algorithm"],"picked":"Stack+1","floor":39},{"not_picked":["Doom and Gloom+1","Fusion"],"picked":"Coolheaded+1","floor":40},{"not_picked":["Barrage","Sweeping Beam+1","Auto Shields"],"picked":"SKIP","floor":42}],"player_experience":173580,"relics_obtained":[{"floor":7,"key":"Sundial"},{"floor":13,"key":"Boot"},{"floor":24,"key":"Ancient Tea Set"},{"floor":26,"key":"Bronze Scales"},{"floor":40,"key":"War Paint"},{"floor":40,"key":"Ginger"},{"floor":42,"key":"Vajra"},{"floor":42,"key":"Bottled Tornado"},{"floor":43,"key":"Centennial Puzzle"}],"event_choices":[{"damage_healed":0,"gold_gain":0,"player_choice":"Searched \u00271\u0027 times","damage_taken":0,"max_hp_gain":0,"max_hp_loss":0,"event_name":"Dead Adventurer","floor":13,"gold_loss":0},{"damage_healed":0,"gold_gain":0,"player_choice":"Donut","damage_taken":0,"max_hp_gain":5,"max_hp_loss":0,"event_name":"Big Fish","floor":14,"gold_loss":0},{"damage_healed":0,"gold_gain":0,"player_choice":"Ignored","damage_taken":0,"max_hp_gain":0,"max_hp_loss":0,"event_name":"Ghosts","floor":19,"gold_loss":0},{"damage_healed":0,"gold_gain":99,"player_choice":"Stole From Cult","damage_taken":0,"max_hp_gain":0,"max_hp_loss":0,"event_name":"Nest","floor":30,"gold_loss":0},{"damage_healed":0,"gold_gain":0,"player_choice":"Embrace Madness","damage_taken":10,"max_hp_gain":0,"max_hp_loss":0,"event_name":"Winding Halls","floor":36,"gold_loss":0,"cards_obtained":["Madness","Madness"]},{"damage_healed":0,"gold_gain":0,"player_choice":"Memory 1","damage_taken":0,"max_hp_gain":0,"max_hp_loss":0,"event_name":"SensoryStone","floor":37,"gold_loss":0},{"damage_healed":0,"gold_gain":0,"player_choice":"Ignored","damage_taken":0,"max_hp_gain":0,"max_hp_loss":0,"event_name":"NoteForYourself","floor":44,"gold_loss":0}],"is_beta":false,"boss_relics":[{"not_picked":["Coffee Dripper","White Beast Statue"],"picked":"Astrolabe"},{"not_picked":["Eternal Feather","Tiny House"],"picked":"Black Star"}],"items_purged_floors":[4,20,27],"is_endless":false,"potions_floor_spawned":[1,7,8,13,16,28,31,35,38],"killed_by":"Transient","ascension_level":0}