{"gold_per_floor":[110,110,131,49,49,49,68,109,179,223,244,260,260,284,284,409,409,424,444,462,475,198,198,232,272,272,305,53,53,71,71,71,202,202,227,227,252,28,41,41,62,62,62,86,86,86,127,349,349,349],"floor_reached":50,"playtime":2290,"items_purged":["Strike_R","Strike_R","Strike_R+1"],"score":733,"play_id":"00344826-b442-4de4-ba33-2ea759c3828a","local_time":"20190308231232","is_ascension_mode":true,"campfire_choices":[{"data":"Bash","floor":6,"key":"SMITH"},{"floor":13,"key":"REST"},{"data":"Limit Break","floor":15,"key":"SMITH"},{"floor":23,"key":"REST"},{"floor":29,"key":"REST"},{"floor":32,"key":"REST"},{"data":"Limit Break","floor":40,"key":"SMITH"},{"floor":42,"key":"REST"},{"data":"Demon Form","floor":45,"key":"SMITH"},{"data":"Metamorphosis","floor":49,"key":"SMITH"}],"neow_cost":"NONE","seed_source_timestamp":1664201942384678,"circlet_count":0,"master_deck":["Strike_R+1","Strike_R+1","Defend_R+1","Defend_R+1","Defend_R+1","Defend_R+1","Bash+1","Metallicize","Warcry","Metallicize","Intimidate","Demon Form+1","Pummel","Seeing Red","Limit Break+1","Limit Break+1","Heavy Blade","Whirlwind+1","Shrug It Off","Shrug It Off","Metallicize","Metamorphosis+1","Flex+1","Ghostly Armor","Trip","Pummel+1","Writhe","Clothesline+1","Dramatic Entrance","Rage+1"],"relics":["Burning Blood","Golden Idol","NlothsMask","Strawberry","PreservedInsect","Cursed Key","Membership Card","Kunai","Red Mask","Shuriken","Regal Pillow","Orichalcum","Philosopher\u0027s Stone","Spirit Poop","Potion Belt","Question Card"],"potions_floor_usage":[10,14,21,24,25,27,50,50,50,50],"damage_taken":[{"damage":5,"enemies":"2 Louse","floor":1,"turns":4},{"damage":13,"enemies":"Small Slimes","floor":3,"turns":5},{"damage":3,"enemies":"Cultist","floor":7,"turns":5},{"damage":30,"enemies":"3 Sentries","floor":8,"turns":16},{"damage":18,"enemies":"Gremlin Nob","floor":10,"turns":5},{"damage":5,"enemies":"2 Fungi Beasts","floor":11,"turns":6},{"damage":14,"enemies":"Looter","floor":12,"turns":4},{"damage":8,"enemies":"Red Slaver","floor":14,"turns":4},{"damage":29,"enemies":"Slime Boss","floor":16,"turns":11},{"damage":12,"enemies":"Chosen","floor":18,"turns":6},{"damage":28,"enemies":"Spheric Guardian","floor":19,"turns":6},{"damage":36,"enemies":"Centurion and Healer","floor":20,"turns":5},{"damage":20,"enemies":"Chosen and Byrds","floor":21,"turns":6},{"damage":7,"enemies":"Slavers","floor":24,"turns":2},{"damage":11,"enemies":"Masked Bandits","floor":25,"turns":3},{"damage":33,"enemies":"Book of Stabbing","floor":27,"turns":6},{"damage":25,"enemies":"Snake Plant","floor":30,"turns":5},{"damage":55,"enemies":"Automaton","floor":33,"turns":8},{"damage":13,"enemies":"Orb Walker","floor":35,"turns":4},{"damage":5,"enemies":"3 Shapes","floor":37,"turns":4},{"damage":33,"enemies":"3 Darklings","floor":39,"turns":3},{"damage":17,"enemies":"Sphere and 2 Shapes","floor":41,"turns":5},{"damage":16,"enemies":"Spire Growth","floor":44,"turns":5},{"damage":7,"enemies":"Nemesis","floor":47,"turns":5},{"damage":77,"enemies":"Donu and Deca","floor":50,"turns":9}],"seed_played":"-6528182715030595687","potions_obtained":[{"floor":1,"key":"FearPotion"},{"floor":10,"key":"AttackPotion"},{"floor":11,"key":"Ancient Potion"},{"floor":12,"key":"LiquidBronze"},{"floor":16,"key":"BloodPotion"},{"floor":18,"key":"Energy Potion"},{"floor":24,"key":"Swift Potion"},{"floor":39,"key":"EssenceOfSteel"},{"floor":41,"key":"Weak Potion"},{"floor":44,"key":"SkillPotion"}],"is_trial":false,"path_per_floor":["M","?","M","$","?","R","M","E","T","E","M","M","R","M","R","B",null,"M","M","M","M","$","R","E","?","T","E","$","R","M","?","R","B",null,"M","?","M","$","M","R","M","R","T","M","R","?","E","?","R","B"],"character_chosen":"IRONCLAD","items_purchased":["Metallicize","Membership Card","Shrug It Off","Explosive Potion","Orichalcum","Metamorphosis","Energy Potion","Ghostly Armor","Potion Belt","Trip"],"campfire_rested":5,"item_purchase_floors":[4,22,22,22,28,28,28,38,38,38],"current_hp_per_floor":[88,66,59,59,59,59,62,45,45,33,34,26,54,52,52,29,79,73,51,21,16,16,44,43,38,38,11,11,54,35,35,78,29,79,72,72,73,73,46,46,35,78,78,68,68,68,67,67,67,0],"gold":349,"neow_bonus":"TEN_PERCENT_HP_BONUS","is_prod":false,"is_daily":false,"chose_seed":false,"campfire_upgraded":5,"win_rate":0,"timestamp":1552104752,"path_taken":["M","?","M","$","?","R","M","E","T","E","M","?","R","M","R","BOSS","M","M","M","M","$","R","E","?","T","E","$","R","M","?","R","BOSS","M","?","M","$","?","R","M","R","T","M","R","?","E","?","R","BOSS"],"build_version":"2019-01-23","purchased_purges":3,"victory":false,"max_hp_per_floor":[88,88,88,88,88,88,88,95,95,95,95,95,95,95,95,95,95,95,95,95,95,95,95,95,95,95,95,95,95,95,95,95,95,95,95,95,95,95,95,95,95,95,95,95,95,95,95,95,95,95],"card_choices":[{"not_picked":["Bloodletting","Clash"],"picked":"Metallicize","floor":1},{"not_picked":["Second Wind","Havoc"],"picked":"Warcry","floor":3},{"not_picked":["Heavy Blade","Second Wind","Pommel Strike"],"picked":"SKIP","floor":7},{"not_picked":["Body Slam","Twin Strike"],"picked":"Intimidate","floor":8},{"not_picked":["Combust","Thunderclap"],"picked":"Demon Form","floor":10},{"not_picked":["Warcry","Pommel Strike"],"picked":"Pummel","floor":11},{"not_picked":["Corruption","Heavy Blade"],"picked":"Seeing Red","floor":12},{"not_picked":["Havoc","Twin Strike"],"picked":"Limit Break","floor":14},{"not_picked":["Exhume","Berserk"],"picked":"Limit Break","floor":16},{"not_picked":["Havoc+1","Anger"],"picked":"Heavy Blade","floor":18},{"not_picked":["Warcry","Twin Strike"],"picked":"Whirlwind+1","floor":19},{"not_picked":["Entrench","Body Slam","Twin Strike"],"picked":"SKIP","floor":20},{"not_picked":["Berserk","Headbutt"],"picked":"Shrug It Off","floor":21},{"not_picked":["Juggernaut","Havoc"],"picked":"Metallicize","floor":24},{"not_picked":["Carnage","Heavy Blade","Reckless Charge"],"picked":"SKIP","floor":27},{"not_picked":["Shockwave","True Grit"],"picked":"Flex+1","floor":30},{"not_picked":["Thunderclap","Entrench","Anger"],"picked":"SKIP","floor":35},{"not_picked":["Sword Boomerang","Feel No Pain","Flex+1"],"picked":"SKIP","floor":37},{"not_picked":["Body Slam","Clash+1","Armaments"],"picked":"SKIP","floor":39},{"not_picked":["Twin Strike","Searing Blow"],"picked":"Pummel+1","floor":41},{"not_picked":["Iron Wave+1","Sword Boomerang+1"],"picked":"Clothesline+1","floor":44},{"not_picked":["Violence","Good Instincts"],"picked":"Dramatic Entrance","floor":46},{"not_picked":["Flex+1","Anger+1"],"picked":"Rage+1","floor":47}],"player_experience":277285,"relics_obtained":[{"floor":8,"key":"Strawberry"},{"floor":10,"key":"PreservedInsect"},{"floor":24,"key":"Kunai"},{"floor":25,"key":"Red Mask"},{"floor":26,"key":"Shuriken"},{"floor":27,"key":"Regal Pillow"},{"floor":47,"key":"Question Card"}],"event_choices":[{"damage_healed":0,"gold_gain":0,"player_choice":"Take Damage","damage_taken":22,"relics_obtained":["Golden Idol"],"max_hp_gain":0,"max_hp_loss":0,"event_name":"Golden Idol","floor":2,"gold_loss":0},{"damage_healed":0,"gold_gain":0,"player_choice":"Trade","damage_taken":0,"relics_obtained":["NlothsMask"],"max_hp_gain":0,"max_hp_loss":0,"event_name":"FaceTrader","floor":5,"gold_loss":0},{"damage_healed":0,"gold_gain":0,"player_choice":"Fought Bandits","damage_taken":0,"max_hp_gain":0,"max_hp_loss":0,"event_name":"Masked Bandits","floor":25,"gold_loss":0},{"damage_healed":0,"gold_gain":0,"player_choice":"Simplicity","damage_taken":0,"max_hp_gain":0,"max_hp_loss":0,"event_name":"Back to Basics","floor":31,"gold_loss":0,"cards_upgraded":["Strike_R","Strike_R","Strike_R","Defend_R","Defend_R","Defend_R","Defend_R"]},{"cards_removed":["Pain"],"damage_healed":0,"gold_gain":0,"player_choice":"Offered Curse","damage_taken":0,"relics_obtained":["Spirit Poop"],"max_hp_gain":0,"max_hp_loss":0,"event_name":"Bonfire Elementals","floor":36,"gold_loss":0},{"damage_healed":0,"gold_gain":0,"player_choice":"Memory 1","damage_taken":0,"max_hp_gain":0,"max_hp_loss":0,"event_name":"SensoryStone","floor":46,"gold_loss":0},{"damage_healed":0,"gold_gain":222,"player_choice":"Wore Mask","damage_taken":0,"max_hp_gain":0,"max_hp_loss":0,"event_name":"Tomb of Lord Red Mask","floor":48,"gold_loss":0}],"is_beta":false,"boss_relics":[{"not_picked":["Snecko Eye","Coffee Dripper"],"picked":"Cursed Key"},{"not_picked":["Runic Cube","Mark of Pain"],"picked":"Philosopher\u0027s Stone"}],"items_purged_floors":[22,28,38],"is_endless":false,"potions_floor_spawned":[1,10,11,12,16,18,24,39,41,44],"killed_by":"Donu and Deca","ascension_level":5}