{"gold_per_floor":[112,129,147,158,176,176,12,23,94,94,110,110,130,143,143,244,244,262,51,64,80,5,5,21,33,60,60,79,79],"floor_reached":29,"playtime":4716,"items_purged":[],"score":225,"play_id":"14846582-d66f-4215-9cd2-770f97d08b39","local_time":"20190316164401","is_ascension_mode":false,"campfire_choices":[{"data":"Cleave","floor":6,"key":"SMITH"},{"data":"Double Tap","floor":10,"key":"SMITH"},{"data":"Secret Weapon","floor":12,"key":"SMITH"},{"floor":15,"key":"REST"},{"floor":23,"key":"REST"}],"neow_cost":"NONE","seed_source_timestamp":1090266786063703,"circlet_count":0,"master_deck":["Strike_R","Strike_R","Strike_R","Strike_R","Strike_R","Defend_R","Bash","Pommel Strike","Cleave+1","Anger","Shrug It Off","Anger","Secret Weapon+1","Double Tap+1","Evolve","Pummel","Shrug It Off","Immolate","Cleave+1","Spot Weakness","Trip+1","Pommel Strike","Dropkick+1","Headbutt","Whirlwind+1","Cleave","Immolate"],"relics":["Empty Cage","Question Card","Sozu","Ancient Tea Set"],"potions_floor_usage":[14,16,16,18],"damage_taken":[{"damage":6,"enemies":"Cultist","floor":1,"turns":3},{"damage":7,"enemies":"Small Slimes","floor":2,"turns":3},{"damage":0,"enemies":"2 Louse","floor":3,"turns":2},{"damage":30,"enemies":"Exordium Thugs","floor":4,"turns":4},{"damage":0,"enemies":"Large Slime","floor":5,"turns":4},{"damage":7,"enemies":"Looter","floor":8,"turns":3},{"damage":0,"enemies":"Lots of Slimes","floor":11,"turns":2},{"damage":0,"enemies":"3 Louse","floor":13,"turns":2},{"damage":13,"enemies":"Exordium Thugs","floor":14,"turns":3},{"damage":27,"enemies":"Hexaghost","floor":16,"turns":8},{"damage":9,"enemies":"2 Thieves","floor":18,"turns":3},{"damage":24,"enemies":"Shell Parasite","floor":20,"turns":3},{"damage":10,"enemies":"Snecko","floor":21,"turns":3},{"damage":24,"enemies":"Sentry and Sphere","floor":24,"turns":4},{"damage":7,"enemies":"3 Cultists","floor":25,"turns":3},{"damage":22,"enemies":"Snecko","floor":28,"turns":4},{"damage":14,"enemies":"Snake Plant","floor":29,"turns":2}],"seed_played":"-802508704761977590","potions_obtained":[{"floor":3,"key":"Poison Potion"},{"floor":8,"key":"Regen Potion"},{"floor":11,"key":"SpeedPotion"},{"floor":14,"key":"EntropicBrew"}],"is_trial":false,"path_per_floor":["M","M","M","M","M","R","$","M","T","R","M","R","M","M","R","B",null,"M","$","M","M","?","R","M","M","T","?","M","M"],"character_chosen":"IRONCLAD","items_purchased":["Secret Weapon","Spot Weakness","Trip","Pommel Strike"],"campfire_rested":2,"item_purchase_floors":[7,19,19,19],"current_hp_per_floor":[74,67,67,37,37,37,37,30,30,30,30,30,30,22,46,19,80,71,71,47,37,37,61,37,30,30,30,8,0],"gold":79,"neow_bonus":"BOSS_RELIC","is_prod":false,"is_daily":false,"chose_seed":false,"campfire_upgraded":3,"win_rate":0,"timestamp":1552769041,"path_taken":["M","M","M","M","M","R","$","M","T","R","M","R","?","M","R","BOSS","M","$","M","M","?","R","M","M","T","?","M","?"],"build_version":"2019-01-23","purchased_purges":0,"victory":false,"max_hp_per_floor":[80,80,80,80,80,80,80,80,80,80,80,80,80,80,80,80,80,80,80,80,80,80,80,80,80,80,80,80,80],"card_choices":[{"not_picked":["Second Wind","Clash"],"picked":"Pommel Strike","floor":1},{"not_picked":["True Grit","Clash"],"picked":"Cleave","floor":2},{"not_picked":["Evolve","Warcry"],"picked":"Anger","floor":3},{"not_picked":["Bloodletting","Warcry"],"picked":"Shrug It Off","floor":4},{"not_picked":["Shrug It Off","Spot Weakness"],"picked":"Anger","floor":5},{"not_picked":["Evolve","Clothesline"],"picked":"Double Tap","floor":8},{"not_picked":["Thunderclap","Inflame","Armaments"],"picked":"Evolve","floor":11},{"not_picked":["Ghostly Armor","True Grit","Clothesline"],"picked":"Pummel","floor":13},{"not_picked":["Burning Pact","Armaments","Shockwave"],"picked":"Shrug It Off","floor":14},{"not_picked":["Barricade","Impervious","Feed"],"picked":"Immolate","floor":16},{"not_picked":["Dropkick","Rage","Flex"],"picked":"Cleave+1","floor":18},{"not_picked":["Shrug It Off","Wild Strike","Flex"],"picked":"Dropkick+1","floor":20},{"not_picked":["Iron Wave","Feel No Pain","Body Slam"],"picked":"Headbutt","floor":21},{"not_picked":["Body Slam","Clothesline","Shrug It Off+1"],"picked":"Whirlwind+1","floor":24},{"not_picked":["Wild Strike","Seeing Red","Pommel Strike"],"picked":"Cleave","floor":25},{"not_picked":["Flex","True Grit+1","Searing Blow"],"picked":"Immolate","floor":28}],"player_experience":18968,"relics_obtained":[{"floor":9,"key":"Question Card"},{"floor":26,"key":"Ancient Tea Set"}],"event_choices":[{"cards_removed":["Defend_R"],"damage_healed":0,"gold_gain":0,"player_choice":"Gave Gold","damage_taken":0,"max_hp_gain":0,"max_hp_loss":0,"event_name":"Beggar","floor":22,"gold_loss":75},{"damage_healed":0,"gold_gain":0,"player_choice":"Forge","damage_taken":0,"max_hp_gain":0,"max_hp_loss":0,"event_name":"Accursed Blacksmith","floor":27,"gold_loss":0,"cards_upgraded":["Trip"]}],"is_beta":false,"boss_relics":[{"not_picked":["Fusion Hammer","Runic Cube"],"picked":"Sozu"}],"items_purged_floors":[],"is_endless":false,"potions_floor_spawned":[3,8,11,13,14,18,20,24,28],"killed_by":"Snake Plant","ascension_level":0}