{"gold_per_floor":[113,113,113,132,152,152,164,19,19,33,33,33,33,48,48,48],"floor_reached":16,"playtime":497,"items_purged":[],"score":91,"play_id":"d4dc0c47-3068-4694-8b45-ff4f2e401897","local_time":"20190102050423","is_ascension_mode":false,"campfire_choices":[{"data":"Survivor","floor":6,"key":"SMITH"},{"data":"Deadly Poison","floor":13,"key":"SMITH"},{"data":"Distraction","floor":15,"key":"SMITH"}],"neow_cost":"NONE","seed_source_timestamp":1074170074431816,"circlet_count":0,"master_deck":["Defend_G","Defend_G","Defend_G","Defend_G","Strike_G","Strike_G","Strike_G","Strike_G","Strike_G","Survivor+1","Neutralize","Dagger Throw","Backflip","Deadly Poison+1","Escape Plan","Envenom+1","Distraction+1"],"relics":["Ring of the Snake","Letter Opener","Spirit Poop","Omamori","Paper Crane"],"potions_floor_usage":[16,16],"damage_taken":[{"damage":1,"enemies":"Cultist","floor":1,"turns":5},{"damage":3,"enemies":"Jaw Worm","floor":4,"turns":3},{"damage":0,"enemies":"Small Slimes","floor":5,"turns":3},{"damage":14,"enemies":"Exordium Thugs","floor":7,"turns":6},{"damage":4,"enemies":"Gremlin Gang","floor":10,"turns":4},{"damage":1,"enemies":"3 Louse","floor":14,"turns":3},{"damage":55,"enemies":"Slime Boss","floor":16,"turns":9}],"seed_played":"-2101496655134016260","potions_obtained":[{"floor":5,"key":"FearPotion"},{"floor":10,"key":"Weak Potion"}],"is_trial":false,"path_per_floor":["M","?","?","M","M","R","M","$","T","M","$","?","R","M","R","B"],"character_chosen":"THE_SILENT","items_purchased":["Omamori"],"campfire_rested":0,"item_purchase_floors":[8],"current_hp_per_floor":[69,69,69,66,66,66,52,52,52,48,48,48,48,47,47,0],"gold":48,"neow_bonus":"REMOVE_CARD","is_prod":false,"is_daily":false,"chose_seed":false,"campfire_upgraded":3,"win_rate":0,"timestamp":1546373063,"path_taken":["M","?","?","M","M","R","?","$","T","M","?","?","R","M","R","BOSS"],"build_version":"2018-12-20","purchased_purges":0,"victory":false,"max_hp_per_floor":[70,70,70,70,70,70,70,70,70,70,70,70,70,70,70,70],"card_choices":[{"not_picked":["Slice","All Out Attack"],"picked":"Dagger Throw","floor":1},{"not_picked":["Infinite Blades","Dodge and Roll"],"picked":"Backflip","floor":4},{"not_picked":["Blade Dance","Acrobatics"],"picked":"Deadly Poison","floor":5},{"not_picked":["Outmaneuver","Slice"],"picked":"Escape Plan","floor":7},{"not_picked":["Dodge and Roll","Underhanded Strike"],"picked":"Envenom","floor":10},{"not_picked":["Escape Plan","Dagger Spray"],"picked":"Distraction","floor":14}],"player_experience":298128,"relics_obtained":[{"floor":9,"key":"Paper Crane"}],"event_choices":[{"damage_healed":0,"gold_gain":0,"player_choice":"Box","damage_taken":0,"relics_obtained":["Letter Opener"],"max_hp_gain":0,"max_hp_loss":0,"event_name":"Big Fish","floor":2,"gold_loss":0,"cards_obtained":["Regret"]},{"cards_removed":["Regret"],"damage_healed":0,"gold_gain":0,"player_choice":"Offered Curse","damage_taken":0,"relics_obtained":["Spirit Poop"],"max_hp_gain":0,"max_hp_loss":0,"event_name":"Bonfire Elementals","floor":3,"gold_loss":0},{"damage_healed":0,"gold_gain":0,"player_choice":"Upgraded","damage_taken":0,"max_hp_gain":0,"max_hp_loss":0,"event_name":"Upgrade Shrine","floor":12,"gold_loss":0,"cards_upgraded":["Envenom"]}],"is_beta":false,"boss_relics":[],"items_purged_floors":[],"is_endless":false,"potions_floor_spawned":[5,10],"killed_by":"Slime Boss","ascension_level":0}