{"gold_per_floor":[113,14,34,34,46,46,79,79,133,158,200,41,41,65,65,65],"floor_reached":16,"playtime":585,"items_purged":["Shame"],"score":171,"play_id":"2464996a-731b-4aad-b563-dec1e794b120","local_time":"20190318040654","is_ascension_mode":true,"campfire_choices":[{"data":"True Grit","floor":6,"key":"SMITH"},{"data":"Rampage","floor":8,"key":"SMITH"},{"floor":15,"key":"REST"}],"neow_cost":"CURSE","seed_source_timestamp":347375628914819,"circlet_count":0,"master_deck":["AscendersBane","Strike_R","Strike_R","Strike_R","Strike_R","Strike_R","Defend_R","Defend_R","Defend_R","Bash","Rampage+1","Shrug It Off","Iron Wave","True Grit+1","Infernal Blade","Headbutt","Whirlwind","Discovery","Rage","Body Slam"],"relics":["Burning Blood","Peace Pipe","Juzu Bracelet","MawBank","Orichalcum","Golden Idol"],"potions_floor_usage":[7,7],"damage_taken":[{"damage":6,"enemies":"Cultist","floor":1,"turns":3},{"damage":8,"enemies":"Jaw Worm","floor":3,"turns":5},{"damage":7,"enemies":"Small Slimes","floor":5,"turns":3},{"damage":37,"enemies":"Lagavulin","floor":7,"turns":7},{"damage":9,"enemies":"2 Fungi Beasts","floor":10,"turns":3},{"damage":27,"enemies":"3 Sentries","floor":11,"turns":9},{"damage":3,"enemies":"Exordium Wildlife","floor":14,"turns":5},{"damage":40,"enemies":"Hexaghost","floor":16,"turns":9}],"seed_played":"7690130610786259528","potions_obtained":[{"floor":1,"key":"LiquidBronze"},{"floor":3,"key":"Weak Potion"}],"is_trial":false,"path_per_floor":["M","$","M","?","M","R","E","R","T","M","E","$","?","M","R","B"],"character_chosen":"IRONCLAD","items_purchased":["Shrug It Off","Discovery","Rage"],"campfire_rested":1,"item_purchase_floors":[2,12,12],"current_hp_per_floor":[72,72,70,70,69,69,38,38,38,35,14,14,14,17,39,0],"gold":65,"neow_bonus":"ONE_RARE_RELIC","is_prod":false,"is_daily":false,"chose_seed":false,"campfire_upgraded":2,"win_rate":0,"timestamp":1552849614,"path_taken":["M","?","?","?","M","R","E","R","T","M","E","?","?","M","R","BOSS"],"build_version":"2019-01-23","purchased_purges":1,"victory":false,"max_hp_per_floor":[80,80,80,80,80,80,80,80,80,80,80,80,74,74,74,74],"card_choices":[{"not_picked":["Warcry","Evolve"],"picked":"Rampage","floor":1},{"not_picked":["Pummel","Twin Strike"],"picked":"Iron Wave","floor":3},{"not_picked":["Warcry","Reckless Charge"],"picked":"True Grit","floor":5},{"not_picked":["Perfected Strike","Flex"],"picked":"Infernal Blade","floor":7},{"not_picked":["Havoc","Thunderclap"],"picked":"Headbutt","floor":10},{"not_picked":["Inflame","Power Through"],"picked":"Whirlwind","floor":11},{"not_picked":["Thunderclap","Sword Boomerang"],"picked":"Body Slam","floor":14}],"player_experience":556796,"relics_obtained":[{"floor":7,"key":"Juzu Bracelet"},{"floor":9,"key":"MawBank"},{"floor":11,"key":"Orichalcum"}],"event_choices":[{"cards_removed":["Defend_R"],"damage_healed":0,"gold_gain":0,"player_choice":"Purged","damage_taken":0,"max_hp_gain":0,"max_hp_loss":0,"event_name":"Purifier","floor":4,"gold_loss":0},{"damage_healed":0,"gold_gain":0,"player_choice":"Lose Max HP","damage_taken":0,"relics_obtained":["Golden Idol"],"max_hp_gain":0,"max_hp_loss":6,"event_name":"Golden Idol","floor":13,"gold_loss":0}],"is_beta":false,"boss_relics":[],"items_purged_floors":[2],"is_endless":false,"potions_floor_spawned":[1,3,5],"killed_by":"Hexaghost","ascension_level":11}