{"gold_per_floor":[116,116,127,127,137,163,179,179,259,278,123,23,38,71,71,175,175,185,136,136,136],"floor_reached":21,"playtime":2028,"items_purged":["Dualcast","Scrape"],"score":189,"play_id":"b19e7f1f-28fd-48c9-b883-50b60d7d22cd","local_time":"20190211201525","is_ascension_mode":false,"campfire_choices":[{"floor":8,"key":"RECALL"},{"data":"Defragment","floor":15,"key":"SMITH"}],"neow_cost":"NONE","seed_source_timestamp":474169073759010,"circlet_count":0,"master_deck":["Capacitor","Undo","Thunder Strike","Reprogram","Chaos+1","Turbo","Hologram+1","Conserve Battery","Go for the Eyes","Ball Lightning","Ball Lightning","Loop","Conserve Battery","Defragment+1","Seek","Steam Power+1","Rebound+1","Creative AI+1","Coolheaded","Conserve Battery"],"relics":["Pandora\u0027s Box","StoneCalendar","Bag of Marbles","Astrolabe"],"potions_floor_usage":[6,6,10,10,10,10,10,16,21],"damage_taken":[{"damage":2,"enemies":"Small Slimes","floor":1,"turns":4},{"damage":0,"enemies":"2 Louse","floor":3,"turns":2},{"damage":0,"enemies":"Cultist","floor":5,"turns":2},{"damage":6,"enemies":"3 Sentries","floor":6,"turns":4},{"damage":5,"enemies":"Exordium Thugs","floor":7,"turns":4},{"damage":0,"enemies":"Gremlin Gang","floor":10,"turns":1},{"damage":0,"enemies":"Red Slaver","floor":13,"turns":3},{"damage":29,"enemies":"Gremlin Nob","floor":14,"turns":5},{"damage":11,"enemies":"Hexaghost","floor":16,"turns":6},{"damage":15,"enemies":"3 Byrds","floor":18,"turns":4},{"damage":31,"enemies":"Colosseum Slavers","floor":21,"turns":5},{"damage":40,"enemies":"Colosseum Nobs","floor":21,"turns":3}],"seed_played":"5001101230837372955","potions_obtained":[{"floor":1,"key":"Energy Potion"},{"floor":5,"key":"Regen Potion"},{"floor":6,"key":"FearPotion"},{"floor":7,"key":"EntropicBrew"},{"floor":14,"key":"PowerPotion"},{"floor":16,"key":"FocusPotion"}],"is_trial":false,"path_per_floor":["M","?","M","?","M","E","M","R","T","M","$","$","M","E","R","B",null,"M","$","?","?"],"character_chosen":"DEFECT","items_purchased":["Loop","Conserve Battery","Conserve Battery"],"campfire_rested":0,"item_purchase_floors":[11,11,19],"current_hp_per_floor":[73,58,58,58,58,64,59,59,59,59,59,59,59,30,30,19,75,60,60,60,0],"gold":136,"neow_bonus":"BOSS_RELIC","is_prod":false,"is_daily":false,"chose_seed":false,"campfire_upgraded":1,"win_rate":0,"timestamp":1549934125,"path_taken":["M","?","M","?","M","E","?","R","T","M","?","$","?","E","R","BOSS","M","$","?","?"],"build_version":"2019-01-23","purchased_purges":2,"victory":false,"max_hp_per_floor":[75,75,75,75,75,75,75,75,75,75,75,75,75,75,75,75,75,75,75,75,75],"card_choices":[{"not_picked":["Reinforced Body","Undo"],"picked":"Hologram","floor":1},{"not_picked":["Hologram","Stack"],"picked":"Consume","floor":3},{"not_picked":["Ball Lightning","Leap"],"picked":"Conserve Battery","floor":5},{"not_picked":["Hologram","Aggregate"],"picked":"Go for the Eyes","floor":6},{"not_picked":["Steam Power","All For One"],"picked":"Ball Lightning","floor":7},{"not_picked":["Genetic Algorithm","Turbo"],"picked":"Ball Lightning","floor":10},{"not_picked":["Cold Snap","Sunder"],"picked":"Defragment","floor":13},{"not_picked":["Reprogram","Melter"],"picked":"Hologram","floor":14},{"not_picked":["Creative AI","Reboot"],"picked":"Seek","floor":16},{"not_picked":["Hello World","Leap"],"picked":"Coolheaded","floor":18}],"player_experience":190820,"relics_obtained":[{"floor":6,"key":"StoneCalendar"},{"floor":14,"key":"Bag of Marbles"}],"event_choices":[{"damage_healed":0,"gold_gain":0,"player_choice":"Entered Light","damage_taken":15,"max_hp_gain":0,"max_hp_loss":0,"event_name":"Shining Light","floor":2,"gold_loss":0,"cards_upgraded":["Chaos","Hologram"]},{"damage_healed":0,"gold_gain":0,"player_choice":"Bought 0 Potions","damage_taken":0,"max_hp_gain":0,"max_hp_loss":0,"event_name":"The Woman in Blue","floor":4,"gold_loss":0},{"cards_removed":["Doom and Gloom"],"damage_healed":0,"gold_gain":0,"player_choice":"Elegance","damage_taken":0,"max_hp_gain":0,"max_hp_loss":0,"event_name":"Back to Basics","floor":20,"gold_loss":0},{"damage_healed":0,"gold_gain":0,"player_choice":"Fight","damage_taken":0,"max_hp_gain":0,"max_hp_loss":0,"event_name":"Colosseum","floor":21,"gold_loss":0},{"damage_healed":0,"gold_gain":0,"player_choice":"Fought Nobs","damage_taken":0,"max_hp_gain":0,"max_hp_loss":0,"event_name":"Colosseum","floor":21,"gold_loss":0}],"is_beta":false,"boss_relics":[{"not_picked":["Coffee Dripper","Velvet Choker"],"picked":"Astrolabe"}],"items_purged_floors":[11,12],"is_endless":false,"potions_floor_spawned":[1,5,6,7,14,16,21],"killed_by":"Colosseum Nobs","ascension_level":0}