{"gold_per_floor":[115,135,150,162,174,174,206,220,292,292,292,328,340,366,378,493,505,528,554,666,694,720,511,543,158,158,178,207,7,7,7,7,107,107,126,138,157,257,273,273,273,273,318,346,306,326,343,368,368,368,368,368,15,44,44],"floor_reached":56,"playtime":7361,"items_purged":["Defend_B","Strike_B","Strike_B","Strike_B"],"score":1351,"play_id":"346b2552-b2ae-49b2-80d7-1dcfd36887bb","local_time":"20190220202518","is_ascension_mode":false,"campfire_choices":[{"floor":6.0,"key":"RECALL"},{"data":"White Noise","floor":10.0,"key":"SMITH"},{"data":"Zap","floor":15.0,"key":"SMITH"},{"data":"Defragment","floor":30.0,"key":"SMITH"},{"data":"Apotheosis","floor":32.0,"key":"SMITH"},{"data":"Creative AI","floor":40,"key":"SMITH"},{"data":"Force Field","floor":49,"key":"SMITH"},{"data":"Madness","floor":52,"key":"SMITH"}],"neow_cost":"NONE","seed_source_timestamp":0,"circlet_count":0,"master_deck":["Strike_B","Defend_B","Defend_B","Defend_B","Zap+1","Cold Snap","Coolheaded","Self Repair","Hologram","White Noise+1","Hologram","Cold Snap+1","Biased Cognition","Loop","Ball Lightning+1","Conserve Battery","Conserve Battery","Chill+1","Blizzard+1","Defragment+1","Apotheosis+1","Cold Snap","Self Repair","Loop","Sunder","Creative AI+1","Coolheaded+1","Steam+1","Cold Snap+1","Defragment+1","Force Field+1","Madness+1","Madness","Go for the Eyes+1","Defragment+1","Reboot","Turbo","Redo+1"],"special_seed":0,"relics":["Cracked Core","NeowsBlessing","Anchor","MawBank","Odd Mushroom","Coffee Dripper","Calipers","Matryoshka","StoneCalendar","Bottled Lightning","Turnip","Bottled Flame","Runic Pyramid","Bird Faced Urn","Whetstone","Pear","Potion Belt","PreservedInsect","Regal Pillow","Art of War","Unceasing Top"],"potions_floor_usage":[37,44,45,48,55],"damage_taken":[{"damage":0.0,"enemies":"Cultist","floor":1.0,"turns":1.0},{"damage":0.0,"enemies":"Jaw Worm","floor":2.0,"turns":1.0},{"damage":0.0,"enemies":"Small Slimes","floor":3.0,"turns":1.0},{"damage":0.0,"enemies":"Blue Slaver","floor":4.0,"turns":4.0},{"damage":22.0,"enemies":"Exordium Thugs","floor":5.0,"turns":6.0},{"damage":23.0,"enemies":"Lagavulin","floor":7.0,"turns":8.0},{"damage":0.0,"enemies":"Large Slime","floor":8.0,"turns":7.0},{"damage":3.0,"enemies":"The Mushroom Lair","floor":12.0,"turns":4.0},{"damage":0.0,"enemies":"3 Louse","floor":14.0,"turns":4.0},{"damage":43.0,"enemies":"Slime Boss","floor":16.0,"turns":9.0},{"damage":0.0,"enemies":"Chosen","floor":18.0,"turns":5.0},{"damage":8.0,"enemies":"2 Thieves","floor":19.0,"turns":4.0},{"damage":18.0,"enemies":"Colosseum Slavers","floor":20.0,"turns":5.0},{"damage":39.0,"enemies":"Colosseum Nobs","floor":20.0,"turns":5.0},{"damage":0.0,"enemies":"Snake Plant","floor":21.0,"turns":4.0},{"damage":7.0,"enemies":"Centurion and Healer","floor":22.0,"turns":8.0},{"damage":13.0,"enemies":"Book of Stabbing","floor":24.0,"turns":7.0},{"damage":2.0,"enemies":"Shelled Parasite and Fungi","floor":27.0,"turns":5.0},{"damage":0.0,"enemies":"Slavers","floor":28.0,"turns":6.0},{"damage":0.0,"enemies":"Champ","floor":33.0,"turns":9.0},{"damage":0.0,"enemies":"Orb Walker","floor":35.0,"turns":3.0},{"damage":0,"enemies":"3 Darklings","floor":36,"turns":7},{"damage":17,"enemies":"Transient","floor":37,"turns":5},{"damage":0,"enemies":"Mind Bloom Boss Battle","floor":38,"turns":8},{"damage":0,"enemies":"Maw","floor":39,"turns":6},{"damage":9,"enemies":"Reptomancer","floor":44,"turns":9},{"damage":0,"enemies":"Spire Growth","floor":46,"turns":7},{"damage":0,"enemies":"Sphere and 2 Shapes","floor":47,"turns":7},{"damage":1,"enemies":"Giant Head","floor":48,"turns":9},{"damage":23,"enemies":"Donu and Deca","floor":50,"turns":7},{"damage":65,"enemies":"Shield and Spear","floor":54,"turns":9},{"damage":124,"enemies":"The Heart","floor":55,"turns":9}],"seed_played":"3853541994446105278","potions_obtained":[{"floor":2.0,"key":"SteroidPotion"},{"floor":4.0,"key":"Fire Potion"},{"floor":5.0,"key":"Swift Potion"},{"floor":16.0,"key":"Ancient Potion"},{"floor":18.0,"key":"LiquidBronze"},{"floor":20.0,"key":"FearPotion"},{"floor":27.0,"key":"Energy Potion"},{"floor":28.0,"key":"Block Potion"},{"floor":36,"key":"AttackPotion"},{"floor":37,"key":"Poison Potion"},{"floor":39,"key":"Poison Potion"},{"floor":45,"key":"FairyPotion"},{"floor":45,"key":"Fruit Juice"},{"floor":45,"key":"FairyPotion"},{"floor":47,"key":"SkillPotion"}],"is_trial":false,"path_per_floor":["M","M","M","M","M","R","E","M","T","R","?","?","?","M","R","B",null,"M","M","?","M","M","$","E","$","T","M","E","$","R","?","R","B",null,"M","M","M","?","M","R","T","?","T","E","?","M","M","E","R","B",null,"R","$","E","B",null],"character_chosen":"DEFECT","items_purchased":["Blizzard","Ancient Potion","Apotheosis","Cold Snap","Self Repair","Sunder","Art of War","Turbo"],"campfire_rested":0,"item_purchase_floors":[23,23,25,25,25,29,53,53],"current_hp_per_floor":[75,75,75,75,60,60,44,51,51,51,51,55,55,62,62,26,75,75,74,31,38,38,38,32,32,32,44,61,61,61,47,47,67,80,80,80,80,80,80,80,90,79,79,90,95,95,95,95,95,95,95,95,95,70,16],"gold":44,"neow_bonus":"THREE_ENEMY_KILL","is_prod":false,"is_daily":false,"chose_seed":false,"campfire_upgraded":7,"win_rate":0,"timestamp":1550712318,"path_taken":["M","M","M","M","M","R","E","?","T","R","?","?","?","M","R","BOSS","M","M","?","M","M","?","E","$","T","?","E","$","R","?","R","BOSS","M","M","M","?","M","R","?","?","T","E","?","M","?","E","R","BOSS","R","$","E","BOSS"],"build_version":"2019-01-23","purchased_purges":4,"victory":true,"max_hp_per_floor":[75,75,75,75,75,75,75,75,75,75,75,75,75,75,75,75,75,75,75,75,75,75,75,75,75,75,75,75,75,75,80,80,80,80,80,80,80,80,80,80,90,90,90,90,95,95,95,95,95,95,95,95,95,95,95],"card_choices":[{"not_picked":["Stack","Redo"],"picked":"Cold Snap","floor":1.0},{"not_picked":["Redo","Steam"],"picked":"Coolheaded","floor":2.0},{"not_picked":["Beam Cell","Coolheaded"],"picked":"Self Repair","floor":3.0},{"not_picked":["Ball Lightning","Gash"],"picked":"Hologram","floor":4.0},{"not_picked":["Beam Cell","Heatsinks","Lockon"],"picked":"SKIP","floor":5.0},{"not_picked":["Beam Cell","Conserve Battery"],"picked":"White Noise","floor":7.0},{"not_picked":["Sweeping Beam","Leap"],"picked":"Hologram","floor":8.0},{"not_picked":["Coolheaded","Hyperbeam"],"picked":"Cold Snap","floor":12.0},{"not_picked":["Rip and Tear","Streamline","Melter"],"picked":"SKIP","floor":14.0},{"not_picked":["All For One","Hyperbeam"],"picked":"Biased Cognition","floor":16.0},{"not_picked":["Conserve Battery","Hologram"],"picked":"Loop","floor":18.0},{"not_picked":["Heatsinks","Turbo"],"picked":"Ball Lightning+1","floor":19.0},{"not_picked":["Barrage","Beam Cell"],"picked":"Conserve Battery","floor":20.0},{"not_picked":["Redo","Self Repair"],"picked":"Conserve Battery","floor":21.0},{"not_picked":["Static Discharge","Stack"],"picked":"Chill+1","floor":22.0},{"not_picked":["Steam Power","Loop"],"picked":"Defragment","floor":24.0},{"not_picked":["Rebound","Go for the Eyes"],"picked":"Loop","floor":27.0},{"not_picked":["Thunder Strike","Streamline","Self Repair"],"picked":"SKIP","floor":28.0},{"not_picked":["All For One","Buffer"],"picked":"Creative AI","floor":33.0},{"not_picked":["Ball Lightning","Lockon+1"],"picked":"Coolheaded+1","floor":35},{"not_picked":["Self Repair+1","Doom and Gloom"],"picked":"Steam+1","floor":36},{"not_picked":["Lockon+1","Gash+1"],"picked":"Cold Snap+1","floor":37},{"not_picked":["Steam+1","Barrage+1"],"picked":"Defragment+1","floor":38},{"not_picked":["Redo","Conserve Battery"],"picked":"Force Field","floor":39},{"not_picked":["Melter","Creative AI","Aggregate+1"],"picked":"SKIP","floor":44},{"not_picked":["Hologram","Rip and Tear"],"picked":"Go for the Eyes+1","floor":46},{"not_picked":["Leap+1","Auto Shields+1"],"picked":"Defragment+1","floor":47},{"not_picked":["Steam Power","Self Repair+1"],"picked":"Reboot","floor":48},{"not_picked":["Hologram+1","Steam Power"],"picked":"Redo+1","floor":54}],"player_experience":205465,"relics_obtained":[{"floor":7.0,"key":"Anchor"},{"floor":12.0,"key":"Odd Mushroom"},{"floor":20.0,"key":"Calipers"},{"floor":20.0,"key":"Matryoshka"},{"floor":24.0,"key":"StoneCalendar"},{"floor":26.0,"key":"Bottled Lightning"},{"floor":26.0,"key":"Turnip"},{"floor":28.0,"key":"Bottled Flame"},{"floor":38,"key":"Bird Faced Urn"},{"floor":41,"key":"Whetstone"},{"floor":41,"key":"Pear"},{"floor":43,"key":"Potion Belt"},{"floor":44,"key":"PreservedInsect"},{"floor":48,"key":"Regal Pillow"},{"floor":54,"key":"Unceasing Top"}],"event_choices":[{"damage_healed":0.0,"max_hp_gain":0.0,"max_hp_loss":0.0,"gold_gain":0.0,"event_name":"Dead Adventurer","player_choice":"Searched \u00271\u0027 times","floor":11.0,"gold_loss":0.0,"damage_taken":0.0,"relics_obtained":["MawBank"]},{"damage_healed":0.0,"max_hp_gain":0.0,"max_hp_loss":0.0,"gold_gain":0.0,"event_name":"Mushrooms","player_choice":"Fought Mushrooms","floor":12.0,"gold_loss":0.0,"damage_taken":0.0},{"cards_removed":["Dualcast"],"damage_healed":0.0,"max_hp_gain":0.0,"max_hp_loss":0.0,"gold_gain":0.0,"event_name":"Living Wall","player_choice":"Forget","floor":13.0,"gold_loss":0.0,"damage_taken":0.0},{"damage_healed":0.0,"max_hp_gain":0.0,"max_hp_loss":0.0,"gold_gain":0.0,"event_name":"Colosseum","player_choice":"Fight","floor":20.0,"gold_loss":0.0,"damage_taken":0.0},{"damage_healed":0.0,"max_hp_gain":0.0,"max_hp_loss":0.0,"gold_gain":0.0,"event_name":"Colosseum","player_choice":"Fought Nobs","floor":20.0,"gold_loss":0.0,"damage_taken":0.0},{"damage_healed":0.0,"max_hp_gain":5.0,"max_hp_loss":0.0,"gold_gain":0.0,"event_name":"Forgotten Altar","player_choice":"Shed Blood","floor":31.0,"gold_loss":0.0,"damage_taken":19.0},{"damage_healed":0,"gold_gain":0,"player_choice":"Fight","damage_taken":0,"max_hp_gain":0,"max_hp_loss":0,"event_name":"MindBloom","floor":38,"gold_loss":0},{"damage_healed":0,"gold_gain":0,"player_choice":"Embrace Madness","damage_taken":11,"max_hp_gain":0,"max_hp_loss":0,"event_name":"Winding Halls","floor":42,"gold_loss":0,"cards_obtained":["Madness","Madness"]},{"damage_healed":0,"gold_gain":0,"player_choice":"Bought 3 Potions","damage_taken":0,"max_hp_gain":0,"max_hp_loss":0,"event_name":"The Woman in Blue","floor":45,"gold_loss":0}],"is_beta":false,"boss_relics":[{"not_picked":["Velvet Choker","Ectoplasm"],"picked":"Coffee Dripper"},{"not_picked":["Calling Bell","Nuclear Battery"],"picked":"Runic Pyramid"}],"items_purged_floors":[23,25,29,53],"is_endless":false,"potions_floor_spawned":[2,4,5,16,18,20,27,28,36,37,39,47],"ascension_level":0}