{"gold_per_floor":[19,38,38,88,88,88,123,140,213,227,227,377,377,392,392,392],"floor_reached":16,"playtime":920,"items_purged":[],"score":200,"play_id":"3c02026a-b45a-48a8-8948-0e6888991a86","local_time":"20190311232117","is_ascension_mode":true,"campfire_choices":[{"floor":6,"key":"REST"},{"floor":11,"key":"REST"},{"data":"Body Slam","floor":13,"key":"SMITH"},{"floor":15,"key":"REST"}],"neow_cost":"NO_GOLD","seed_source_timestamp":427888453041216,"circlet_count":0,"master_deck":["AscendersBane","Strike_R","Strike_R+1","Strike_R","Strike_R","Defend_R","Defend_R+1","Defend_R","Defend_R","Bash+1","Forethought+1","Finesse","Feel No Pain","Evolve","Ghostly Armor","Body Slam+1","True Grit+1","Doubt","Blood for Blood"],"relics":["Burning Blood","Whetstone","Happy Flower","Toxic Egg 2"],"potions_floor_usage":[10,16],"damage_taken":[{"damage":9,"enemies":"Jaw Worm","floor":1,"turns":4},{"damage":4,"enemies":"2 Louse","floor":2,"turns":5},{"damage":39,"enemies":"Lagavulin","floor":7,"turns":8},{"damage":4,"enemies":"Cultist","floor":8,"turns":4},{"damage":26,"enemies":"Large Slime","floor":10,"turns":8},{"damage":19,"enemies":"Exordium Wildlife","floor":14,"turns":7},{"damage":40,"enemies":"Hexaghost","floor":16,"turns":9}],"seed_played":"-3824954281776711343","potions_obtained":[{"floor":8,"key":"FearPotion"},{"floor":14,"key":"SteroidPotion"}],"is_trial":false,"path_per_floor":["M","M","?","T","?","R","E","M","T","M","R","?","R","M","R","B"],"character_chosen":"IRONCLAD","items_purchased":[],"campfire_rested":3,"item_purchase_floors":[],"current_hp_per_floor":[65,67,44,44,37,59,26,28,28,8,30,30,30,17,39,0],"gold":392,"neow_bonus":"RANDOM_COLORLESS_2","is_prod":false,"is_daily":false,"chose_seed":false,"campfire_upgraded":1,"win_rate":0,"timestamp":1552368077,"path_taken":["M","M","?","?","?","R","E","M","T","M","R","?","R","M","R","BOSS"],"build_version":"2019-01-23","purchased_purges":0,"victory":false,"max_hp_per_floor":[75,75,75,75,75,75,75,75,75,75,75,75,75,75,75,75],"card_choices":[{"not_picked":["Rampage","Second Wind"],"picked":"Feel No Pain","floor":1},{"not_picked":["Sword Boomerang","Fire Breathing"],"picked":"Evolve","floor":2},{"not_picked":["Sword Boomerang","Havoc"],"picked":"Ghostly Armor","floor":7},{"not_picked":["Evolve","Fiend Fire"],"picked":"Body Slam","floor":8},{"not_picked":["Corruption","Metallicize"],"picked":"True Grit+1","floor":10},{"not_picked":["Twin Strike","Clash"],"picked":"Blood for Blood","floor":14}],"player_experience":1397772,"relics_obtained":[{"floor":4,"key":"Whetstone"},{"floor":7,"key":"Happy Flower"},{"floor":9,"key":"Toxic Egg 2"}],"event_choices":[{"damage_healed":0,"gold_gain":0,"player_choice":"Entered Light","damage_taken":23,"max_hp_gain":0,"max_hp_loss":0,"event_name":"Shining Light","floor":3,"gold_loss":0,"cards_upgraded":["Forethought","Defend_R"]},{"cards_removed":["Strike_R"],"damage_healed":0,"gold_gain":0,"player_choice":"Card Removal","damage_taken":7,"max_hp_gain":0,"max_hp_loss":0,"event_name":"Golden Wing","floor":5,"gold_loss":0},{"damage_healed":0,"gold_gain":150,"player_choice":"AGREE","damage_taken":0,"max_hp_gain":0,"max_hp_loss":0,"event_name":"Liars Game","floor":12,"gold_loss":0,"cards_obtained":["Doubt"]}],"is_beta":false,"boss_relics":[],"items_purged_floors":[],"is_endless":false,"potions_floor_spawned":[8,14],"killed_by":"Hexaghost","ascension_level":20}