{"gold_per_floor":[112,37,37,49,69,69,86,36,36,66,86,86,113,113,113,212,212,222,242,242,252,272,306,14,14,87,87,87],"floor_reached":28,"playtime":2395,"items_purged":["Defend_G"],"score":238,"play_id":"a1d54aff-1cfb-4c32-9639-ff7dbb256226","local_time":"20190127165534","is_ascension_mode":false,"campfire_choices":[{"floor":6,"key":"DIG"},{"floor":10,"key":"DIG"},{"floor":12,"key":"DIG"},{"floor":15,"key":"DIG"}],"neow_cost":"TEN_PERCENT_HP_LOSS","seed_source_timestamp":1401586921325233,"circlet_count":0,"master_deck":["Defend_G+1","Defend_G+1","Defend_G+1","Defend_G+1","Strike_G+1","Strike_G+1","Strike_G+1","Survivor","Neutralize","Dagger Throw","Outmaneuver","Terror","Prepared","Dash","Phantasmal Killer+1","Die Die Die","Backflip+1","PiercingWail+1","Underhanded Strike","Deflect+1","Deflect+1","Dodge and Roll+1"],"relics":["Ring of the Snake","Shovel","PreservedInsect","Pear","Tiny Chest","Pantograph","Oddly Smooth Stone","Mummified Hand","Toxic Egg 2","Coffee Dripper","Matryoshka","Molten Egg 2","Strawberry","Frozen Egg 2"],"potions_floor_usage":[16,16,22,28],"damage_taken":[{"damage":0,"enemies":"Jaw Worm","floor":1,"turns":7},{"damage":0,"enemies":"2 Louse","floor":4,"turns":3},{"damage":1,"enemies":"Cultist","floor":5,"turns":4},{"damage":0,"enemies":"2 Fungi Beasts","floor":7,"turns":4},{"damage":8,"enemies":"3 Louse","floor":11,"turns":5},{"damage":27,"enemies":"Lagavulin","floor":13,"turns":9},{"damage":46,"enemies":"Hexaghost","floor":16,"turns":12},{"damage":20,"enemies":"Spheric Guardian","floor":18,"turns":6},{"damage":1,"enemies":"Chosen","floor":19,"turns":4},{"damage":1,"enemies":"Snake Plant","floor":21,"turns":5},{"damage":3,"enemies":"Centurion and Healer","floor":22,"turns":5},{"damage":35,"enemies":"Gremlin Leader","floor":23,"turns":8},{"damage":37,"enemies":"Cultist and Chosen","floor":28,"turns":8}],"seed_played":"-479235749920091921","potions_obtained":[{"floor":1,"key":"Energy Potion"},{"floor":4,"key":"SkillPotion"},{"floor":5,"key":"Poison Potion"},{"floor":16,"key":"Regen Potion"},{"floor":19,"key":"FearPotion"},{"floor":23,"key":"Weak Potion"}],"is_trial":false,"path_per_floor":["M","$","?","M","M","R","M","?","T","R","M","R","E","T","R","B",null,"M","M","?","M","M","E","$","?","T","?","M"],"character_chosen":"THE_SILENT","items_purchased":["Molten Egg 2","Dodge and Roll+1"],"campfire_rested":0,"item_purchase_floors":[24,24],"current_hp_per_floor":[63,63,56,56,55,55,55,55,65,65,57,57,30,30,30,9,73,53,52,52,51,60,25,25,25,32,32,0],"gold":87,"neow_bonus":"ONE_RARE_RELIC","is_prod":false,"is_daily":false,"chose_seed":false,"campfire_upgraded":0,"win_rate":0.0,"timestamp":1548626134,"path_taken":["M","$","?","M","M","R","M","?","T","R","M","R","E","?","R","BOSS","M","M","?","M","?","E","$","?","T","?","M"],"build_version":"2019-01-23","purchased_purges":1,"victory":false,"max_hp_per_floor":[63,63,63,63,63,63,63,63,73,73,73,73,73,73,73,73,73,73,73,73,73,73,73,73,73,80,80,80],"card_choices":[{"not_picked":["Riddle With Holes","Deadly Poison"],"picked":"Dagger Throw","floor":1},{"not_picked":["Escape Plan","Eviscerate"],"picked":"Outmaneuver","floor":4},{"not_picked":["Eviscerate","Noxious Fumes"],"picked":"Terror","floor":5},{"not_picked":["Endless Agony","Bane"],"picked":"Prepared","floor":7},{"not_picked":["Deflect","Well Laid Plans"],"picked":"Dash","floor":11},{"not_picked":["Dagger Throw","Riddle With Holes"],"picked":"Phantasmal Killer","floor":13},{"not_picked":["After Image","Malaise+1"],"picked":"Die Die Die","floor":16},{"not_picked":["Poisoned Stab","Predator"],"picked":"Backflip+1","floor":18},{"not_picked":["Riddle With Holes","Sucker Punch"],"picked":"PiercingWail+1","floor":19},{"not_picked":["Deadly Poison+1","Slice"],"picked":"Underhanded Strike","floor":21},{"not_picked":["Dagger Spray","Underhanded Strike"],"picked":"Deflect+1","floor":22},{"not_picked":["Quick Slash","Leg Sweep+1"],"picked":"Deflect+1","floor":23}],"player_experience":31020,"relics_obtained":[{"floor":6,"key":"PreservedInsect"},{"floor":9,"key":"Pear"},{"floor":10,"key":"Tiny Chest"},{"floor":12,"key":"Pantograph"},{"floor":13,"key":"Oddly Smooth Stone"},{"floor":14,"key":"Mummified Hand"},{"floor":15,"key":"Toxic Egg 2"},{"floor":23,"key":"Matryoshka"},{"floor":26,"key":"Strawberry"},{"floor":26,"key":"Frozen Egg 2"}],"event_choices":[{"cards_removed":["Strike_G"],"damage_healed":0,"gold_gain":0,"player_choice":"Card Removal","damage_taken":7,"max_hp_gain":0,"max_hp_loss":0,"event_name":"Golden Wing","floor":3,"gold_loss":0},{"cards_removed":["Strike_G"],"damage_healed":0,"gold_gain":0,"player_choice":"Card Removal","damage_taken":0,"max_hp_gain":0,"max_hp_loss":0,"event_name":"The Cleric","floor":8,"gold_loss":50},{"damage_healed":0,"gold_gain":0,"player_choice":"Forge","damage_taken":0,"max_hp_gain":0,"max_hp_loss":0,"event_name":"Accursed Blacksmith","floor":20,"gold_loss":0,"cards_upgraded":["Phantasmal Killer"]},{"damage_healed":0,"gold_gain":0,"player_choice":"Simplicity","damage_taken":0,"max_hp_gain":0,"max_hp_loss":0,"event_name":"Back to Basics","floor":25,"gold_loss":0,"cards_upgraded":["Defend_G","Defend_G","Defend_G","Defend_G","Strike_G","Strike_G","Strike_G"]},{"damage_healed":0,"gold_gain":0,"player_choice":"Ignored","damage_taken":0,"max_hp_gain":0,"max_hp_loss":0,"event_name":"Ghosts","floor":27,"gold_loss":0}],"is_beta":false,"boss_relics":[{"not_picked":["Tiny House","Calling Bell"],"picked":"Coffee Dripper"}],"items_purged_floors":[2],"is_endless":false,"potions_floor_spawned":[1,4,5,16,19,23],"killed_by":"Cultist and Chosen","ascension_level":0}