{"gold_per_floor":[163,47,59,78,43,43,57,57,109,141,141,141,141,158,158,261,261,229,244,244,257,257],"floor_reached":22,"playtime":3448,"items_purged":[],"score":186,"play_id":"69694d38-f575-4192-8f34-02a211e5ace2","local_time":"20190316004554","is_ascension_mode":false,"campfire_choices":[{"data":"Double Tap","floor":6,"key":"SMITH"},{"floor":8,"key":"REST"},{"floor":11,"key":"REST"},{"data":"Whirlwind","floor":13,"key":"SMITH"},{"data":"Twin Strike","floor":15,"key":"SMITH"}],"neow_cost":"NONE","seed_source_timestamp":1034175576260276,"circlet_count":0,"master_deck":["Strike_R","Strike_R","Strike_R+1","Strike_R","Strike_R","Defend_R","Defend_R","Defend_R","Defend_R","Bash","Whirlwind+1","Clothesline","Double Tap+1","Thunderclap","Iron Wave","Twin Strike+1","Pommel Strike","Bash","True Grit","Armaments","Bludgeon","Regret","Parasite","Regret","Clash+1","Iron Wave+1","Iron Wave+1"],"relics":["Tiny House","Blood Vial","Anchor","Calling Bell","Dream Catcher","Molten Egg 2","FossilizedHelix"],"potions_floor_usage":[10,10,16,16,21],"damage_taken":[{"damage":0,"enemies":"Small Slimes","floor":1,"turns":2},{"damage":5,"enemies":"2 Louse","floor":3,"turns":2},{"damage":0,"enemies":"Cultist","floor":4,"turns":3},{"damage":12,"enemies":"2 Fungi Beasts","floor":7,"turns":2},{"damage":20,"enemies":"3 Sentries","floor":10,"turns":5},{"damage":0,"enemies":"Gremlin Gang","floor":14,"turns":1},{"damage":79,"enemies":"Hexaghost","floor":16,"turns":8},{"damage":34,"enemies":"2 Thieves","floor":18,"turns":5},{"damage":15,"enemies":"3 Byrds","floor":19,"turns":5},{"damage":36,"enemies":"Snake Plant","floor":21,"turns":4},{"damage":18,"enemies":"Shelled Parasite and Fungi","floor":22,"turns":3}],"seed_played":"7200732236589325125","potions_obtained":[{"floor":0,"key":"EssenceOfSteel"},{"floor":3,"key":"SmokeBomb"},{"floor":7,"key":"Explosive Potion"},{"floor":14,"key":"Poison Potion"},{"floor":16,"key":"FearPotion"},{"floor":18,"key":"BloodPotion"},{"floor":19,"key":"GamblersBrew"}],"is_trial":false,"path_per_floor":["M","$","M","M","?","R","M","R","T","E","R","?","R","M","R","B",null,"M","M","?","M","M"],"character_chosen":"IRONCLAD","items_purchased":["Double Tap","FearPotion"],"campfire_rested":2,"item_purchase_floors":[2,2],"current_hp_per_floor":[85,85,80,80,80,80,68,85,85,65,85,85,85,85,85,6,85,51,38,38,12,0],"gold":257,"neow_bonus":"BOSS_RELIC","is_prod":false,"is_daily":false,"chose_seed":false,"campfire_upgraded":3,"win_rate":0.0,"timestamp":1552711554,"path_taken":["M","$","M","M","?","R","M","R","T","E","R","?","R","?","R","BOSS","M","M","?","M","?"],"build_version":"2019-01-23","purchased_purges":0,"victory":false,"max_hp_per_floor":[85,85,85,85,85,85,85,85,85,85,85,85,85,85,85,85,85,85,85,85,85,85],"card_choices":[{"not_picked":["True Grit","Shrug It Off"],"picked":"Whirlwind","floor":0},{"not_picked":["Headbutt","Uppercut"],"picked":"Clothesline","floor":1},{"not_picked":["Reckless Charge","Combust"],"picked":"Thunderclap","floor":3},{"not_picked":["Burning Pact","Twin Strike"],"picked":"Iron Wave","floor":4},{"not_picked":["Rage","Uppercut"],"picked":"Twin Strike","floor":7},{"not_picked":["Sword Boomerang","Dual Wield"],"picked":"Pommel Strike","floor":10},{"not_picked":["Headbutt","Feel No Pain"],"picked":"Armaments","floor":14},{"not_picked":["Juggernaut","Berserk"],"picked":"Bludgeon","floor":16},{"not_picked":["Iron Wave+1","Shrug It Off"],"picked":"Clash+1","floor":18},{"not_picked":["Bloodletting","Armaments"],"picked":"Iron Wave+1","floor":19},{"not_picked":["Dark Embrace","Inflame"],"picked":"Iron Wave+1","floor":21}],"player_experience":2382,"relics_obtained":[{"floor":9,"key":"Blood Vial"},{"floor":10,"key":"Anchor"},{"floor":17,"key":"Dream Catcher"},{"floor":17,"key":"Molten Egg 2"},{"floor":17,"key":"FossilizedHelix"}],"event_choices":[{"damage_healed":0,"gold_gain":0,"player_choice":"Left Gold","damage_taken":0,"max_hp_gain":0,"max_hp_loss":0,"event_name":"World of Goop","floor":5,"gold_loss":35},{"damage_healed":0,"gold_gain":0,"player_choice":"2 cards matched","damage_taken":0,"max_hp_gain":0,"max_hp_loss":0,"event_name":"Match and Keep!","floor":12,"gold_loss":0,"cards_obtained":["Bash","True Grit"]},{"damage_healed":0,"gold_gain":0,"player_choice":"Leave","damage_taken":0,"max_hp_gain":0,"max_hp_loss":0,"event_name":"FaceTrader","floor":20,"gold_loss":0}],"is_beta":false,"boss_relics":[{"not_picked":["Fusion Hammer","Busted Crown"],"picked":"Calling Bell"}],"items_purged_floors":[],"is_endless":false,"potions_floor_spawned":[3,7,14,16,18,19],"killed_by":"Shelled Parasite and Fungi","ascension_level":0}