{"gold_per_floor":[111,129,129,145,155,187,187,207,207,58,58,58,58,92,92,196,196,212,224,224,241,156,156,184,184,184,184,184,197,214,114,114,213,213,230,330,330,205,0,29,41,41,121,121,141,141,151,170,170,170,170,170,8,8],"floor_reached":54,"playtime":5265,"items_purged":["Defend_G","Defend_G","Strike_G"],"score":815,"play_id":"e648a36c-469f-4541-ae6d-1f746b99bb49","local_time":"20190313093814","is_ascension_mode":true,"campfire_choices":[{"floor":11.0,"key":"RECALL"},{"floor":12.0,"key":"REST"},{"data":"Footwork","floor":15.0,"key":"SMITH"},{"floor":23.0,"key":"REST"},{"data":"Footwork","floor":25.0,"key":"SMITH"},{"data":"Acrobatics","floor":27.0,"key":"SMITH"},{"floor":32.0,"key":"REST"},{"data":"Defend_G","floor":42.0,"key":"PURGE"},{"data":"Defend_G","floor":46,"key":"PURGE"},{"data":"Parasite","floor":49,"key":"PURGE"},{"data":"Expertise","floor":52,"key":"SMITH"}],"neow_cost":"NONE","seed_source_timestamp":0,"circlet_count":0,"master_deck":["Strike_G+1","Survivor","Neutralize+1","Outmaneuver","Dash","Acrobatics+1","Blur","Footwork+1","Bouncing Flask","Corpse Explosion","Expertise+1","Backflip","Footwork+1","Cloak And Dagger","Corpse Explosion","Dodge and Roll+1","Deadly Poison","Expertise","Backflip+1","Sucker Punch+1","Bouncing Flask","Infinite Blades+1","Bouncing Flask+1","Leg Sweep","Crippling Poison","Leg Sweep+1","Backflip+1","Deadly Poison+1","Backflip+1","Accuracy+1","Backflip+1","Envenom"],"special_seed":0,"relics":["Snecko Eye","WingedGreaves","Art of War","Orrery","Prayer Wheel","Whetstone","Orichalcum","Eternal Feather","Peace Pipe","Red Mask","Pen Nib","Mummified Hand"],"potions_floor_usage":[50],"damage_taken":[{"damage":4.0,"enemies":"Jaw Worm","floor":1.0,"turns":3.0},{"damage":0.0,"enemies":"2 Louse","floor":2.0,"turns":3.0},{"damage":0.0,"enemies":"Cultist","floor":4.0,"turns":4.0},{"damage":3.0,"enemies":"Lots of Slimes","floor":5.0,"turns":4.0},{"damage":36.0,"enemies":"3 Sentries","floor":6.0,"turns":15.0},{"damage":0.0,"enemies":"Blue Slaver","floor":8.0,"turns":4.0},{"damage":7.0,"enemies":"Lagavulin","floor":14.0,"turns":7.0},{"damage":22.0,"enemies":"The Guardian","floor":16.0,"turns":10.0},{"damage":21.0,"enemies":"Shell Parasite","floor":18.0,"turns":7.0},{"damage":0.0,"enemies":"Chosen","floor":19.0,"turns":4.0},{"damage":0.0,"enemies":"3 Cultists","floor":21.0,"turns":3.0},{"damage":22.0,"enemies":"Book of Stabbing","floor":24.0,"turns":10.0},{"damage":0.0,"enemies":"Chosen and Byrds","floor":29.0,"turns":6.0},{"damage":0.0,"enemies":"Snecko","floor":30.0,"turns":4.0},{"damage":44.0,"enemies":"Champ","floor":33.0,"turns":16.0},{"damage":8.0,"enemies":"3 Darklings","floor":35.0,"turns":3.0},{"damage":0.0,"enemies":"Mind Bloom Boss Battle","floor":36.0,"turns":5.0},{"damage":24.0,"enemies":"Reptomancer","floor":40.0,"turns":7.0},{"damage":0.0,"enemies":"3 Shapes","floor":41.0,"turns":3.0},{"damage":2,"enemies":"Sphere and 2 Shapes","floor":45,"turns":5},{"damage":10,"enemies":"4 Shapes","floor":47,"turns":2},{"damage":9,"enemies":"Writhing Mass","floor":48,"turns":6},{"damage":32,"enemies":"Donu and Deca","floor":50,"turns":9},{"damage":67,"enemies":"Shield and Spear","floor":54,"turns":6}],"seed_played":"7538282671616855161","potions_obtained":[{"floor":2.0,"key":"Energy Potion"},{"floor":6.0,"key":"GhostInAJar"},{"floor":14.0,"key":"Weak Potion"},{"floor":16.0,"key":"Fire Potion"},{"floor":18.0,"key":"GamblersBrew"},{"floor":30.0,"key":"Strength Potion"},{"floor":33.0,"key":"Energy Potion"},{"floor":36.0,"key":"Dexterity Potion"},{"floor":40.0,"key":"Block Potion"},{"floor":48,"key":"Swift Potion"}],"is_trial":false,"path_per_floor":["M","M","?","M","M","E","?","M","T","$","R","R","?","E","R","B",null,"M","M","?","M","?","R","E","R","T","R","?","M","M","$","R","B",null,"M","?","?","$","?","E","M","R","T","?","M","R","M","M","R","B",null,"R","$","E"],"character_chosen":"THE_SILENT","items_purchased":["Footwork","Envenom"],"campfire_rested":3,"item_purchase_floors":[10,53],"current_hp_per_floor":[66,66,66,66,63,27,27,27,27,27,27,48,48,41,41,19,70,49,49,49,49,49,70,48,48,48,48,41,41,41,41,62,18,70,62,62,62,62,62,38,38,53,53,53,51,66,56,47,65,33,67,67,67,0],"gold":8,"neow_bonus":"BOSS_RELIC","is_prod":false,"is_daily":false,"chose_seed":false,"campfire_upgraded":4,"win_rate":0,"timestamp":1552484294,"path_taken":["M","M","?","M","M","E","?","?","T","?","R","R","?","E","R","BOSS","M","M","?","?","?","R","E","R","T","R","?","?","?","$","R","BOSS","M","?","?","$","?","E","?","R","T","?","?","R","?","M","R","BOSS","R","$","E"],"build_version":"2019-01-23","purchased_purges":3,"victory":false,"max_hp_per_floor":[70,70,70,70,70,70,70,70,70,70,70,70,70,70,70,70,70,70,70,70,70,70,70,70,70,70,70,70,70,70,70,70,70,70,70,70,70,70,70,70,70,70,70,70,70,70,70,70,67,67,67,67,67,67],"card_choices":[{"not_picked":["Flying Knee","Prepared"],"picked":"Outmaneuver","floor":1.0},{"not_picked":["Escape Plan","Finisher"],"picked":"Dash","floor":2.0},{"not_picked":["Poisoned Stab","Eviscerate"],"picked":"Acrobatics","floor":4.0},{"not_picked":["Dagger Spray","Deflect","Tactician"],"picked":"SKIP","floor":5.0},{"not_picked":["Quick Slash","Well Laid Plans"],"picked":"Blur","floor":6.0},{"not_picked":["Bane","All Out Attack","Slice"],"picked":"SKIP","floor":8.0},{"not_picked":["Storm of Steel","PiercingWail"],"picked":"Bouncing Flask","floor":14.0},{"not_picked":["Unload","Envenom"],"picked":"Corpse Explosion","floor":16.0},{"not_picked":["Blade Dance","Prepared"],"picked":"Expertise","floor":17.0},{"not_picked":["Outmaneuver","Dodge and Roll"],"picked":"Backflip","floor":17.0},{"not_picked":["Endless Agony","Deflect"],"picked":"Footwork","floor":17.0},{"not_picked":["Prepared","Quick Slash"],"picked":"Cloak And Dagger","floor":17.0},{"not_picked":["Outmaneuver","Bane"],"picked":"Corpse Explosion","floor":17.0},{"not_picked":["Blade Dance","Bane"],"picked":"Dodge and Roll+1","floor":18.0},{"not_picked":["Reflex","Accuracy"],"picked":"Deadly Poison","floor":19.0},{"not_picked":["Acrobatics","Dagger Spray"],"picked":"Backflip+1","floor":21.0},{"not_picked":["Blade Dance","Well Laid Plans"],"picked":"Sucker Punch+1","floor":24.0},{"not_picked":["Sucker Punch+1","Deadly Poison"],"picked":"Bouncing Flask","floor":29.0},{"not_picked":["Poisoned Stab","Adrenaline","Underhanded Strike"],"picked":"SKIP","floor":29.0},{"not_picked":["Underhanded Strike","Sucker Punch+1"],"picked":"Infinite Blades+1","floor":30.0},{"not_picked":["Poisoned Stab","Deflect","Skewer"],"picked":"SKIP","floor":30.0},{"not_picked":["Distraction+1","Poisoned Stab+1"],"picked":"Bouncing Flask+1","floor":35.0},{"not_picked":["Dagger Spray+1","Slice+1","All Out Attack+1"],"picked":"SKIP","floor":35.0},{"not_picked":["Deflect","Skewer"],"picked":"Leg Sweep","floor":36.0},{"not_picked":["Acrobatics","Unload"],"picked":"Crippling Poison","floor":40.0},{"not_picked":["Riddle With Holes+1","Bane"],"picked":"Leg Sweep+1","floor":41.0},{"not_picked":["Slice","Prepared+1"],"picked":"Backflip+1","floor":41.0},{"not_picked":["Sucker Punch","Slice+1"],"picked":"Deadly Poison+1","floor":45},{"not_picked":["Finisher+1","Endless Agony","Tactician+1"],"picked":"SKIP","floor":45},{"not_picked":["Dagger Throw","Deadly Poison"],"picked":"Backflip+1","floor":47},{"not_picked":["Dagger Spray","Blade Dance+1","Masterful Stab+1"],"picked":"SKIP","floor":47},{"not_picked":["Distraction","Cloak And Dagger+1"],"picked":"Accuracy+1","floor":48},{"not_picked":["Heel Hook+1","Deflect+1"],"picked":"Backflip+1","floor":48}],"player_experience":293274,"relics_obtained":[{"floor":6.0,"key":"WingedGreaves"},{"floor":14.0,"key":"Art of War"},{"floor":24.0,"key":"Whetstone"},{"floor":26.0,"key":"Orichalcum"},{"floor":36.0,"key":"Peace Pipe"},{"floor":40.0,"key":"Pen Nib"},{"floor":43.0,"key":"Mummified Hand"}],"event_choices":[{"cards_removed":["Strike_G"],"damage_healed":0.0,"max_hp_gain":0.0,"max_hp_loss":0.0,"gold_gain":0.0,"event_name":"Living Wall","player_choice":"Forget","floor":3.0,"gold_loss":0.0,"damage_taken":0.0},{"cards_removed":["Defend_G"],"damage_healed":0.0,"max_hp_gain":0.0,"max_hp_loss":0.0,"gold_gain":0.0,"event_name":"Purifier","player_choice":"Purged","floor":7.0,"gold_loss":0.0,"damage_taken":0.0},{"damage_healed":0.0,"max_hp_gain":0.0,"max_hp_loss":0.0,"gold_gain":0.0,"event_name":"Liars Game","player_choice":"Ignored","floor":13.0,"gold_loss":0.0,"damage_taken":0.0},{"damage_healed":0.0,"max_hp_gain":0.0,"max_hp_loss":0.0,"gold_gain":0.0,"cards_transformed":["Strike_G"],"event_name":"Transmorgrifier","player_choice":"Transformed","floor":20.0,"gold_loss":0.0,"damage_taken":0.0,"cards_obtained":["Expertise"]},{"damage_healed":0.0,"max_hp_gain":0.0,"max_hp_loss":0.0,"gold_gain":0.0,"event_name":"Addict","player_choice":"Obtained Relic","floor":22.0,"gold_loss":85.0,"damage_taken":0.0,"relics_obtained":["Prayer Wheel"]},{"damage_healed":0.0,"max_hp_gain":0.0,"max_hp_loss":0.0,"gold_gain":0.0,"event_name":"Wheel of Change","player_choice":"Damaged","floor":28.0,"gold_loss":0.0,"damage_taken":7.0},{"damage_healed":0.0,"max_hp_gain":0.0,"max_hp_loss":0.0,"gold_gain":0.0,"event_name":"MindBloom","player_choice":"Fight","floor":36.0,"gold_loss":0.0,"damage_taken":0.0},{"cards_removed":["Strike_G"],"damage_healed":0.0,"max_hp_gain":0.0,"max_hp_loss":0.0,"gold_gain":0.0,"event_name":"Falling","player_choice":"Removed Attack","floor":37.0,"gold_loss":0.0,"damage_taken":0.0},{"damage_healed":0.0,"max_hp_gain":0.0,"max_hp_loss":0.0,"gold_gain":0.0,"event_name":"Tomb of Lord Red Mask","player_choice":"Paid","floor":39.0,"gold_loss":205.0,"damage_taken":0.0,"relics_obtained":["Red Mask"]},{"damage_healed":0.0,"max_hp_gain":0.0,"max_hp_loss":0.0,"gold_gain":0.0,"event_name":"SecretPortal","player_choice":"Ignored","floor":44.0,"gold_loss":0.0,"damage_taken":0.0}],"is_beta":false,"boss_relics":[{"not_picked":["Calling Bell","Empty Cage"],"picked":"Orrery"},{"not_picked":["Tiny House","Astrolabe"],"picked":"Eternal Feather"}],"items_purged_floors":[10,31,38],"is_endless":false,"potions_floor_spawned":[2,6,14,16,18,30,33,36,40,48],"killed_by":"Shield and Spear","ascension_level":2}