{"gold_per_floor":[115,115,190,25,25,57,57,111,111,111,111,111,149,149,149,270,270,284,304,304,304,304,304,318,356,356,380,380,380,395,85,85,187,187,203,216,216,91,91,126,126,56,81,91,91,1,1,11,11,11],"floor_reached":51,"playtime":2236,"items_purged":["Strike_R","Injury","Strike_R"],"score":1155,"play_id":"7dc34e3a-f873-46a1-91c0-853002a02a0d","local_time":"20190316041209","is_ascension_mode":true,"campfire_choices":[{"data":"Blind","floor":7,"key":"SMITH"},{"data":"Armaments","floor":10,"key":"SMITH"},{"data":"Bash","floor":12,"key":"SMITH"},{"data":"Body Slam","floor":15,"key":"SMITH"},{"data":"Barricade","floor":23,"key":"SMITH"},{"data":"True Grit","floor":29,"key":"SMITH"},{"data":"Battle Trance","floor":32,"key":"SMITH"},{"data":"Ghostly Armor","floor":45,"key":"SMITH"},{"data":"Exhume","floor":49,"key":"SMITH"}],"neow_cost":"NONE","seed_source_timestamp":173230851237165,"circlet_count":0,"master_deck":["AscendersBane","Strike_R","Strike_R","Defend_R","Defend_R","Defend_R","Bash+1","Whirlwind+1","Blind+1","Armaments+1","Body Slam+1","Barricade+1","Flex","True Grit+1","Iron Wave+1","Battle Trance+1","Disarm","Disarm","Feed","Exhume+1","Madness","Madness","Ghostly Armor+1","Entrench+1","Finesse+1","Good Instincts+1","Secret Technique+1"],"relics":["Black Blood","NeowsBlessing","Incense Burner","Juzu Bracelet","Champion Belt","Bloody Idol","Du-Vu Doll","Coffee Dripper","Enchiridion","Gremlin Horn","Bottled Flame","Toolbox","Anchor","Bronze Scales","Toxic Egg 2"],"potions_floor_usage":[16,16,18,25,25,33,36,50,50],"damage_taken":[{"damage":0,"enemies":"Jaw Worm","floor":1,"turns":1},{"damage":0,"enemies":"Gremlin Nob","floor":6,"turns":1},{"damage":0,"enemies":"Lagavulin","floor":13,"turns":1},{"damage":26,"enemies":"Hexaghost","floor":16,"turns":9},{"damage":12,"enemies":"Spheric Guardian","floor":18,"turns":5},{"damage":0,"enemies":"Chosen","floor":19,"turns":6},{"damage":0,"enemies":"Snecko","floor":24,"turns":3},{"damage":21,"enemies":"Book of Stabbing","floor":25,"turns":5},{"damage":24,"enemies":"Centurion and Healer","floor":27,"turns":7},{"damage":7,"enemies":"Chosen and Byrds","floor":30,"turns":7},{"damage":12,"enemies":"Collector","floor":33,"turns":8},{"damage":2,"enemies":"3 Shapes","floor":35,"turns":5},{"damage":12,"enemies":"3 Darklings","floor":36,"turns":5},{"damage":44,"enemies":"Reptomancer","floor":40,"turns":7},{"damage":0,"enemies":"Spire Growth","floor":44,"turns":7},{"damage":34,"enemies":"4 Shapes","floor":48,"turns":9},{"damage":33,"enemies":"Donu and Deca","floor":50,"turns":9}],"seed_played":"-8283623781362679343","potions_obtained":[{"floor":6,"key":"Fire Potion"},{"floor":13,"key":"GamblersBrew"},{"floor":16,"key":"Weak Potion"},{"floor":18,"key":"EssenceOfSteel"},{"floor":24,"key":"LiquidBronze"},{"floor":30,"key":"Energy Potion"},{"floor":33,"key":"SkillPotion"},{"floor":40,"key":"Ancient Potion"},{"floor":48,"key":"EssenceOfSteel"}],"is_trial":false,"path_per_floor":["M","?","?","$","?","E","R","T","T","R","?","R","E","?","R","B",null,"M","M","?","?","?","R","M","E","T","M","?","R","M","$","R","B",null,"M","M","?","$","?","E","?","$","T","M","R","?","?","M","R","B",null],"character_chosen":"IRONCLAD","items_purchased":["Blind","Toolbox","Ghostly Armor"],"campfire_rested":0,"item_purchase_floors":[4,31,42],"current_hp_per_floor":[78,78,67,67,60,66,66,66,66,66,66,66,72,56,56,36,69,63,69,53,53,53,53,59,44,44,26,26,26,30,30,30,29,67,80,80,80,80,80,51,41,41,46,61,61,61,51,35,35,15],"gold":11,"neow_bonus":"THREE_ENEMY_KILL","is_prod":false,"is_daily":false,"chose_seed":false,"campfire_upgraded":9,"win_rate":0,"timestamp":1552677129,"path_taken":["M","?","?","$","?","E","R","?","T","R","?","R","E","?","R","BOSS","M","M","?","?","?","R","M","E","T","M","?","R","M","$","R","BOSS","M","M","?","$","?","E","?","$","T","M","R","?","?","M","R","BOSS"],"build_version":"2019-01-23","purchased_purges":3,"victory":true,"max_hp_per_floor":[80,80,80,80,80,80,80,80,80,80,80,80,80,80,80,80,80,80,80,80,80,80,80,80,80,80,80,80,80,80,80,80,80,80,80,80,80,80,80,80,80,80,80,80,80,80,80,83,83,86],"card_choices":[{"not_picked":["Sword Boomerang","Body Slam"],"picked":"Iron Wave","floor":1},{"not_picked":["Cleave","Immolate"],"picked":"Armaments","floor":6},{"not_picked":["Clothesline","Metallicize"],"picked":"Body Slam","floor":13},{"not_picked":["Bludgeon","Double Tap"],"picked":"Barricade","floor":16},{"not_picked":["Feel No Pain","Cleave"],"picked":"Flex","floor":18},{"not_picked":["Burning Pact","Cleave"],"picked":"True Grit","floor":19},{"not_picked":["Evolve","True Grit+1"],"picked":"Disarm","floor":24},{"not_picked":["Headbutt","Battle Trance+1"],"picked":"Disarm","floor":25},{"not_picked":["Sword Boomerang+1","Armaments","Iron Wave"],"picked":"SKIP","floor":27},{"not_picked":["Clash","Blood for Blood"],"picked":"Feed","floor":30},{"not_picked":["Dark Embrace","Offering"],"picked":"Exhume","floor":33},{"not_picked":["Anger+1","Headbutt","Warcry"],"picked":"SKIP","floor":35},{"not_picked":["Twin Strike","Body Slam","Carnage+1"],"picked":"SKIP","floor":36},{"not_picked":["Clash","Sword Boomerang","Cleave+1"],"picked":"SKIP","floor":40},{"not_picked":["Clash","Sword Boomerang","Cleave+1"],"picked":"SKIP","floor":40},{"not_picked":["Wild Strike","Sword Boomerang+1"],"picked":"Entrench+1","floor":44},{"not_picked":["Panacea+1","Blind+1"],"picked":"Finesse+1","floor":47},{"not_picked":["Dramatic Entrance","Apotheosis+1"],"picked":"Good Instincts+1","floor":47},{"not_picked":["Trip+1","PanicButton+1"],"picked":"Secret Technique+1","floor":47},{"not_picked":["Blood for Blood","Havoc+1","Rage+1"],"picked":"SKIP","floor":48}],"player_experience":534829,"relics_obtained":[{"floor":6,"key":"Incense Burner"},{"floor":8,"key":"Juzu Bracelet"},{"floor":9,"key":"Champion Belt"},{"floor":13,"key":"Du-Vu Doll"},{"floor":20,"key":"Enchiridion"},{"floor":25,"key":"Gremlin Horn"},{"floor":26,"key":"Bottled Flame"},{"floor":40,"key":"Anchor"},{"floor":43,"key":"Bronze Scales"}],"event_choices":[{"damage_healed":0,"gold_gain":0,"cards_transformed":["Defend_R"],"player_choice":"Change","damage_taken":0,"max_hp_gain":0,"max_hp_loss":0,"event_name":"Living Wall","floor":2,"gold_loss":0,"cards_obtained":["Whirlwind"]},{"damage_healed":0,"gold_gain":75,"player_choice":"Gather Gold","damage_taken":11,"max_hp_gain":0,"max_hp_loss":0,"event_name":"World of Goop","floor":3,"gold_loss":0},{"cards_removed":["Strike_R"],"damage_healed":0,"gold_gain":0,"player_choice":"Card Removal","damage_taken":7,"max_hp_gain":0,"max_hp_loss":0,"event_name":"Golden Wing","floor":5,"gold_loss":0},{"damage_healed":0,"gold_gain":0,"player_choice":"Take Wound","damage_taken":0,"relics_obtained":["Golden Idol"],"max_hp_gain":0,"max_hp_loss":0,"event_name":"Golden Idol","floor":11,"gold_loss":0,"cards_obtained":["Injury"]},{"damage_healed":0,"gold_gain":0,"player_choice":"Entered Light","damage_taken":16,"max_hp_gain":0,"max_hp_loss":0,"event_name":"Shining Light","floor":14,"gold_loss":0,"cards_upgraded":["Whirlwind","Iron Wave"]},{"damage_healed":0,"gold_gain":0,"player_choice":"Obtained Book","damage_taken":16,"max_hp_gain":0,"max_hp_loss":0,"event_name":"Cursed Tome","floor":20,"gold_loss":0},{"damage_healed":0,"gold_gain":0,"player_choice":"Copied","damage_taken":0,"max_hp_gain":0,"max_hp_loss":0,"event_name":"Duplicator","floor":21,"gold_loss":0,"cards_obtained":["Iron Wave"]},{"damage_healed":0,"gold_gain":0,"player_choice":"Read","damage_taken":0,"max_hp_gain":0,"max_hp_loss":0,"event_name":"The Library","floor":22,"gold_loss":0,"cards_obtained":["Battle Trance"]},{"damage_healed":0,"gold_gain":0,"player_choice":"Gave Idol","damage_taken":0,"relics_obtained":["Bloody Idol"],"max_hp_gain":0,"max_hp_loss":0,"event_name":"Forgotten Altar","floor":28,"relics_lost":["Golden Idol"],"gold_loss":0},{"cards_removed":["Iron Wave"],"damage_healed":0,"gold_gain":0,"player_choice":"Removed Attack","damage_taken":0,"max_hp_gain":0,"max_hp_loss":0,"event_name":"Falling","floor":37,"gold_loss":0},{"damage_healed":0,"gold_gain":0,"player_choice":"Ignored","damage_taken":0,"max_hp_gain":0,"max_hp_loss":0,"event_name":"Mysterious Sphere","floor":39,"gold_loss":0},{"damage_healed":0,"gold_gain":0,"player_choice":"Embrace Madness","damage_taken":10,"max_hp_gain":0,"max_hp_loss":0,"event_name":"Winding Halls","floor":41,"gold_loss":0,"cards_obtained":["Madness","Madness"]},{"damage_healed":0,"gold_gain":0,"player_choice":"Paid Gold","damage_taken":0,"relics_obtained":["Toxic Egg 2"],"max_hp_gain":0,"max_hp_loss":0,"event_name":"WeMeetAgain","floor":46,"gold_loss":90},{"damage_healed":0,"gold_gain":0,"player_choice":"Memory 3","damage_taken":10,"max_hp_gain":0,"max_hp_loss":0,"event_name":"SensoryStone","floor":47,"gold_loss":0}],"is_beta":false,"boss_relics":[{"not_picked":["Runic Dome","Orrery"],"picked":"Coffee Dripper"},{"not_picked":["Runic Cube","Philosopher\u0027s Stone"],"picked":"Black Blood"}],"items_purged_floors":[4,31,38],"is_endless":false,"potions_floor_spawned":[6,13,16,18,24,30,33,40,48],"ascension_level":10}