{"gold_per_floor":[110,123,123,133,133,167,167,198,198,215,227,240,273,273,273,394,394,418,443,368,368],"floor_reached":21,"playtime":2359,"items_purged":["Strike_B"],"score":211,"play_id":"7b652297-6954-4fdc-b9f7-afa89fee49f3","local_time":"20190304213850","is_ascension_mode":true,"campfire_choices":[{"floor":7.0,"key":"REST"},{"floor":15,"key":"RECALL"}],"neow_cost":"NONE","seed_source_timestamp":0,"circlet_count":0,"master_deck":["Strike_B","Strike_B","Strike_B","Defend_B","Defend_B","Defend_B","Defend_B","Zap","Go for the Eyes","Undo","Auto Shields","Conserve Battery","Sweeping Beam","Steam","Coolheaded","Echo Form","Buffer","Compile Driver","Genetic Algorithm"],"special_seed":0,"relics":["Cracked Core","NeowsBlessing","Anchor","Meat on the Bone","Orichalcum","Golden Idol","Snecko Eye"],"potions_floor_usage":[13,21,21],"damage_taken":[{"damage":0.0,"enemies":"2 Louse","floor":1.0,"turns":1.0},{"damage":0.0,"enemies":"Cultist","floor":2.0,"turns":1.0},{"damage":0.0,"enemies":"Small Slimes","floor":4.0,"turns":1.0},{"damage":46.0,"enemies":"Gremlin Nob","floor":6.0,"turns":6.0},{"damage":10.0,"enemies":"Lagavulin","floor":8.0,"turns":8.0},{"damage":0.0,"enemies":"2 Fungi Beasts","floor":10.0,"turns":4.0},{"damage":0.0,"enemies":"Looter","floor":11.0,"turns":4.0},{"damage":0.0,"enemies":"Gremlin Gang","floor":12.0,"turns":1.0},{"damage":2,"enemies":"3 Sentries","floor":13,"turns":5},{"damage":36,"enemies":"Hexaghost","floor":16,"turns":17},{"damage":0,"enemies":"Chosen","floor":18,"turns":7},{"damage":0,"enemies":"Shell Parasite","floor":19,"turns":8},{"damage":0,"enemies":"Colosseum Slavers","floor":21,"turns":7},{"damage":89,"enemies":"Colosseum Nobs","floor":21,"turns":7}],"seed_played":"1259864299052176618","potions_obtained":[{"floor":2.0,"key":"Weak Potion"},{"floor":3.0,"key":"SkillPotion"},{"floor":3.0,"key":"Swift Potion"},{"floor":4.0,"key":"Ancient Potion"},{"floor":8.0,"key":"Explosive Potion"},{"floor":12,"key":"Explosive Potion"},{"floor":16,"key":"SteroidPotion"},{"floor":19,"key":"EssenceOfSteel"}],"is_trial":false,"path_per_floor":["M","M","?","M","?","E","R","E","T","M","M","M","E","?","R","B",null,"M","M","$","?"],"character_chosen":"DEFECT","items_purchased":[],"campfire_rested":1,"item_purchase_floors":[],"current_hp_per_floor":[75,75,75,75,68,22,44,34,34,46,46,46,44,44,44,20,69,69,69,69,0],"gold":368,"neow_bonus":"THREE_ENEMY_KILL","is_prod":false,"is_daily":false,"chose_seed":false,"campfire_upgraded":0,"win_rate":0,"timestamp":1551753530,"path_taken":["M","M","?","?","?","E","R","E","T","M","M","M","E","?","R","BOSS","M","M","$","?"],"build_version":"2019-01-23","purchased_purges":1,"victory":false,"max_hp_per_floor":[75,75,75,75,75,75,75,75,75,75,75,75,75,69,69,69,69,69,69,69,69],"card_choices":[{"not_picked":["Steam","Hologram"],"picked":"Go for the Eyes","floor":1.0},{"not_picked":["Scrape","Compile Driver","Barrage"],"picked":"SKIP","floor":2.0},{"not_picked":["Chaos","Rebound"],"picked":"Undo","floor":4.0},{"not_picked":["Beam Cell","Turbo"],"picked":"Auto Shields","floor":6.0},{"not_picked":["White Noise","Go for the Eyes"],"picked":"Conserve Battery","floor":8.0},{"not_picked":["Rebound","Turbo"],"picked":"Sweeping Beam","floor":10.0},{"not_picked":["Beam Cell","Heatsinks"],"picked":"Steam","floor":11.0},{"not_picked":["White Noise","Rip and Tear"],"picked":"Coolheaded","floor":12},{"not_picked":["Blizzard","Leap"],"picked":"Echo Form","floor":13},{"not_picked":["Reboot","Thunder Strike"],"picked":"Buffer","floor":16},{"not_picked":["Barrage","Gash"],"picked":"Compile Driver","floor":18},{"not_picked":["Scrape+1","Gash"],"picked":"Genetic Algorithm","floor":19}],"player_experience":246708,"relics_obtained":[{"floor":6.0,"key":"Anchor"},{"floor":8.0,"key":"Meat on the Bone"},{"floor":13,"key":"Orichalcum"}],"event_choices":[{"damage_healed":0.0,"max_hp_gain":0.0,"max_hp_loss":0.0,"gold_gain":0.0,"event_name":"Lab","player_choice":"Got Potions","floor":3.0,"gold_loss":0.0,"damage_taken":0.0},{"cards_removed":["Dualcast"],"damage_healed":0.0,"max_hp_gain":0.0,"max_hp_loss":0.0,"gold_gain":0.0,"event_name":"Golden Wing","player_choice":"Card Removal","floor":5.0,"gold_loss":0.0,"damage_taken":7.0},{"damage_healed":0,"gold_gain":0,"player_choice":"Lose Max HP","damage_taken":0,"relics_obtained":["Golden Idol"],"max_hp_gain":0,"max_hp_loss":6,"event_name":"Golden Idol","floor":14,"gold_loss":0},{"damage_healed":0,"gold_gain":0,"player_choice":"Fight","damage_taken":0,"max_hp_gain":0,"max_hp_loss":0,"event_name":"Colosseum","floor":21,"gold_loss":0},{"damage_healed":0,"gold_gain":0,"player_choice":"Fought Nobs","damage_taken":0,"max_hp_gain":0,"max_hp_loss":0,"event_name":"Colosseum","floor":21,"gold_loss":0}],"is_beta":false,"boss_relics":[{"not_picked":["Fusion Hammer","Cursed Key"],"picked":"Snecko Eye"}],"items_purged_floors":[20],"is_endless":false,"potions_floor_spawned":[2,4,8,12,16,19],"killed_by":"Colosseum Nobs","ascension_level":1}