{"gold_per_floor":[110,125,139,59,59,86,96,96,96,121,133,133,146,169,169,169],"floor_reached":16,"playtime":983,"items_purged":[],"score":207,"play_id":"c18e70f6-eb46-44fa-890e-4b111f3653d7","local_time":"20190209204226","is_ascension_mode":true,"campfire_choices":[{"data":"Bouncing Flask","floor":8,"key":"SMITH"},{"floor":15,"key":"REST"}],"neow_cost":"NONE","seed_source_timestamp":31831654958375,"circlet_count":0,"master_deck":["AscendersBane","Defend_G","Defend_G","Defend_G","Defend_G","Defend_G","Strike_G","Strike_G","Strike_G","Strike_G","Survivor","Neutralize","Dagger Spray","Footwork","Crippling Poison","Infinite Blades","A Thousand Cuts","Bouncing Flask+1","Deflect","Poisoned Stab","Caltrops+1"],"relics":["Ring of the Snake","NeowsBlessing","The Specimen","The Courier","Frozen Egg 2","Art of War"],"potions_floor_usage":[6,10,12,12],"damage_taken":[{"damage":0,"enemies":"Jaw Worm","floor":1,"turns":1},{"damage":0,"enemies":"Cultist","floor":2,"turns":1},{"damage":0,"enemies":"Small Slimes","floor":3,"turns":1},{"damage":24,"enemies":"Gremlin Nob","floor":6,"turns":4},{"damage":4,"enemies":"Exordium Wildlife","floor":7,"turns":5},{"damage":10,"enemies":"3 Sentries","floor":10,"turns":9},{"damage":2,"enemies":"2 Fungi Beasts","floor":11,"turns":4},{"damage":6,"enemies":"Gremlin Nob","floor":12,"turns":3},{"damage":3,"enemies":"Large Slime","floor":13,"turns":7},{"damage":0,"enemies":"The Guardian","floor":16,"turns":2}],"seed_played":"1177992610391635425","potions_obtained":[{"floor":3,"key":"FearPotion"},{"floor":6,"key":"PowerPotion"},{"floor":10,"key":"SneckoOil"},{"floor":11,"key":"SmokeBomb"}],"is_trial":false,"path_per_floor":["M","M","M","$","?","E","M","R","T","E","M","E","M","T","R","B"],"character_chosen":"THE_SILENT","items_purchased":["Infinite Blades"],"campfire_rested":1,"item_purchase_floors":[4],"current_hp_per_floor":[59,59,59,59,59,35,31,31,31,21,19,13,10,10,29,29],"gold":169,"neow_bonus":"THREE_ENEMY_KILL","is_prod":false,"is_daily":false,"chose_seed":false,"campfire_upgraded":1,"win_rate":0,"timestamp":1549773746,"path_taken":["M","M","M","$","?","E","M","R","T","E","M","E","?","?","R","BOSS"],"build_version":"2019-01-23","purchased_purges":0,"victory":false,"max_hp_per_floor":[66,66,66,66,66,66,66,66,66,66,66,66,66,66,66,66],"card_choices":[{"not_picked":["Deflect","Prepared"],"picked":"Dagger Spray","floor":1},{"not_picked":["Outmaneuver","Leg Sweep"],"picked":"Footwork","floor":2},{"not_picked":["Blade Dance","Riddle With Holes"],"picked":"Crippling Poison","floor":3},{"not_picked":["Setup","PiercingWail"],"picked":"A Thousand Cuts","floor":6},{"not_picked":["Backflip","Deflect"],"picked":"Bouncing Flask","floor":7},{"not_picked":["Reflex","Dash"],"picked":"Deflect","floor":10},{"not_picked":["Expertise","Acrobatics"],"picked":"Poisoned Stab","floor":11},{"not_picked":["Underhanded Strike","Blade Dance"],"picked":"Caltrops+1","floor":13}],"player_experience":454513,"relics_obtained":[{"floor":6,"key":"The Specimen"},{"floor":9,"key":"The Courier"},{"floor":10,"key":"Frozen Egg 2"},{"floor":14,"key":"Art of War"}],"event_choices":[{"cards_removed":["Strike_G"],"damage_healed":0,"gold_gain":0,"player_choice":"Purged","damage_taken":0,"max_hp_gain":0,"max_hp_loss":0,"event_name":"Purifier","floor":5,"gold_loss":0}],"is_beta":false,"boss_relics":[],"items_purged_floors":[],"is_endless":false,"potions_floor_spawned":[3,6,10,11],"killed_by":"The Guardian","ascension_level":14}