{"gold_per_floor":[114,114,132,132,6,6,37,68,130,175,204,235,263,288,300,413,425],"floor_reached":17,"playtime":1241,"items_purged":["Defend_B"],"score":194,"play_id":"e44d5013-2fd8-4037-88e5-d73ab778bab9","local_time":"20190203102529","is_ascension_mode":false,"campfire_choices":[{"data":"Static Discharge","floor":6.0,"key":"SMITH"},{"floor":15.0,"key":"RECALL"}],"neow_cost":"NONE","seed_source_timestamp":0,"circlet_count":0,"master_deck":["Strike_B","Strike_B","Strike_B+1","Defend_B+1","Defend_B+1","Defend_B","Zap","Dualcast+1","Static Discharge+1","Ball Lightning","Beam Cell","Coolheaded","Capacitor","Redo","Sunder","Stack","Leap","Go for the Eyes","Buffer","Gash","Machine Learning"],"special_seed":0,"relics":["Cracked Core","NeowsBlessing","MawBank","War Paint","Bottled Tornado","Orrery"],"potions_floor_usage":[],"damage_taken":[{"damage":0.0,"enemies":"2 Louse","floor":1.0,"turns":1.0},{"damage":0.0,"enemies":"Jaw Worm","floor":3.0,"turns":1.0},{"damage":0.0,"enemies":"3 Sentries","floor":7.0,"turns":1.0},{"damage":0.0,"enemies":"Small Slimes","floor":8.0,"turns":2.0},{"damage":8.0,"enemies":"Gremlin Nob","floor":10.0,"turns":3.0},{"damage":8.0,"enemies":"Gremlin Gang","floor":11.0,"turns":3.0},{"damage":5.0,"enemies":"Blue Slaver","floor":12.0,"turns":2.0},{"damage":0.0,"enemies":"Exordium Thugs","floor":13.0,"turns":4.0},{"damage":0.0,"enemies":"Large Slime","floor":14.0,"turns":5.0},{"damage":21.0,"enemies":"The Guardian","floor":16.0,"turns":9.0}],"seed_played":"2036641425410104595","potions_obtained":[{"floor":1.0,"key":"Ancient Potion"},{"floor":3.0,"key":"Energy Potion"},{"floor":11.0,"key":"Regen Potion"},{"floor":16.0,"key":"EntropicBrew"}],"is_trial":false,"path_per_floor":["M","?","M","?","$","R","E","M","T","E","M","M","M","M","R","B",null],"character_chosen":"DEFECT","items_purchased":["Beam Cell"],"campfire_rested":0,"item_purchase_floors":[5],"current_hp_per_floor":[75,60,60,53,53,53,53,53,53,45,37,32,32,32,32,26,26],"gold":425,"neow_bonus":"THREE_ENEMY_KILL","is_prod":false,"is_daily":false,"chose_seed":false,"campfire_upgraded":1,"win_rate":0,"timestamp":1549207529,"path_taken":["M","?","M","?","?","R","E","M","T","E","?","M","M","M","R","BOSS"],"build_version":"2019-01-23","purchased_purges":1,"victory":false,"max_hp_per_floor":[75,75,75,75,75,75,75,75,75,75,75,75,75,75,75,75,75],"card_choices":[{"not_picked":["Darkness","Ball Lightning"],"picked":"Static Discharge","floor":1.0},{"not_picked":["Glacier","Darkness"],"picked":"Ball Lightning","floor":3.0},{"not_picked":["Ball Lightning","Auto Shields"],"picked":"Coolheaded","floor":7.0},{"not_picked":["Stack","Steam"],"picked":"Capacitor","floor":8.0},{"not_picked":["Barrage","Cold Snap"],"picked":"Redo","floor":10.0},{"not_picked":["Steam","Hologram"],"picked":"Sunder","floor":11.0},{"not_picked":["Streamline","Undo"],"picked":"Stack","floor":12.0},{"not_picked":["Heatsinks","Hello World"],"picked":"Leap","floor":13.0},{"not_picked":["Barrage","Rebound"],"picked":"Go for the Eyes","floor":14.0},{"not_picked":["Multi-Cast","Reboot"],"picked":"Buffer","floor":16.0},{"not_picked":["Streamline","FTL"],"picked":"Gash","floor":17},{"not_picked":["Cold Snap","Sweeping Beam"],"picked":"Machine Learning","floor":17}],"player_experience":135656,"relics_obtained":[{"floor":7.0,"key":"MawBank"},{"floor":9.0,"key":"War Paint"},{"floor":10.0,"key":"Bottled Tornado"}],"event_choices":[{"damage_healed":0.0,"max_hp_gain":0.0,"max_hp_loss":0.0,"gold_gain":0.0,"event_name":"Shining Light","player_choice":"Entered Light","floor":2.0,"gold_loss":0.0,"damage_taken":15.0,"cards_upgraded":["Defend_B","Strike_B"]},{"cards_removed":["Strike_B"],"damage_healed":0.0,"max_hp_gain":0.0,"max_hp_loss":0.0,"gold_gain":0.0,"event_name":"Golden Wing","player_choice":"Card Removal","floor":4.0,"gold_loss":0.0,"damage_taken":7.0}],"is_beta":false,"boss_relics":[{"not_picked":["Eternal Feather","Pandora\u0027s Box"],"picked":"Orrery"}],"items_purged_floors":[5],"is_endless":false,"potions_floor_spawned":[1,3,11,16],"ascension_level":0}