{"gold_per_floor":[112,112,122,122,139,139,153,153,153,166,178,68,68,87,87,184,184,203,223,148,177,7,7,34,34],"floor_reached":25,"playtime":3579,"items_purged":["Strike_B","Defend_B"],"score":263,"play_id":"f3802bca-8961-43e3-9299-31efd50ad40b","local_time":"20190129195147","is_ascension_mode":false,"campfire_choices":[{"data":"Beam Cell","floor":6.0,"key":"SMITH"},{"data":"Defragment","floor":8,"key":"SMITH"},{"data":"Sunder","floor":15,"key":"SMITH"},{"data":"Rainbow","floor":23,"key":"SMITH"}],"neow_cost":"NONE","seed_source_timestamp":0,"circlet_count":0,"master_deck":["Strike_B","Defend_B","Zap+1","Dualcast","Beam Cell+1","Defragment+1","Biased Cognition","Sunder+1","Defragment","Fusion","Zap","Leap","Rainbow+1","Reprogram+1","FTL+1","Ball Lightning+1","Auto Shields","Stack","Chaos+1","Static Discharge","Reinforced Body+1"],"special_seed":0,"relics":["Cracked Core","NeowsBlessing","Shuriken","Mango","Astrolabe","Red Mask","Regal Pillow"],"potions_floor_usage":[24],"damage_taken":[{"damage":0.0,"enemies":"2 Louse","floor":1.0,"turns":1.0},{"damage":0.0,"enemies":"Cultist","floor":3.0,"turns":1.0},{"damage":0.0,"enemies":"Jaw Worm","floor":5.0,"turns":1.0},{"damage":22.0,"enemies":"Exordium Thugs","floor":7.0,"turns":4.0},{"damage":10,"enemies":"Looter","floor":10,"turns":2},{"damage":11,"enemies":"2 Fungi Beasts","floor":11,"turns":3},{"damage":4,"enemies":"Gremlin Gang","floor":14,"turns":3},{"damage":0,"enemies":"Slime Boss","floor":16,"turns":6},{"damage":2,"enemies":"Spheric Guardian","floor":18,"turns":3},{"damage":28,"enemies":"3 Byrds","floor":19,"turns":4},{"damage":10,"enemies":"Masked Bandits","floor":21,"turns":3},{"damage":40,"enemies":"Slavers","floor":24,"turns":3}],"seed_played":"-2473739253222029912","potions_obtained":[{"floor":7,"key":"AttackPotion"},{"floor":14,"key":"Strength Potion"},{"floor":24,"key":"Ancient Potion"}],"is_trial":false,"path_per_floor":["M","?","M","T","M","R","M","R","T","M","M","$","?","M","R","B",null,"M","M","?","?","$","R","E","?"],"character_chosen":"DEFECT","items_purchased":["Defragment","Static Discharge"],"campfire_rested":0,"item_purchase_floors":[12,22],"current_hp_per_floor":[75,75,75,75,75,75,53,53,67,57,46,46,46,42,42,42,89,87,59,59,49,49,49,9,0],"gold":34,"neow_bonus":"THREE_ENEMY_KILL","is_prod":false,"is_daily":false,"chose_seed":false,"campfire_upgraded":4,"win_rate":0.0,"timestamp":1548809507,"path_taken":["M","?","?","?","M","R","M","R","T","M","M","$","?","M","R","BOSS","M","M","?","?","$","R","E","?"],"build_version":"2019-01-23","purchased_purges":2,"victory":false,"max_hp_per_floor":[75,75,75,75,75,75,75,75,89,89,89,89,89,89,89,89,89,89,89,89,89,89,89,89,89],"card_choices":[{"not_picked":["Steam","Barrage","Double Energy"],"picked":"SKIP","floor":1.0},{"not_picked":["Barrage","Turbo","Sweeping Beam"],"picked":"SKIP","floor":3.0},{"not_picked":["Turbo","Leap"],"picked":"Beam Cell","floor":5.0},{"not_picked":["Compile Driver","Stack"],"picked":"Defragment","floor":7},{"not_picked":["Stack","Redo"],"picked":"Biased Cognition","floor":10},{"not_picked":["Steam Power","Hologram"],"picked":"Sunder","floor":11},{"not_picked":["Steam Power","Sweeping Beam"],"picked":"Leap","floor":14},{"not_picked":["Echo Form","Fission"],"picked":"Rainbow","floor":16},{"not_picked":["Go for the Eyes","Compile Driver"],"picked":"Auto Shields","floor":18},{"not_picked":["Turbo","Beam Cell"],"picked":"Stack","floor":19},{"not_picked":["Skim","Sunder"],"picked":"Chaos+1","floor":21},{"not_picked":["Scrape+1","Machine Learning"],"picked":"Reinforced Body+1","floor":24}],"player_experience":73887,"relics_obtained":[{"floor":4.0,"key":"Shuriken"},{"floor":9,"key":"Mango"},{"floor":21,"key":"Red Mask"},{"floor":24,"key":"Regal Pillow"}],"event_choices":[{"damage_healed":0.0,"max_hp_gain":0.0,"max_hp_loss":0.0,"gold_gain":0.0,"event_name":"Accursed Blacksmith","player_choice":"Forge","floor":2.0,"gold_loss":0.0,"damage_taken":0.0,"cards_upgraded":["Zap"]},{"damage_healed":0,"gold_gain":0,"player_choice":"2 cards matched","damage_taken":0,"max_hp_gain":0,"max_hp_loss":0,"event_name":"Match and Keep!","floor":13,"gold_loss":0,"cards_obtained":["Fusion","Zap"]},{"cards_removed":["Defend_B"],"damage_healed":0,"gold_gain":0,"player_choice":"Gave Gold","damage_taken":0,"max_hp_gain":0,"max_hp_loss":0,"event_name":"Beggar","floor":20,"gold_loss":75},{"damage_healed":0,"gold_gain":0,"player_choice":"Fought Bandits","damage_taken":0,"max_hp_gain":0,"max_hp_loss":0,"event_name":"Masked Bandits","floor":21,"gold_loss":0}],"is_beta":false,"boss_relics":[{"not_picked":["Runic Dome","Calling Bell"],"picked":"Astrolabe"}],"items_purged_floors":[12,22],"is_endless":false,"potions_floor_spawned":[7,14,24],"ascension_level":0}