{"gold_per_floor":[112,123,135,146,71,102,102,116,116,129,304,304,304,284,284,386,386,399,79,91,102,114,114,130,130],"floor_reached":25,"playtime":2559,"items_purged":["Strike_G","Doubt"],"score":300,"play_id":"040f7e8e-b173-4957-9bce-854df495adcc","local_time":"20190119220341","is_ascension_mode":true,"campfire_choices":[{"data":"Tools of the Trade","floor":12,"key":"SMITH"},{"data":"Deadly Poison","floor":15,"key":"SMITH"},{"floor":23,"key":"REST"}],"neow_cost":"TEN_PERCENT_HP_LOSS","seed_source_timestamp":17358382845164,"circlet_count":0,"master_deck":["Defend_G","Defend_G","Defend_G","Strike_G","Strike_G","Strike_G","Strike_G","Survivor","Neutralize","Dagger Spray+1","Deadly Poison+1","Bouncing Flask","Tools of the Trade+1","Flying Knee","Cloak And Dagger","Deadly Poison","Burst","Crippling Poison","Leg Sweep","Malaise"],"relics":["Ring of the Snake","Orichalcum","Bag of Preparation","Snecko Eye","Lantern"],"potions_floor_usage":[6,6,16,16,24],"damage_taken":[{"damage":11,"enemies":"2 Louse","floor":1,"turns":3},{"damage":0,"enemies":"Cultist","floor":2,"turns":3},{"damage":13,"enemies":"Jaw Worm","floor":3,"turns":4},{"damage":8,"enemies":"3 Louse","floor":4,"turns":3},{"damage":17,"enemies":"Lagavulin","floor":6,"turns":6},{"damage":1,"enemies":"Looter","floor":8,"turns":4},{"damage":0,"enemies":"Gremlin Gang","floor":10,"turns":3},{"damage":7,"enemies":"The Guardian","floor":16,"turns":8},{"damage":3,"enemies":"Spheric Guardian","floor":18,"turns":3},{"damage":3,"enemies":"Chosen","floor":20,"turns":3},{"damage":2,"enemies":"Snecko","floor":21,"turns":4},{"damage":31,"enemies":"Snake Plant","floor":22,"turns":3},{"damage":20,"enemies":"Centurion and Healer","floor":24,"turns":5},{"damage":6,"enemies":"Shelled Parasite and Fungi","floor":25,"turns":4}],"seed_played":"-4522283360562802367","potions_obtained":[{"floor":3,"key":"Energy Potion"},{"floor":4,"key":"Swift Potion"},{"floor":6,"key":"Weak Potion"},{"floor":10,"key":"LiquidBronze"},{"floor":14,"key":"SmokeBomb"},{"floor":18,"key":"Swift Potion"},{"floor":22,"key":"Ancient Potion"},{"floor":24,"key":"SteroidPotion"}],"is_trial":false,"path_per_floor":["M","M","M","M","$","E","?","M","T","M","?","R","?","?","R","B",null,"M","$","M","M","M","R","M","M"],"character_chosen":"THE_SILENT","items_purchased":["Lantern","Crippling Poison"],"campfire_rested":1,"item_purchase_floors":[19,19],"current_hp_per_floor":[52,52,39,31,31,14,14,13,13,13,13,13,13,13,13,6,49,46,46,43,41,10,28,8,2],"gold":130,"neow_bonus":"REMOVE_TWO","is_prod":false,"is_daily":false,"chose_seed":false,"campfire_upgraded":2,"win_rate":0,"timestamp":1547964221,"path_taken":["M","M","M","M","$","E","?","?","T","M","?","R","?","?","R","BOSS","M","$","M","M","M","R","M","?"],"build_version":"2019-01-17v2","purchased_purges":2,"victory":false,"max_hp_per_floor":[63,63,63,63,63,63,63,63,63,63,63,63,63,63,63,63,63,63,63,63,63,63,63,63,63],"card_choices":[{"not_picked":["Blade Dance","Catalyst"],"picked":"Dagger Spray","floor":1},{"not_picked":["Dodge and Roll","Outmaneuver"],"picked":"Deadly Poison","floor":2},{"not_picked":["Dodge and Roll","Sucker Punch"],"picked":"Bouncing Flask","floor":3},{"not_picked":["Terror","Tactician"],"picked":"Tools of the Trade","floor":4},{"not_picked":["Blade Dance","Dagger Spray"],"picked":"Flying Knee","floor":6},{"not_picked":["Outmaneuver","Bane"],"picked":"Cloak And Dagger","floor":8},{"not_picked":["Doppelganger","Flechettes"],"picked":"Deadly Poison","floor":10},{"not_picked":["Storm of Steel","Doppelganger"],"picked":"Burst","floor":16},{"not_picked":["Flying Knee","Dagger Spray","All Out Attack"],"picked":"SKIP","floor":18},{"not_picked":["Slice","Dodge and Roll","Endless Agony+1"],"picked":"SKIP","floor":20},{"not_picked":["Footwork","Slice"],"picked":"Leg Sweep","floor":21},{"not_picked":["Deflect","Terror"],"picked":"Malaise","floor":22},{"not_picked":["Bouncing Flask","Heel Hook","Deflect"],"picked":"SKIP","floor":24}],"player_experience":295041,"relics_obtained":[{"floor":6,"key":"Orichalcum"},{"floor":9,"key":"Bag of Preparation"}],"event_choices":[{"damage_healed":0,"gold_gain":0,"player_choice":"Upgraded","damage_taken":0,"max_hp_gain":0,"max_hp_loss":0,"event_name":"Upgrade Shrine","floor":7,"gold_loss":0,"cards_upgraded":["Dagger Spray"]},{"damage_healed":0,"gold_gain":175,"player_choice":"AGREE","damage_taken":0,"max_hp_gain":0,"max_hp_loss":0,"event_name":"Liars Game","floor":11,"gold_loss":0,"cards_obtained":["Doubt"]},{"damage_healed":0,"gold_gain":0,"player_choice":"Ignored","damage_taken":0,"max_hp_gain":0,"max_hp_loss":0,"event_name":"Shining Light","floor":13,"gold_loss":0},{"damage_healed":0,"gold_gain":0,"player_choice":"Bought 1 Potion","damage_taken":0,"max_hp_gain":0,"max_hp_loss":0,"event_name":"The Woman in Blue","floor":14,"gold_loss":0}],"is_beta":false,"boss_relics":[{"not_picked":["Busted Crown","Lizard Tail"],"picked":"Snecko Eye"}],"items_purged_floors":[5,19],"is_endless":false,"potions_floor_spawned":[3,4,6,10,18,22,24],"killed_by":"Shelled Parasite and Fungi","ascension_level":9}