{"gold_per_floor":[116,133,144,144,144,144,162,162,187,187,187,63,86,105,105,233,233,254,270,270,270,270,270,309,330,386,404,503,517,532,180,180,180],"floor_reached":33,"playtime":1629,"items_purged":["Injury","Corpse Explosion"],"score":284,"play_id":"fb8d813b-a47a-4405-b504-bccdb5a9acd4","local_time":"20190101073250","is_ascension_mode":false,"campfire_choices":[{"data":"Neutralize","floor":6,"key":"SMITH"},{"floor":8,"key":"REST"},{"data":"Dash","floor":15,"key":"SMITH"},{"floor":23,"key":"REST"},{"data":"Accuracy","floor":32,"key":"SMITH"}],"neow_cost":"PERCENT_DAMAGE","seed_source_timestamp":995546199028623,"circlet_count":0,"master_deck":["Survivor+1","Neutralize+1","Sucker Punch","Endless Agony","PiercingWail+1","Dodge and Roll","Flying Knee","Infinite Blades","Dash+1","Accuracy+1","Deflect","Cloak And Dagger","Dagger Throw","Calculated Gamble","Corpse Explosion","Escape Plan","Underhanded Strike","Doppelganger","Leg Sweep+1","Dagger Spray","Necronomicurse","Blade Dance","Crippling Poison","Backflip+1","Choke","Tactician+1"],"relics":["Ring of the Snake","Smiling Mask","War Paint","Regal Pillow","Golden Idol","Pandora\u0027s Box","Blood Vial","Necronomicon","Dream Catcher","Tiny Chest","Mango"],"potions_floor_usage":[16,16,22,24,29,29,33],"damage_taken":[{"damage":0,"enemies":"2 Louse","floor":1,"turns":2},{"damage":0,"enemies":"Jaw Worm","floor":2,"turns":3},{"damage":0,"enemies":"Cultist","floor":3,"turns":3},{"damage":8,"enemies":"Large Slime","floor":7,"turns":9},{"damage":0,"enemies":"Blue Slaver","floor":13,"turns":3},{"damage":2,"enemies":"3 Louse","floor":14,"turns":3},{"damage":24,"enemies":"Slime Boss","floor":16,"turns":13},{"damage":20,"enemies":"Spheric Guardian","floor":18,"turns":4},{"damage":7,"enemies":"Shell Parasite","floor":19,"turns":5},{"damage":0,"enemies":"Colosseum Slavers","floor":22,"turns":5},{"damage":19,"enemies":"Book of Stabbing","floor":24,"turns":7},{"damage":22,"enemies":"Snake Plant","floor":25,"turns":6},{"damage":17,"enemies":"Sentry and Sphere","floor":27,"turns":5},{"damage":7,"enemies":"Snecko","floor":29,"turns":5},{"damage":10,"enemies":"Centurion and Healer","floor":30,"turns":6},{"damage":48,"enemies":"Champ","floor":33,"turns":10}],"seed_played":"6024565556842522405","potions_obtained":[{"floor":3,"key":"GhostInAJar"},{"floor":7,"key":"Dexterity Potion"},{"floor":16,"key":"Dexterity Potion"},{"floor":18,"key":"Block Potion"},{"floor":27,"key":"Regen Potion"},{"floor":29,"key":"Fruit Juice"},{"floor":30,"key":"Poison Potion"}],"is_trial":false,"path_per_floor":["M","M","M","?","?","R","M","R","T","?","?","$","M","M","R","B",null,"M","M","?","?","?","R","E","M","T","M","?","M","M","$","R","B"],"character_chosen":"THE_SILENT","items_purchased":["Infinite Blades","Mango"],"campfire_rested":2,"item_purchase_floors":[12,31],"current_hp_per_floor":[49,49,49,37,37,37,29,50,50,50,55,55,55,53,53,29,75,55,48,48,32,34,71,54,34,34,19,19,33,25,39,39,0],"gold":180,"neow_bonus":"TRANSFORM_TWO_CARDS","is_prod":false,"is_daily":false,"chose_seed":false,"campfire_upgraded":3,"win_rate":0,"timestamp":1546295570,"path_taken":["M","M","M","?","?","R","?","R","T","?","?","?","M","M","R","BOSS","M","M","?","?","?","R","E","M","T","M","?","M","M","?","R","BOSS"],"build_version":"2018-12-20","purchased_purges":2,"victory":false,"max_hp_per_floor":[70,70,70,70,70,70,70,70,70,70,75,75,75,75,75,75,75,75,75,75,75,75,75,75,75,75,75,75,80,80,94,94,94],"card_choices":[{"not_picked":["Underhanded Strike","Skewer"],"picked":"PiercingWail","floor":1},{"not_picked":["Bane","All Out Attack"],"picked":"Finisher","floor":2},{"not_picked":["Backstab","Slice"],"picked":"Dodge and Roll","floor":3},{"not_picked":["Quick Slash","Slice"],"picked":"Flying Knee","floor":7},{"not_picked":["Masterful Stab","Bane"],"picked":"Dash","floor":13},{"not_picked":["Endless Agony","Cloak And Dagger"],"picked":"Accuracy","floor":14},{"not_picked":["Phantasmal Killer","Grand Finale"],"picked":"Corpse Explosion","floor":16},{"not_picked":["Skewer+1","Cloak And Dagger"],"picked":"Leg Sweep+1","floor":18},{"not_picked":["Deadly Poison","Prepared"],"picked":"Dagger Spray","floor":19},{"not_picked":["Poisoned Stab+1","Flying Knee+1"],"picked":"Blade Dance","floor":24},{"not_picked":["Expertise","Caltrops"],"picked":"Crippling Poison","floor":25},{"not_picked":["Prepared","Underhanded Strike+1"],"picked":"Backflip+1","floor":27},{"not_picked":["Deadly Poison","Setup"],"picked":"Choke","floor":29},{"not_picked":["Quick Slash","Flying Knee"],"picked":"Tactician+1","floor":30}],"player_experience":269124,"relics_obtained":[{"floor":9,"key":"Regal Pillow"},{"floor":21,"key":"Necronomicon"},{"floor":24,"key":"Dream Catcher"},{"floor":26,"key":"Tiny Chest"}],"event_choices":[{"damage_healed":0,"gold_gain":0,"player_choice":"Success","damage_taken":12,"relics_obtained":["Smiling Mask"],"max_hp_gain":0,"max_hp_loss":0,"event_name":"Scrap Ooze","floor":4,"gold_loss":0},{"cards_removed":["Finisher"],"damage_healed":0,"gold_gain":0,"player_choice":"Gave Card","damage_taken":0,"relics_obtained":["War Paint"],"max_hp_gain":0,"max_hp_loss":0,"event_name":"WeMeetAgain","floor":5,"gold_loss":0},{"damage_healed":0,"gold_gain":0,"player_choice":"Take Wound","damage_taken":0,"relics_obtained":["Golden Idol"],"max_hp_gain":0,"max_hp_loss":0,"event_name":"Golden Idol","floor":10,"gold_loss":0,"cards_obtained":["Injury"]},{"damage_healed":0,"gold_gain":0,"player_choice":"Donut","damage_taken":0,"max_hp_gain":5,"max_hp_loss":0,"event_name":"Big Fish","floor":11,"gold_loss":0},{"damage_healed":0,"gold_gain":0,"player_choice":"Opened","damage_taken":0,"relics_obtained":["Blood Vial"],"max_hp_gain":0,"max_hp_loss":0,"event_name":"The Mausoleum","floor":20,"gold_loss":0},{"damage_healed":0,"gold_gain":0,"player_choice":"Obtained Book","damage_taken":16,"max_hp_gain":0,"max_hp_loss":0,"event_name":"Cursed Tome","floor":21,"gold_loss":0},{"damage_healed":0,"gold_gain":0,"player_choice":"Fight","damage_taken":0,"max_hp_gain":0,"max_hp_loss":0,"event_name":"Colosseum","floor":22,"gold_loss":0},{"damage_healed":0,"gold_gain":0,"player_choice":"Fled From Nobs","damage_taken":0,"max_hp_gain":0,"max_hp_loss":0,"event_name":"Colosseum","floor":22,"gold_loss":0},{"damage_healed":0,"gold_gain":99,"player_choice":"Stole From Cult","damage_taken":0,"max_hp_gain":0,"max_hp_loss":0,"event_name":"Nest","floor":28,"gold_loss":0}],"is_beta":false,"boss_relics":[{"not_picked":["Runic Pyramid","Calling Bell"],"picked":"Pandora\u0027s Box"}],"items_purged_floors":[12,31],"is_endless":false,"potions_floor_spawned":[3,7,16,18,27,29,30],"killed_by":"Champ","ascension_level":0}