{"gold_per_floor":[112,131,151,151,151,151,71,71,71,109,124,39,39,78,78,208,208,202,227,127,143,268,268,293,312,339,339,339,172,192,192,192,313,313,334,354,23,37,137,137,150,168,191,191,191,141,141,17,17,17],"floor_reached":50,"playtime":4386,"items_purged":["Predator","Eviscerate","Reflex","Expertise","Unload"],"score":525,"play_id":"8520ba54-c27d-4137-9b01-7b7bbcd1387b","local_time":"20190312154124","is_ascension_mode":false,"campfire_choices":[{"data":"Neutralize","floor":6,"key":"SMITH"},{"data":"Footwork","floor":8,"key":"SMITH"},{"data":"Cloak And Dagger","floor":13,"key":"SMITH"},{"data":"Cloak And Dagger","floor":15,"key":"SMITH"},{"data":"Cloak And Dagger","floor":23,"key":"SMITH"},{"data":"Skewer","floor":27,"key":"SMITH"},{"data":"Footwork","floor":32,"key":"SMITH"},{"data":"Phantasmal Killer","floor":40,"key":"SMITH"},{"floor":45,"key":"REST"},{"floor":47,"key":"RECALL"},{"data":"Accuracy","floor":49,"key":"SMITH"}],"neow_cost":"NONE","seed_source_timestamp":9514413431000,"circlet_count":0,"master_deck":["Survivor","Neutralize+1","Cloak And Dagger+1","Acrobatics","Footwork+1","After Image","Backflip","Skewer+1","Cloak And Dagger+1","Venomology","Unload","Unload","Deflect","Cloak And Dagger+1","Outmaneuver+1","Cloak And Dagger","Dash+1","Dagger Spray+1","Footwork+1","Sucker Punch+1","Ghostly","Ghostly","Ghostly","Ghostly","Phantasmal Killer+1","Accuracy+1","Caltrops+1","Noxious Fumes","Caltrops+1","Cloak And Dagger+1","Caltrops+1","Footwork"],"relics":["Ring of the Serpent","Golden Idol","Shuriken","Smiling Mask","Pear","Pandora\u0027s Box","Peace Pipe","Molten Egg 2","DollysMirror","Snake Skull"],"potions_floor_usage":[10,21,22,22,24,30,30,30,33,33,38,50,50],"damage_taken":[{"damage":0,"enemies":"Cultist","floor":1,"turns":6},{"damage":0,"enemies":"2 Louse","floor":2,"turns":3},{"damage":9,"enemies":"Jaw Worm","floor":3,"turns":4},{"damage":6,"enemies":"Lagavulin","floor":10,"turns":13},{"damage":4,"enemies":"Exordium Wildlife","floor":11,"turns":8},{"damage":0,"enemies":"3 Sentries","floor":14,"turns":13},{"damage":12,"enemies":"Hexaghost","floor":16,"turns":13},{"damage":13,"enemies":"2 Thieves","floor":18,"turns":4},{"damage":0,"enemies":"Chosen","floor":19,"turns":5},{"damage":2,"enemies":"Shelled Parasite and Fungi","floor":21,"turns":6},{"damage":15,"enemies":"Colosseum Slavers","floor":22,"turns":5},{"damage":16,"enemies":"Colosseum Nobs","floor":22,"turns":7},{"damage":1,"enemies":"Snake Plant","floor":24,"turns":7},{"damage":12,"enemies":"3 Cultists","floor":25,"turns":6},{"damage":7,"enemies":"Sentry and Sphere","floor":30,"turns":6},{"damage":5,"enemies":"Collector","floor":33,"turns":13},{"damage":1,"enemies":"3 Shapes","floor":35,"turns":6},{"damage":0,"enemies":"Orb Walker","floor":36,"turns":6},{"damage":9,"enemies":"Maw","floor":38,"turns":9},{"damage":7,"enemies":"Sphere and 2 Shapes","floor":41,"turns":8},{"damage":19,"enemies":"Spire Growth","floor":42,"turns":6},{"damage":21,"enemies":"Awakened One","floor":50,"turns":7}],"seed_played":"-5250641269991534012","potions_obtained":[{"floor":3,"key":"LiquidBronze"},{"floor":10,"key":"PowerPotion"},{"floor":14,"key":"Block Potion"},{"floor":18,"key":"EssenceOfSteel"},{"floor":24,"key":"EntropicBrew"},{"floor":30,"key":"Poison Potion"},{"floor":35,"key":"SpeedPotion"}],"is_trial":false,"path_per_floor":["?","?","$","?","?","?","?","M","?","$"],"character_chosen":"THE_SILENT","items_purchased":["Footwork","Skewer","Cloak And Dagger","Cloak And Dagger","Footwork","Sucker Punch+1","Noxious Fumes","DollysMirror","Footwork"],"campfire_rested":1,"item_purchase_floors":[7,12,12,20,29,29,37,37,48],"current_hp_per_floor":[70,70,61,44,49,49,49,49,49,43,39,39,39,49,49,37,85,72,72,72,70,39,39,38,26,26,26,26,26,19,19,19,14,42,41,41,41,32,32,32,25,6,6,6,18,18,18,18,18,0],"gold":17,"neow_bonus":"REMOVE_CARD","is_prod":false,"is_daily":false,"chose_seed":false,"campfire_upgraded":9,"win_rate":0,"timestamp":1552419684,"path_taken":["M","M","M","?","?","R","$","R","T","E","M","?","R","E","R","BOSS","M","M","$","M","?","R","M","M","T","R","?","$","M","?","R","BOSS","M","M","$","M","?","R","?","M","T","?","R","?","R","$","R","BOSS"],"build_version":"2019-01-23","purchased_purges":5,"victory":false,"max_hp_per_floor":[70,70,70,70,75,75,75,75,75,75,75,75,75,85,85,85,85,85,85,85,85,85,85,85,85,85,85,85,85,85,42,42,42,42,42,42,42,42,42,42,42,42,42,42,42,42,42,42,42,42],"card_choices":[{"not_picked":["Dodge and Roll","Heel Hook","Slice"],"picked":"SKIP","floor":1},{"not_picked":["Deadly Poison","Dagger Throw"],"picked":"Cloak And Dagger","floor":2},{"not_picked":["Underhanded Strike","Eviscerate"],"picked":"Acrobatics","floor":3},{"not_picked":["Storm of Steel","Quick Slash"],"picked":"After Image","floor":10},{"not_picked":["Escape Plan","Quick Slash"],"picked":"Backflip","floor":11},{"not_picked":["Deadly Poison","Tactician","Skewer"],"picked":"SKIP","floor":14},{"not_picked":["Unload","Bullet Time"],"picked":"Venomology","floor":16},{"not_picked":["Dodge and Roll","Quick Slash"],"picked":"Outmaneuver+1","floor":18},{"not_picked":["Heel Hook","Deadly Poison","Tactician"],"picked":"SKIP","floor":19},{"not_picked":["Tactician","Crippling Poison","Quick Slash"],"picked":"SKIP","floor":21},{"not_picked":["Dodge and Roll","Choke+1"],"picked":"Dash+1","floor":24},{"not_picked":["Deadly Poison","Bane+1"],"picked":"Dagger Spray+1","floor":25},{"not_picked":["Deadly Poison+1","Prepared","All Out Attack+1"],"picked":"SKIP","floor":30},{"not_picked":["Die Die Die+1","Glass Knife+1"],"picked":"Phantasmal Killer","floor":33},{"not_picked":["Blade Dance","Poisoned Stab+1"],"picked":"Accuracy","floor":35},{"not_picked":["Poisoned Stab+1","Reflex"],"picked":"Caltrops+1","floor":36},{"not_picked":["Crippling Poison+1","Escape Plan+1","Acrobatics"],"picked":"SKIP","floor":38},{"not_picked":["Masterful Stab+1","Prepared+1"],"picked":"Cloak And Dagger+1","floor":41},{"not_picked":["Well Laid Plans","Slice+1"],"picked":"Caltrops+1","floor":42}],"player_experience":165407,"relics_obtained":[{"floor":9,"key":"Shuriken"},{"floor":10,"key":"Smiling Mask"},{"floor":14,"key":"Pear"},{"floor":22,"key":"Peace Pipe"},{"floor":22,"key":"Molten Egg 2"},{"floor":43,"key":"Snake Skull"}],"event_choices":[{"damage_healed":0,"gold_gain":0,"player_choice":"Take Damage","damage_taken":17,"relics_obtained":["Golden Idol"],"max_hp_gain":0,"max_hp_loss":0,"event_name":"Golden Idol","floor":4,"gold_loss":0},{"damage_healed":0,"gold_gain":0,"player_choice":"Donut","damage_taken":0,"max_hp_gain":5,"max_hp_loss":0,"event_name":"Big Fish","floor":5,"gold_loss":0},{"damage_healed":0,"gold_gain":0,"player_choice":"Fight","damage_taken":0,"max_hp_gain":0,"max_hp_loss":0,"event_name":"Colosseum","floor":22,"gold_loss":0},{"damage_healed":0,"gold_gain":0,"player_choice":"Fought Nobs","damage_taken":0,"max_hp_gain":0,"max_hp_loss":0,"event_name":"Colosseum","floor":22,"gold_loss":0},{"damage_healed":0,"gold_gain":0,"player_choice":"Ignored","damage_taken":0,"max_hp_gain":0,"max_hp_loss":0,"event_name":"Vampires","floor":28,"gold_loss":0},{"damage_healed":0,"gold_gain":0,"player_choice":"Became a Ghost","damage_taken":0,"max_hp_gain":0,"max_hp_loss":43,"event_name":"Ghosts","floor":31,"gold_loss":0,"cards_obtained":["Ghostly","Ghostly","Ghostly","Ghostly","Ghostly"]},{"damage_healed":0,"gold_gain":100,"player_choice":"Pray","damage_taken":0,"max_hp_gain":0,"max_hp_loss":0,"event_name":"Golden Shrine","floor":39,"gold_loss":0},{"cards_removed":["Ghostly"],"damage_healed":0,"gold_gain":0,"player_choice":"Removed Skill","damage_taken":0,"max_hp_gain":0,"max_hp_loss":0,"event_name":"Falling","floor":44,"gold_loss":0}],"is_beta":false,"boss_relics":[{"not_picked":["White Beast Statue","Eternal Feather"],"picked":"Pandora\u0027s Box"},{"not_picked":["Astrolabe","Empty Cage"],"picked":"Ring of the Serpent"}],"items_purged_floors":[20,29,37,46,48],"is_endless":false,"potions_floor_spawned":[3,10,14,18,24,25,30,35],"killed_by":"Awakened One","ascension_level":0}