{"gold_per_floor":[116,116,26,39,39,72,72,20,20,46,60,73,73,84,84,189,189,207,207,132,132,152,182,182,182,207,241,260,270,270],"floor_reached":30,"playtime":1627,"items_purged":[],"score":361,"play_id":"e8fdc2f9-18f1-4a3d-ac7b-ec2a7bf4764b","local_time":"20190316174028","is_ascension_mode":true,"campfire_choices":[{"floor":7,"key":"REST"},{"floor":13,"key":"REST"},{"floor":15,"key":"REST"},{"floor":25,"key":"REST"}],"neow_cost":"NONE","seed_source_timestamp":606740568566103,"circlet_count":0,"master_deck":["Defend_G+1","Defend_G+1","Defend_G+1","Defend_G+1","Defend_G+1","Strike_G+1","Survivor","Neutralize+1","Backstab","Deflect+1","Caltrops","Dodge and Roll","Calculated Gamble","Dagger Spray","Cloak And Dagger","Blur","After Image+1","Dash","Malaise","A Thousand Cuts+1","Venomology+1","Infinite Blades+1","PiercingWail","Escape Plan","Escape Plan+1","Backflip"],"relics":["Ring of the Snake","Bottled Lightning","Whetstone","Happy Flower","Astrolabe","Orichalcum","Bag of Preparation","Boot"],"potions_floor_usage":[18,22,22,23,23,23,29,29,30,30],"damage_taken":[{"damage":0,"enemies":"Jaw Worm","floor":1,"turns":3},{"damage":0,"enemies":"Small Slimes","floor":4,"turns":5},{"damage":27,"enemies":"3 Sentries","floor":6,"turns":15},{"damage":26,"enemies":"Lagavulin","floor":10,"turns":8},{"damage":0,"enemies":"2 Louse","floor":11,"turns":2},{"damage":0,"enemies":"Large Slime","floor":12,"turns":6},{"damage":0,"enemies":"Exordium Thugs","floor":14,"turns":4},{"damage":16,"enemies":"The Guardian","floor":16,"turns":15},{"damage":9,"enemies":"Chosen","floor":18,"turns":8},{"damage":13,"enemies":"2 Thieves","floor":22,"turns":5},{"damage":30,"enemies":"Gremlin Leader","floor":23,"turns":6},{"damage":33,"enemies":"Book of Stabbing","floor":27,"turns":7},{"damage":0,"enemies":"Centurion and Healer","floor":28,"turns":9},{"damage":0,"enemies":"Snake Plant","floor":29,"turns":5},{"damage":6,"enemies":"Slavers","floor":30,"turns":3}],"seed_played":"8102676354375296800","potions_obtained":[{"floor":6,"key":"GamblersBrew"},{"floor":10,"key":"SteroidPotion"},{"floor":11,"key":"SkillPotion"},{"floor":16,"key":"Strength Potion"},{"floor":18,"key":"AttackPotion"},{"floor":22,"key":"Strength Potion"}],"is_trial":false,"path_per_floor":["M","?","$","M","?","E","R","$","T","E","M","M","R","M","R","B",null,"M","?","?","?","M","E","?","R","T","E","M","M","E"],"character_chosen":"THE_SILENT","items_purchased":["Caltrops","Dodge and Roll","Cloak And Dagger"],"campfire_rested":4,"item_purchase_floors":[3,3,8],"current_hp_per_floor":[63,56,56,56,42,15,36,36,36,10,10,10,31,31,52,36,62,53,53,53,40,27,12,12,34,34,1,1,1,0],"gold":270,"neow_bonus":"THREE_CARDS","is_prod":false,"is_daily":false,"chose_seed":false,"campfire_upgraded":0,"win_rate":0,"timestamp":1552772428,"path_taken":["M","?","$","M","?","E","R","$","T","E","M","M","R","M","R","BOSS","M","?","?","?","?","E","?","R","T","E","?","M","E"],"build_version":"2019-01-23","purchased_purges":0,"victory":false,"max_hp_per_floor":[70,70,70,70,70,70,70,70,70,70,70,70,70,70,70,70,70,70,70,70,75,75,75,75,75,75,75,75,75,75],"card_choices":[{"not_picked":["Well Laid Plans","Outmaneuver"],"picked":"Backstab","floor":0},{"not_picked":["Quick Slash","Acrobatics"],"picked":"Deflect","floor":1},{"not_picked":["Outmaneuver","Masterful Stab"],"picked":"Calculated Gamble","floor":4},{"not_picked":["Tactician","Acrobatics"],"picked":"Dagger Spray","floor":6},{"not_picked":["Concentrate","All Out Attack"],"picked":"Blur","floor":10},{"not_picked":["Distraction","Sucker Punch","Choke"],"picked":"SKIP","floor":11},{"not_picked":["Skewer","Reflex"],"picked":"After Image","floor":12},{"not_picked":["Flechettes","Dagger Throw"],"picked":"Dash","floor":14},{"not_picked":["Burst","Die Die Die"],"picked":"Malaise","floor":16},{"not_picked":["Dagger Throw","Deadly Poison+1"],"picked":"Infinite Blades+1","floor":18},{"not_picked":["Deflect","Calculated Gamble+1","Deadly Poison"],"picked":"SKIP","floor":22},{"not_picked":["Slice","Terror"],"picked":"PiercingWail","floor":23},{"not_picked":["Bane","Tools of the Trade"],"picked":"Escape Plan","floor":27},{"not_picked":["Sucker Punch","Well Laid Plans"],"picked":"Escape Plan+1","floor":28},{"not_picked":["Deadly Poison","Cloak And Dagger"],"picked":"Backflip","floor":29}],"player_experience":298339,"relics_obtained":[{"floor":6,"key":"Bottled Lightning"},{"floor":9,"key":"Whetstone"},{"floor":10,"key":"Happy Flower"},{"floor":23,"key":"Orichalcum"},{"floor":26,"key":"Bag of Preparation"},{"floor":27,"key":"Boot"}],"event_choices":[{"cards_removed":["Strike_G"],"damage_healed":0,"gold_gain":0,"player_choice":"Card Removal","damage_taken":7,"max_hp_gain":0,"max_hp_loss":0,"event_name":"Golden Wing","floor":2,"gold_loss":0},{"damage_healed":0,"gold_gain":0,"player_choice":"Entered Light","damage_taken":14,"max_hp_gain":0,"max_hp_loss":0,"event_name":"Shining Light","floor":5,"gold_loss":0,"cards_upgraded":["Defend_G","Deflect"]},{"damage_healed":0,"gold_gain":0,"player_choice":"Simplicity","damage_taken":0,"max_hp_gain":0,"max_hp_loss":0,"event_name":"Back to Basics","floor":19,"gold_loss":0,"cards_upgraded":["Defend_G","Defend_G","Defend_G","Defend_G"]},{"cards_removed":["Reflex"],"damage_healed":0,"gold_gain":0,"player_choice":"Gave Gold","damage_taken":0,"max_hp_gain":0,"max_hp_loss":0,"event_name":"Beggar","floor":20,"gold_loss":75},{"damage_healed":0,"gold_gain":0,"player_choice":"Shed Blood","damage_taken":18,"max_hp_gain":5,"max_hp_loss":0,"event_name":"Forgotten Altar","floor":21,"gold_loss":0},{"damage_healed":0,"gold_gain":0,"player_choice":"Upgraded","damage_taken":0,"max_hp_gain":0,"max_hp_loss":0,"event_name":"Upgrade Shrine","floor":24,"gold_loss":0,"cards_upgraded":["After Image"]}],"is_beta":false,"boss_relics":[{"not_picked":["Lizard Tail","Runic Dome"],"picked":"Astrolabe"}],"items_purged_floors":[],"is_endless":false,"potions_floor_spawned":[6,10,11,16,18,22],"killed_by":"Slavers","ascension_level":6}