{"gold_per_floor":[114,114,114,114,114,114,145,145,145,145,163,182,216,230,230,321,321,342,366,366,281,300,300,334,334,334,375,375,375,409,359,359,359],"floor_reached":33,"playtime":1298,"items_purged":["Writhe"],"score":672,"play_id":"3451ce22-fd96-429b-b72d-ffe9cfae46d2","local_time":"20190309113608","is_ascension_mode":true,"campfire_choices":[{"data":"Dagger Spray","floor":6,"key":"SMITH"},{"data":"Phantasmal Killer","floor":10,"key":"SMITH"},{"data":"Noxious Fumes","floor":15,"key":"SMITH"},{"data":"Blur","floor":23,"key":"SMITH"},{"floor":25,"key":"REST"},{"floor":29,"key":"REST"},{"floor":32,"key":"REST"}],"neow_cost":"NONE","seed_source_timestamp":558187825683671,"circlet_count":0,"master_deck":["AscendersBane","Defend_G+1","Defend_G","Defend_G","Defend_G","Defend_G","Strike_G","Strike_G+1","Strike_G","Strike_G","Survivor","Neutralize","Dagger Spray+1","Backstab","Phantasmal Killer+1","Backstab","Noxious Fumes+1","Terror","Blur+1","A Thousand Cuts","PiercingWail","Blur","Neutralize+1"],"relics":["Ring of the Snake","NeowsBlessing","Golden Idol","Pocketwatch","Singing Bowl","Thread and Needle","Orichalcum","Busted Crown","Happy Flower","Molten Egg 2","Pen Nib","Oddly Smooth Stone","Ornamental Fan","Smiling Mask"],"potions_floor_usage":[13,27,30],"damage_taken":[{"damage":0,"enemies":"Cultist","floor":1,"turns":1},{"damage":0,"enemies":"Gremlin Nob","floor":7,"turns":1},{"damage":0,"enemies":"Small Slimes","floor":11,"turns":1},{"damage":0,"enemies":"2 Louse","floor":12,"turns":1},{"damage":6,"enemies":"Lagavulin","floor":13,"turns":6},{"damage":0,"enemies":"Blue Slaver","floor":14,"turns":2},{"damage":0,"enemies":"The Guardian","floor":16,"turns":9},{"damage":14,"enemies":"2 Thieves","floor":18,"turns":4},{"damage":0,"enemies":"Shell Parasite","floor":19,"turns":5},{"damage":5,"enemies":"Shelled Parasite and Fungi","floor":22,"turns":6},{"damage":18,"enemies":"Gremlin Leader","floor":24,"turns":7},{"damage":16,"enemies":"Book of Stabbing","floor":27,"turns":6},{"damage":18,"enemies":"Slavers","floor":30,"turns":5},{"damage":60,"enemies":"Collector","floor":33,"turns":7}],"seed_played":"37793819727751794","potions_obtained":[{"floor":11,"key":"Ancient Potion"},{"floor":12,"key":"FearPotion"},{"floor":14,"key":"Dexterity Potion"},{"floor":24,"key":"GhostInAJar"},{"floor":27,"key":"SmokeBomb"}],"is_trial":false,"path_per_floor":["M","?","?","?","?","R","E","T","T","R","M","M","E","M","R","B",null,"M","M","?","?","M","R","E","R","T","E","?","R","E","$","R","B"],"character_chosen":"THE_SILENT","items_purchased":[],"campfire_rested":3,"item_purchase_floors":[],"current_hp_per_floor":[59,59,64,64,45,45,45,45,45,45,45,45,39,39,39,39,58,46,48,48,48,43,43,27,48,48,32,32,53,37,37,58,0],"gold":359,"neow_bonus":"THREE_ENEMY_KILL","is_prod":false,"is_daily":false,"chose_seed":false,"campfire_upgraded":4,"win_rate":0,"timestamp":1552152968,"path_taken":["M","?","?","?","?","R","E","?","T","R","M","?","E","M","R","BOSS","M","?","?","?","M","R","E","R","T","E","?","R","E","$","R","BOSS"],"build_version":"2019-01-23","purchased_purges":1,"victory":false,"max_hp_per_floor":[66,66,71,64,64,64,64,64,64,64,64,64,64,64,64,64,64,66,68,68,68,68,68,70,70,70,70,70,70,72,72,72,72],"card_choices":[{"not_picked":["Flying Knee","Expertise"],"picked":"Dagger Spray","floor":1},{"not_picked":["Underhanded Strike","Reflex"],"picked":"Phantasmal Killer","floor":7},{"not_picked":["Cloak And Dagger","Deflect"],"picked":"Backstab","floor":11},{"not_picked":["Acrobatics","Prepared"],"picked":"Noxious Fumes","floor":12},{"not_picked":["Outmaneuver","Choke"],"picked":"Terror","floor":13},{"not_picked":["Deflect","Cloak And Dagger"],"picked":"Blur","floor":14},{"not_picked":["Malaise","Unload"],"picked":"A Thousand Cuts","floor":16},{"not_picked":["Finisher"],"picked":"Singing Bowl","floor":18},{"not_picked":["Dodge and Roll"],"picked":"Singing Bowl","floor":19},{"not_picked":[],"picked":"PiercingWail","floor":22},{"not_picked":["Underhanded Strike+1"],"picked":"Singing Bowl","floor":24},{"not_picked":[],"picked":"Blur","floor":27},{"not_picked":["Acrobatics"],"picked":"Singing Bowl","floor":30}],"player_experience":604758,"relics_obtained":[{"floor":7,"key":"Pocketwatch"},{"floor":8,"key":"Singing Bowl"},{"floor":9,"key":"Thread and Needle"},{"floor":13,"key":"Orichalcum"},{"floor":24,"key":"Pen Nib"},{"floor":26,"key":"Oddly Smooth Stone"},{"floor":27,"key":"Ornamental Fan"},{"floor":30,"key":"Smiling Mask"}],"event_choices":[{"damage_healed":0,"gold_gain":0,"cards_transformed":["Strike_G"],"player_choice":"Change","damage_taken":0,"max_hp_gain":0,"max_hp_loss":0,"event_name":"Living Wall","floor":2,"gold_loss":0,"cards_obtained":["Backstab"]},{"damage_healed":0,"gold_gain":0,"player_choice":"Donut","damage_taken":0,"max_hp_gain":5,"max_hp_loss":0,"event_name":"Big Fish","floor":3,"gold_loss":0},{"damage_healed":0,"gold_gain":0,"player_choice":"Lose Max HP","damage_taken":0,"relics_obtained":["Golden Idol"],"max_hp_gain":0,"max_hp_loss":7,"event_name":"Golden Idol","floor":4,"gold_loss":0},{"damage_healed":0,"gold_gain":0,"player_choice":"Entered Light","damage_taken":19,"max_hp_gain":0,"max_hp_loss":0,"event_name":"Shining Light","floor":5,"gold_loss":0,"cards_upgraded":["Defend_G","Strike_G"]},{"damage_healed":0,"gold_gain":0,"player_choice":"Opened","damage_taken":0,"relics_obtained":["Happy Flower"],"max_hp_gain":0,"max_hp_loss":0,"event_name":"The Mausoleum","floor":20,"gold_loss":0,"cards_obtained":["Writhe"]},{"damage_healed":0,"gold_gain":0,"player_choice":"Obtained Relic","damage_taken":0,"relics_obtained":["Molten Egg 2"],"max_hp_gain":0,"max_hp_loss":0,"event_name":"Addict","floor":21,"gold_loss":85},{"damage_healed":0,"gold_gain":0,"player_choice":"1 cards matched","damage_taken":0,"max_hp_gain":0,"max_hp_loss":0,"event_name":"Match and Keep!","floor":28,"gold_loss":0,"cards_obtained":["Neutralize"]}],"is_beta":false,"boss_relics":[{"not_picked":["Velvet Choker","Runic Pyramid"],"picked":"Busted Crown"}],"items_purged_floors":[31],"is_endless":false,"potions_floor_spawned":[11,12,14,22,24,27],"killed_by":"Collector","ascension_level":15}