{"gold_per_floor":[112,126,96,73,85,85,98,98,98,116,116,141,153,216,216,216],"floor_reached":16,"playtime":491,"items_purged":[],"score":161,"play_id":"3920f437-6516-4aea-8c08-d8a00db0ebcd","local_time":"20190318034615","is_ascension_mode":true,"campfire_choices":[{"data":"Flex","floor":6,"key":"SMITH"},{"data":"Carnage","floor":8,"key":"SMITH"},{"data":"Dark Embrace","floor":15,"key":"SMITH"}],"neow_cost":"PERCENT_DAMAGE","seed_source_timestamp":346230674119565,"circlet_count":0,"master_deck":["AscendersBane","Strike_R","Strike_R","Strike_R","Strike_R","Defend_R","Defend_R","Defend_R","Bash","Flex+1","Pommel Strike","Armaments","Iron Wave","Carnage+1","Heavy Blade","Dropkick","Intimidate","Dark Embrace+1"],"relics":["Burning Blood","WingedGreaves","SsserpentHead","Champion Belt"],"potions_floor_usage":[5,12,12,14,16],"damage_taken":[{"damage":6,"enemies":"Cultist","floor":1,"turns":3},{"damage":0,"enemies":"2 Louse","floor":2,"turns":3},{"damage":1,"enemies":"Small Slimes","floor":5,"turns":2},{"damage":18,"enemies":"Exordium Wildlife","floor":7,"turns":5},{"damage":7,"enemies":"3 Louse","floor":10,"turns":4},{"damage":8,"enemies":"Gremlin Nob","floor":12,"turns":3},{"damage":14,"enemies":"Red Slaver","floor":13,"turns":2},{"damage":0,"enemies":"Large Slime","floor":14,"turns":3},{"damage":59,"enemies":"The Guardian","floor":16,"turns":9}],"seed_played":"2954777739237707465","potions_obtained":[{"floor":3,"key":"Energy Potion"},{"floor":3,"key":"Fire Potion"},{"floor":10,"key":"Strength Potion"},{"floor":12,"key":"FairyPotion"},{"floor":13,"key":"Explosive Potion"},{"floor":14,"key":"PowerPotion"}],"is_trial":false,"path_per_floor":["M","M","?","$","M","R","M","R","T","M","?","E","M","M","R","B"],"character_chosen":"IRONCLAD","items_purchased":["Armaments"],"campfire_rested":0,"item_purchase_floors":[4],"current_hp_per_floor":[51,57,57,57,62,62,50,50,50,49,49,47,39,45,45,0],"gold":216,"neow_bonus":"REMOVE_TWO","is_prod":false,"is_daily":false,"chose_seed":false,"campfire_upgraded":3,"win_rate":0,"timestamp":1552848375,"path_taken":["M","?","?","?","?","R","M","R","T","M","?","E","M","?","R","BOSS"],"build_version":"2019-01-23","purchased_purges":0,"victory":false,"max_hp_per_floor":[80,80,80,80,80,80,80,80,80,80,80,80,80,80,80,80],"card_choices":[{"not_picked":["Body Slam","Armaments"],"picked":"Flex","floor":1},{"not_picked":["Wild Strike","Feel No Pain"],"picked":"Pommel Strike","floor":2},{"not_picked":["Flex","Clothesline"],"picked":"Iron Wave","floor":5},{"not_picked":["Body Slam","Rage"],"picked":"Carnage","floor":7},{"not_picked":["Body Slam","Clash"],"picked":"Heavy Blade","floor":10},{"not_picked":["Pommel Strike","Armaments"],"picked":"Dropkick","floor":12},{"not_picked":["Headbutt","Entrench"],"picked":"Intimidate","floor":13},{"not_picked":["Ghostly Armor","Bloodletting"],"picked":"Dark Embrace","floor":14}],"player_experience":555669,"relics_obtained":[{"floor":9,"key":"WingedGreaves"},{"floor":12,"key":"Champion Belt"}],"event_choices":[{"damage_healed":0,"gold_gain":0,"player_choice":"Bought 2 Potions","damage_taken":0,"max_hp_gain":0,"max_hp_loss":0,"event_name":"The Woman in Blue","floor":3,"gold_loss":0},{"damage_healed":0,"gold_gain":0,"player_choice":"Trade","damage_taken":0,"relics_obtained":["SsserpentHead"],"max_hp_gain":0,"max_hp_loss":0,"event_name":"FaceTrader","floor":11,"gold_loss":0}],"is_beta":false,"boss_relics":[],"items_purged_floors":[],"is_endless":false,"potions_floor_spawned":[10,12,13,14],"killed_by":"The Guardian","ascension_level":11}