{"gold_per_floor":[109,109,123,123,142,170,170,170,170,183,516,93,93,113,113,232,232,246,246,270,270,291,329,329,362,407,448,363,263,63,78,78,203,203,217,235,255,255,270,270,50,74,128,146,146,214,258,273,273,273,273,273,1,34,34],"floor_reached":55,"playtime":4698,"items_purged":["Injury","Strike_G","Strike_G","Strike_G"],"score":882,"play_id":"923b31a4-460e-45a4-bda9-5f550253067c","local_time":"20190302224137","is_ascension_mode":true,"campfire_choices":[{"floor":7.0,"key":"RECALL"},{"data":"Cloak And Dagger","floor":13.0,"key":"SMITH"},{"data":"Backstab","floor":15.0,"key":"SMITH"},{"data":"Footwork","floor":24,"key":"SMITH"},{"data":"Infinite Blades","floor":32,"key":"SMITH"},{"data":"Escape Plan","floor":40,"key":"SMITH"},{"data":"PiercingWail","floor":49,"key":"SMITH"},{"data":"Dark Shackles","floor":52,"key":"SMITH"}],"neow_cost":"NONE","seed_source_timestamp":0,"circlet_count":0,"master_deck":["Defend_G","Defend_G+1","Survivor","Neutralize","Cloak And Dagger+1","Accuracy","Backstab+1","Malaise","Deadly Poison+1","Escape Plan","Glass Knife+1","Deadly Poison","Infinite Blades+1","Crippling Poison","Footwork+1","Well Laid Plans","Glass Knife+1","Corpse Explosion+1","Predator+1","Catalyst+1","Blade Dance+1","Escape Plan+1","PiercingWail+1","Cloak And Dagger","Dark Shackles+1","Deadly Poison+1","Footwork"],"special_seed":0,"relics":["Coffee Dripper","Thread and Needle","Golden Idol","Pear","Old Coin","Snake Skull","War Paint","WristBlade","Blue Candle","Mercury Hourglass","Dream Catcher","Molten Egg 2","Astrolabe","Strawberry","Tough Bandages","Bag of Marbles","Bag of Preparation","Pen Nib"],"potions_floor_usage":[27,33,36,39,44,50,54,55,55],"damage_taken":[{"damage":0.0,"enemies":"Jaw Worm","floor":1.0,"turns":4.0},{"damage":0.0,"enemies":"Cultist","floor":3.0,"turns":5.0},{"damage":5.0,"enemies":"2 Louse","floor":5.0,"turns":3.0},{"damage":44.0,"enemies":"3 Sentries","floor":6.0,"turns":19.0},{"damage":0.0,"enemies":"Large Slime","floor":10.0,"turns":7.0},{"damage":17.0,"enemies":"Lagavulin","floor":11.0,"turns":11.0},{"damage":0.0,"enemies":"2 Fungi Beasts","floor":14.0,"turns":3.0},{"damage":0.0,"enemies":"The Guardian","floor":16.0,"turns":11.0},{"damage":1.0,"enemies":"Shell Parasite","floor":18.0,"turns":4.0},{"damage":0.0,"enemies":"2 Thieves","floor":20.0,"turns":3.0},{"damage":0.0,"enemies":"3 Cultists","floor":22.0,"turns":4.0},{"damage":8,"enemies":"Book of Stabbing","floor":23,"turns":5},{"damage":9,"enemies":"Gremlin Leader","floor":25,"turns":6},{"damage":10,"enemies":"Slavers","floor":27,"turns":4},{"damage":1,"enemies":"Chosen and Byrds","floor":31,"turns":4},{"damage":17,"enemies":"Automaton","floor":33,"turns":9},{"damage":9,"enemies":"3 Darklings","floor":35,"turns":3},{"damage":1,"enemies":"3 Shapes","floor":36,"turns":3},{"damage":6,"enemies":"Sphere and 2 Shapes","floor":37,"turns":3},{"damage":0,"enemies":"Jaw Worm Horde","floor":39,"turns":2},{"damage":8,"enemies":"3 Darklings","floor":42,"turns":3},{"damage":2,"enemies":"Sphere and 2 Shapes","floor":44,"turns":4},{"damage":13,"enemies":"2 Orb Walkers","floor":46,"turns":2},{"damage":15,"enemies":"Reptomancer","floor":47,"turns":5},{"damage":14,"enemies":"Maw","floor":48,"turns":5},{"damage":34,"enemies":"Donu and Deca","floor":50,"turns":6},{"damage":11,"enemies":"Shield and Spear","floor":54,"turns":5},{"damage":84,"enemies":"The Heart","floor":55,"turns":8}],"seed_played":"-2236304628345433908","potions_obtained":[{"floor":3.0,"key":"GhostInAJar"},{"floor":5.0,"key":"SkillPotion"},{"floor":6.0,"key":"Explosive Potion"},{"floor":16.0,"key":"SpeedPotion"},{"floor":18.0,"key":"SkillPotion"},{"floor":27,"key":"SpeedPotion"},{"floor":31,"key":"AttackPotion"},{"floor":33,"key":"GamblersBrew"},{"floor":36,"key":"Block Potion"},{"floor":42,"key":"EssenceOfSteel"},{"floor":44,"key":"FearPotion"},{"floor":46,"key":"FairyPotion"},{"floor":48,"key":"Regen Potion"},{"floor":54,"key":"EssenceOfSteel"}],"is_trial":false,"path_per_floor":["M","?","M","?","M","E","R","?","T","M","E","$","R","M","R","B",null,"M","?","M","?","M","E","R","E","T","E","?","$","$","M","R","B",null,"M","M","M","?","M","R","$","M","T","M","?","?","E","M","R","B",null,"R","$","E","B"],"character_chosen":"THE_SILENT","items_purchased":["Deadly Poison","Snake Skull","War Paint","Well Laid Plans","PiercingWail","Cloak And Dagger","Footwork","Bag of Preparation","Swift Potion"],"campfire_rested":0,"item_purchase_floors":[12,12,12,30,41,41,53,53,53],"current_hp_per_floor":[70,70,70,70,65,21,21,21,31,31,14,14,14,14,14,14,80,79,79,79,79,79,71,71,62,62,52,52,52,52,51,51,34,80,71,70,64,64,64,64,64,56,63,61,61,48,33,19,19,9,87,87,87,76,0],"gold":34,"neow_bonus":"BOSS_RELIC","is_prod":false,"is_daily":false,"chose_seed":false,"campfire_upgraded":7,"win_rate":0,"timestamp":1551584497,"path_taken":["M","?","?","?","M","E","R","?","T","M","E","$","R","M","R","BOSS","M","?","M","?","?","E","R","E","T","E","?","?","$","M","R","BOSS","M","?","M","?","M","R","$","M","T","M","?","?","E","M","R","BOSS","R","$","E","BOSS"],"build_version":"2019-01-23","purchased_purges":4,"victory":false,"max_hp_per_floor":[70,70,70,70,70,70,70,70,80,80,80,80,80,80,80,80,80,80,80,80,80,80,80,80,80,80,80,80,80,80,80,80,80,80,80,80,80,80,80,80,80,80,87,87,87,87,87,87,87,87,87,87,87,87,87],"card_choices":[{"not_picked":["Dagger Throw","Flying Knee"],"picked":"Cloak And Dagger","floor":1.0},{"not_picked":["Reflex","Choke","Skewer"],"picked":"SKIP","floor":3.0},{"not_picked":["Dagger Throw","Quick Slash"],"picked":"Accuracy","floor":5.0},{"not_picked":["Night Terror","Choke"],"picked":"Backstab","floor":6.0},{"not_picked":["Sucker Punch","Outmaneuver","Quick Slash"],"picked":"SKIP","floor":10.0},{"not_picked":["Catalyst","Setup"],"picked":"Malaise","floor":11.0},{"not_picked":["Bane","Expertise"],"picked":"Escape Plan","floor":14.0},{"not_picked":["Unload","Die Die Die"],"picked":"Glass Knife","floor":16.0},{"not_picked":["Acrobatics+1","Dodge and Roll"],"picked":"Deadly Poison","floor":18.0},{"not_picked":["Quick Slash","Setup"],"picked":"Crippling Poison","floor":20.0},{"not_picked":["Acrobatics","Dodge and Roll"],"picked":"Footwork","floor":22},{"not_picked":["Flying Knee","PiercingWail","Quick Slash"],"picked":"SKIP","floor":23},{"not_picked":["Deflect+1","Acrobatics","Masterful Stab"],"picked":"SKIP","floor":25},{"not_picked":["Calculated Gamble","Underhanded Strike","Flechettes"],"picked":"SKIP","floor":27},{"not_picked":["All Out Attack+1","Bane+1","Dodge and Roll"],"picked":"SKIP","floor":31},{"not_picked":["Venomology","Storm of Steel"],"picked":"Glass Knife+1","floor":33},{"not_picked":["Bane+1","Quick Slash+1"],"picked":"Blade Dance+1","floor":35},{"not_picked":["Riddle With Holes+1","Prepared","Terror"],"picked":"SKIP","floor":36},{"not_picked":["Leg Sweep+1","Prepared+1"],"picked":"Escape Plan","floor":37},{"not_picked":["Dagger Spray+1","Bane+1","Choke+1"],"picked":"SKIP","floor":39},{"not_picked":["Quick Slash+1","Acrobatics","Grand Finale+1"],"picked":"SKIP","floor":42},{"not_picked":["Eviscerate+1","Flying Knee+1","Sucker Punch+1"],"picked":"SKIP","floor":44},{"not_picked":["Discovery","Good Instincts"],"picked":"Dark Shackles","floor":45},{"not_picked":["Sucker Punch+1","Distraction","Acrobatics+1"],"picked":"SKIP","floor":47},{"not_picked":["Dagger Spray+1","Bane+1"],"picked":"Deadly Poison+1","floor":48},{"not_picked":["Quick Slash+1","Flying Knee+1","Endless Agony+1"],"picked":"SKIP","floor":54}],"player_experience":235390,"relics_obtained":[{"floor":6.0,"key":"Thread and Needle"},{"floor":9.0,"key":"Pear"},{"floor":11.0,"key":"Old Coin"},{"floor":23,"key":"Blue Candle"},{"floor":25,"key":"Mercury Hourglass"},{"floor":27,"key":"Dream Catcher"},{"floor":43,"key":"Strawberry"},{"floor":46,"key":"Tough Bandages"},{"floor":47,"key":"Bag of Marbles"},{"floor":54,"key":"Pen Nib"}],"event_choices":[{"cards_removed":["Strike_G"],"damage_healed":0.0,"max_hp_gain":0.0,"max_hp_loss":0.0,"gold_gain":0.0,"event_name":"Purifier","player_choice":"Purged","floor":2.0,"gold_loss":0.0,"damage_taken":0.0},{"cards_removed":["Defend_G"],"damage_healed":0.0,"max_hp_gain":0.0,"max_hp_loss":0.0,"gold_gain":0.0,"event_name":"Living Wall","player_choice":"Forget","floor":4.0,"gold_loss":0.0,"damage_taken":0.0},{"damage_healed":0.0,"max_hp_gain":0.0,"max_hp_loss":0.0,"gold_gain":0.0,"event_name":"Golden Idol","player_choice":"Take Wound","floor":8.0,"gold_loss":0.0,"damage_taken":0.0,"relics_obtained":["Golden Idol"],"cards_obtained":["Injury"]},{"damage_healed":0.0,"max_hp_gain":0.0,"max_hp_loss":0.0,"gold_gain":0.0,"event_name":"The Library","player_choice":"Read","floor":19.0,"gold_loss":0.0,"damage_taken":0.0,"cards_obtained":["Infinite Blades"]},{"damage_healed":0.0,"max_hp_gain":0.0,"max_hp_loss":0.0,"gold_gain":0.0,"event_name":"Accursed Blacksmith","player_choice":"Forge","floor":21.0,"gold_loss":0.0,"damage_taken":0.0,"cards_upgraded":["Glass Knife"]},{"damage_healed":0,"gold_gain":0,"player_choice":"Obtained Relic","damage_taken":0,"relics_obtained":["Molten Egg 2"],"max_hp_gain":0,"max_hp_loss":0,"event_name":"Addict","floor":28,"gold_loss":85},{"damage_healed":0,"gold_gain":0,"player_choice":"Ignored","damage_taken":0,"max_hp_gain":0,"max_hp_loss":0,"event_name":"Tomb of Lord Red Mask","floor":38,"gold_loss":0},{"damage_healed":0,"gold_gain":0,"player_choice":"Memory 1","damage_taken":0,"max_hp_gain":0,"max_hp_loss":0,"event_name":"SensoryStone","floor":45,"gold_loss":0},{"damage_healed":0,"gold_gain":0,"player_choice":"Fight","damage_taken":0,"max_hp_gain":0,"max_hp_loss":0,"event_name":"Mysterious Sphere","floor":46,"gold_loss":0}],"is_beta":false,"boss_relics":[{"not_picked":["Busted Crown","Runic Pyramid"],"picked":"WristBlade"},{"not_picked":["Pandora\u0027s Box","Velvet Choker"],"picked":"Astrolabe"}],"items_purged_floors":[12,29,30,41],"is_endless":false,"potions_floor_spawned":[3,5,6,16,18,27,31,33,36,42,44,46,48,54],"killed_by":"The Heart","ascension_level":1}