{"gold_per_floor":[110,126,143,158,177,204,215,215,215,215,248,248,248,261,261,261],"floor_reached":16,"playtime":1994,"items_purged":[],"score":114,"play_id":"ef545b9c-b381-4771-82bf-c4dfb5dd0f8f","local_time":"20190131204014","is_ascension_mode":false,"campfire_choices":[{"data":"Intimidate","floor":8,"key":"SMITH"},{"data":"Sword Boomerang","floor":13,"key":"SMITH"},{"data":"True Grit","floor":15,"key":"SMITH"}],"neow_cost":"NONE","seed_source_timestamp":38002178684370,"circlet_count":0,"master_deck":["Strike_R","Strike_R","Strike_R","Strike_R","Defend_R","Defend_R","Defend_R","Defend_R","Bash","Finesse","Sword Boomerang+1","Feel No Pain","Metallicize","Intimidate+1","True Grit+1"],"relics":["Burning Blood","Ancient Tea Set","Pantograph","Molten Egg 2"],"potions_floor_usage":[6,16,16,16,16],"damage_taken":[{"damage":3,"enemies":"Small Slimes","floor":1,"turns":5},{"damage":6,"enemies":"Jaw Worm","floor":2,"turns":5},{"damage":0,"enemies":"2 Louse","floor":3,"turns":3},{"damage":3,"enemies":"Looter","floor":4,"turns":4},{"damage":10,"enemies":"2 Fungi Beasts","floor":5,"turns":4},{"damage":30,"enemies":"Gremlin Nob","floor":6,"turns":5},{"damage":9,"enemies":"Red Slaver","floor":7,"turns":5},{"damage":13,"enemies":"3 Sentries","floor":11,"turns":13},{"damage":5,"enemies":"Looter","floor":14,"turns":3},{"damage":68,"enemies":"Hexaghost","floor":16,"turns":17}],"seed_played":"-2707847304535845231","potions_obtained":[{"floor":1,"key":"EntropicBrew"},{"floor":2,"key":"Ancient Potion"},{"floor":5,"key":"GamblersBrew"},{"floor":14,"key":"Energy Potion"}],"is_trial":false,"path_per_floor":["?","?"],"character_chosen":"IRONCLAD","items_purchased":[],"campfire_rested":0,"item_purchase_floors":[],"current_hp_per_floor":[80,80,80,80,76,52,49,49,49,49,42,42,42,43,43,0],"gold":261,"neow_bonus":"RANDOM_COLORLESS","is_prod":false,"is_daily":false,"chose_seed":false,"campfire_upgraded":3,"win_rate":0,"timestamp":1548985214,"path_taken":["M","M","M","M","M","E","M","R","T","?","E","?","R","M","R","BOSS"],"build_version":"2019-01-23","purchased_purges":0,"victory":false,"max_hp_per_floor":[80,80,80,80,80,80,80,80,80,80,80,80,80,80,80,80],"card_choices":[{"not_picked":["Thunderclap","Burning Pact"],"picked":"Sword Boomerang","floor":1},{"not_picked":["Headbutt","Reckless Charge","True Grit"],"picked":"SKIP","floor":2},{"not_picked":["Anger","Wild Strike"],"picked":"Feel No Pain","floor":3},{"not_picked":["Armaments","Flex"],"picked":"Metallicize","floor":4},{"not_picked":["Bloodletting","Body Slam"],"picked":"Intimidate","floor":5},{"not_picked":["Twin Strike","Wild Strike","Cleave"],"picked":"SKIP","floor":6},{"not_picked":["Sever Soul","Perfected Strike","Thunderclap"],"picked":"SKIP","floor":7},{"not_picked":["Sever Soul","Perfected Strike","Thunderclap"],"picked":"SKIP","floor":7},{"not_picked":["Sever Soul","Berserk","Cleave"],"picked":"SKIP","floor":11},{"not_picked":["Corruption","Seeing Red"],"picked":"True Grit","floor":14}],"player_experience":38717,"relics_obtained":[{"floor":6,"key":"Ancient Tea Set"},{"floor":9,"key":"Pantograph"},{"floor":11,"key":"Molten Egg 2"}],"event_choices":[{"cards_removed":["Strike_R"],"damage_healed":0,"gold_gain":0,"player_choice":"Forget","damage_taken":0,"max_hp_gain":0,"max_hp_loss":0,"event_name":"Living Wall","floor":10,"gold_loss":0},{"damage_healed":0,"gold_gain":0,"player_choice":"Ignored","damage_taken":0,"max_hp_gain":0,"max_hp_loss":0,"event_name":"Shining Light","floor":12,"gold_loss":0}],"is_beta":false,"boss_relics":[],"items_purged_floors":[],"is_endless":false,"potions_floor_spawned":[1,2,5,14],"killed_by":"Hexaghost","ascension_level":0}