{"gold_per_floor":[113,132,149,165,130,130,160,160,160,193,113,138,138,138,138,138],"floor_reached":16,"playtime":1421,"items_purged":[],"score":172,"play_id":"4db9ae54-4731-4ed2-af30-b96f0b24941f","local_time":"20190105181359","is_ascension_mode":true,"campfire_choices":[{"data":"Footwork","floor":6,"key":"SMITH"},{"data":"Leg Sweep","floor":8,"key":"SMITH"},{"data":"Neutralize","floor":13,"key":"SMITH"},{"data":"Noxious Fumes","floor":15,"key":"SMITH"}],"neow_cost":"PERCENT_DAMAGE","seed_source_timestamp":15667349734663,"circlet_count":0,"master_deck":["Defend_G","Defend_G","Defend_G","Strike_G","Strike_G","Strike_G","Strike_G","Survivor","Neutralize+1","Burst","Skewer","Footwork+1","Masterful Stab","Leg Sweep+1","Predator","Caltrops","Backstab","Noxious Fumes+1","All Out Attack"],"relics":["Ring of the Snake","Paper Crane","Bottled Flame","Calipers","Juzu Bracelet"],"potions_floor_usage":[3,7,12,16],"damage_taken":[{"damage":11,"enemies":"Jaw Worm","floor":1,"turns":5},{"damage":0,"enemies":"2 Louse","floor":2,"turns":3},{"damage":0,"enemies":"Small Slimes","floor":3,"turns":2},{"damage":0,"enemies":"3 Louse","floor":4,"turns":4},{"damage":16,"enemies":"Lagavulin","floor":7,"turns":7},{"damage":9,"enemies":"Gremlin Nob","floor":10,"turns":4},{"damage":0,"enemies":"Lagavulin","floor":12,"turns":8},{"damage":38,"enemies":"Slime Boss","floor":16,"turns":9}],"seed_played":"-6590932124987195718","potions_obtained":[{"floor":1,"key":"Weak Potion"},{"floor":2,"key":"Fruit Juice"},{"floor":3,"key":"SkillPotion"},{"floor":10,"key":"Block Potion"}],"is_trial":false,"path_per_floor":["M","M","M","M","?","R","E","R","T","E","$","E","R","?","R","B"],"character_chosen":"THE_SILENT","items_purchased":["Noxious Fumes"],"campfire_rested":0,"item_purchase_floors":[11],"current_hp_per_floor":[38,38,43,43,61,61,45,45,45,36,36,36,36,29,29,0],"gold":138,"neow_bonus":"TRANSFORM_TWO_CARDS","is_prod":false,"is_daily":false,"chose_seed":false,"campfire_upgraded":4,"win_rate":0,"timestamp":1546740839,"path_taken":["M","M","M","M","?","R","E","R","T","E","$","E","R","?","R","BOSS"],"build_version":"2019-01-03v4","purchased_purges":0,"victory":false,"max_hp_per_floor":[70,70,75,75,75,75,75,75,75,75,75,75,75,75,75,75],"card_choices":[{"not_picked":["Catalyst","Prepared"],"picked":"Footwork","floor":1},{"not_picked":["Underhanded Strike","Outmaneuver"],"picked":"Masterful Stab","floor":2},{"not_picked":["Choke","Backflip"],"picked":"Leg Sweep","floor":3},{"not_picked":["Flying Knee","Infinite Blades"],"picked":"Predator","floor":4},{"not_picked":["Heel Hook","Deflect"],"picked":"Caltrops","floor":7},{"not_picked":["Skewer","Deflect"],"picked":"Backstab","floor":10},{"not_picked":["Flying Knee","Blade Dance"],"picked":"All Out Attack","floor":12}],"player_experience":155308,"relics_obtained":[{"floor":7,"key":"Paper Crane"},{"floor":9,"key":"Bottled Flame"},{"floor":10,"key":"Calipers"},{"floor":12,"key":"Juzu Bracelet"}],"event_choices":[{"damage_healed":18,"gold_gain":0,"player_choice":"Healed","damage_taken":0,"max_hp_gain":0,"max_hp_loss":0,"event_name":"The Cleric","floor":5,"gold_loss":35},{"cards_removed":["Strike_G"],"damage_healed":0,"gold_gain":0,"player_choice":"Card Removal","damage_taken":7,"max_hp_gain":0,"max_hp_loss":0,"event_name":"Golden Wing","floor":14,"gold_loss":0}],"is_beta":false,"boss_relics":[],"items_purged_floors":[],"is_endless":false,"potions_floor_spawned":[1,2,3,10],"killed_by":"Slime Boss","ascension_level":4}