{"gold_per_floor":[368,368,293,293,305,333,348,348,373,373,383,416,433,446,446,522,522,498,568,12,25,45,45,76,76,76,76,89,89],"floor_reached":29,"playtime":1785,"items_purged":["Normality"],"score":472,"play_id":"34d8280f-4923-4fc2-bd1f-3486e5f4695c","local_time":"20190212221747","is_ascension_mode":true,"campfire_choices":[{"data":"Neutralize","floor":8,"key":"SMITH"},{"data":"Cloak And Dagger","floor":10,"key":"SMITH"},{"floor":15,"key":"REST"},{"data":"Malaise","floor":23,"key":"SMITH"},{"data":"Caltrops","floor":25,"key":"SMITH"},{"data":"Cloak And Dagger","floor":27,"key":"SMITH"}],"neow_cost":"CURSE","seed_source_timestamp":9371137381033,"circlet_count":0,"master_deck":["AscendersBane","Defend_G","Defend_G","Defend_G","Defend_G","Defend_G","Strike_G","Strike_G","Strike_G","Strike_G","Strike_G","Survivor","Neutralize+1","Sucker Punch","Cloak And Dagger+1","After Image","Slice","Malaise+1","Well Laid Plans","PiercingWail","Flying Knee","Adrenaline","Backstab","Cloak And Dagger+1","Dagger Spray","Backstab","Bullet Time","Caltrops+1"],"relics":["Ring of the Snake","Lantern","Pen Nib","Bronze Scales","Bottled Lightning","Orrery","Meat on the Bone","Bag of Preparation","Sling","Matryoshka","Omamori","Question Card"],"potions_floor_usage":[6,6,16,21,24],"damage_taken":[{"damage":0,"enemies":"Small Slimes","floor":1,"turns":6},{"damage":2,"enemies":"2 Louse","floor":5,"turns":3},{"damage":15,"enemies":"Gremlin Nob","floor":6,"turns":4},{"damage":0,"enemies":"Cultist","floor":7,"turns":4},{"damage":0,"enemies":"Red Slaver","floor":11,"turns":3},{"damage":16,"enemies":"Lagavulin","floor":12,"turns":11},{"damage":9,"enemies":"Lots of Slimes","floor":13,"turns":3},{"damage":2,"enemies":"Looter","floor":14,"turns":4},{"damage":2,"enemies":"The Guardian","floor":16,"turns":14},{"damage":8,"enemies":"2 Thieves","floor":18,"turns":4},{"damage":11,"enemies":"Chosen","floor":21,"turns":6},{"damage":2,"enemies":"3 Cultists","floor":22,"turns":6},{"damage":7,"enemies":"Gremlin Leader","floor":24,"turns":8},{"damage":18,"enemies":"Snecko","floor":28,"turns":8},{"damage":8,"enemies":"Centurion and Healer","floor":29,"turns":7}],"seed_played":"-6852222207556571217","potions_obtained":[{"floor":1,"key":"Fire Potion"},{"floor":4,"key":"AttackPotion"},{"floor":12,"key":"GhostInAJar"},{"floor":24,"key":"Energy Potion"}],"is_trial":false,"path_per_floor":["M","?","$","?","M","E","M","R","T","R","M","E","M","M","R","B",null,"M","T","$","M","M","R","E","R","T","R","M","M"],"character_chosen":"THE_SILENT","items_purchased":["Bag of Preparation","Sling","Fruit Juice","Explosive Potion"],"campfire_rested":1,"item_purchase_floors":[20,20,20,20],"current_hp_per_floor":[59,48,48,48,46,31,31,31,31,31,31,15,6,4,23,21,55,47,47,47,41,39,39,44,44,44,44,38,30],"gold":89,"neow_bonus":"TWO_FIFTY_GOLD","is_prod":false,"is_daily":false,"chose_seed":false,"campfire_upgraded":5,"win_rate":0,"timestamp":1550038667,"path_taken":["M","?","$","?","M","E","M","R","T","R","M","E","?","M","R","BOSS","M","?","$","M","?","R","E","R","T","R","M","M"],"build_version":"2019-01-23","purchased_purges":1,"victory":false,"max_hp_per_floor":[66,66,66,66,66,66,66,66,66,66,66,66,66,66,66,66,66,66,66,66,71,71,71,71,71,71,71,71,71],"card_choices":[{"not_picked":["Dagger Throw","Escape Plan"],"picked":"Sucker Punch","floor":1},{"not_picked":["Underhanded Strike","Bane"],"picked":"Cloak And Dagger","floor":5},{"not_picked":["Eviscerate","Flying Knee"],"picked":"After Image","floor":6},{"not_picked":["Bane","Poisoned Stab"],"picked":"Slice","floor":7},{"not_picked":["PiercingWail","Crippling Poison"],"picked":"Malaise","floor":11},{"not_picked":["Bane","Underhanded Strike"],"picked":"Well Laid Plans","floor":12},{"not_picked":["Dagger Spray","Flying Knee"],"picked":"PiercingWail","floor":13},{"not_picked":["Concentrate","Backflip"],"picked":"Flying Knee","floor":14},{"not_picked":["Storm of Steel","Bullet Time"],"picked":"Adrenaline","floor":16},{"not_picked":["Prepared","Blur"],"picked":"Backstab","floor":17},{"not_picked":["Deflect","Dodge and Roll"],"picked":"Cloak And Dagger","floor":17},{"not_picked":["Backflip","Deflect"],"picked":"Dagger Spray","floor":17},{"not_picked":["Flying Knee","Setup+1"],"picked":"Backstab","floor":18},{"not_picked":["Poisoned Stab","Catalyst"],"picked":"Bullet Time","floor":21},{"not_picked":["Deadly Poison","All Out Attack+1","Flechettes"],"picked":"SKIP","floor":22},{"not_picked":["Dagger Spray+1","Accuracy"],"picked":"Caltrops","floor":24},{"not_picked":["Sucker Punch","Deflect","Blade Dance","Dodge and Roll"],"picked":"SKIP","floor":28}],"player_experience":515447,"relics_obtained":[{"floor":6,"key":"Pen Nib"},{"floor":9,"key":"Bronze Scales"},{"floor":12,"key":"Bottled Lightning"},{"floor":19,"key":"Meat on the Bone"},{"floor":24,"key":"Matryoshka"},{"floor":26,"key":"Omamori"},{"floor":26,"key":"Question Card"}],"event_choices":[{"damage_healed":0,"gold_gain":0,"player_choice":"Success","damage_taken":11,"relics_obtained":["Lantern"],"max_hp_gain":0,"max_hp_loss":0,"event_name":"Scrap Ooze","floor":2,"gold_loss":0},{"damage_healed":0,"gold_gain":0,"player_choice":"Got Potions","damage_taken":0,"max_hp_gain":0,"max_hp_loss":0,"event_name":"Lab","floor":4,"gold_loss":0}],"is_beta":false,"boss_relics":[{"not_picked":["Busted Crown","Snecko Eye"],"picked":"Orrery"}],"items_purged_floors":[3],"is_endless":false,"potions_floor_spawned":[1,5,12,24],"killed_by":"Centurion and Healer","ascension_level":17}