{"gold_per_floor":[109,122,142,67,67,67,96,96,174,174,193,173,206,221,221,221],"floor_reached":16,"playtime":478,"items_purged":["Strike_G"],"score":204,"play_id":"da3cef13-eb22-4b6a-b717-e7a9c48176e4","local_time":"20190212202635","is_ascension_mode":true,"campfire_choices":[{"data":"Neutralize","floor":6,"key":"SMITH"},{"data":"Survivor","floor":8,"key":"SMITH"},{"data":"Predator","floor":10,"key":"SMITH"},{"data":"Leg Sweep","floor":15,"key":"SMITH"}],"neow_cost":"NONE","seed_source_timestamp":4005968687945,"circlet_count":0,"master_deck":["AscendersBane","Defend_G","Defend_G","Defend_G","Defend_G","Defend_G","Strike_G","Strike_G","Strike_G","Strike_G","Survivor+1","Neutralize+1","Quick Slash","Masterful Stab","Predator+1","Masterful Stab","All Out Attack+1","Adrenaline","Leg Sweep+1"],"relics":["Ring of the Snake","NeowsBlessing","Strawberry","Molten Egg 2","Potion Belt"],"potions_floor_usage":[7,13,13,16],"damage_taken":[{"damage":0,"enemies":"Small Slimes","floor":1,"turns":1},{"damage":0,"enemies":"2 Louse","floor":2,"turns":1},{"damage":0,"enemies":"Cultist","floor":3,"turns":1},{"damage":20,"enemies":"3 Sentries","floor":7,"turns":8},{"damage":1,"enemies":"3 Louse","floor":11,"turns":2},{"damage":10,"enemies":"Lagavulin","floor":13,"turns":4},{"damage":1,"enemies":"Looter","floor":14,"turns":3},{"damage":2,"enemies":"Hexaghost","floor":16,"turns":4}],"seed_played":"6317888138563008282","potions_obtained":[{"floor":1,"key":"Swift Potion"},{"floor":11,"key":"SpeedPotion"},{"floor":12,"key":"Strength Potion"},{"floor":13,"key":"SpeedPotion"}],"is_trial":false,"path_per_floor":["M","M","M","$","?","R","E","R","T","R","M","?","E","M","R","B"],"character_chosen":"THE_SILENT","items_purchased":[],"campfire_rested":0,"item_purchase_floors":[],"current_hp_per_floor":[59,59,59,59,59,59,46,46,46,46,45,45,35,34,34,32],"gold":221,"neow_bonus":"THREE_ENEMY_KILL","is_prod":false,"is_daily":false,"chose_seed":false,"campfire_upgraded":4,"win_rate":0,"timestamp":1550031995,"path_taken":["M","M","M","$","?","R","E","R","T","R","M","?","E","?","R","BOSS"],"build_version":"2019-01-23","purchased_purges":1,"victory":false,"max_hp_per_floor":[66,66,66,66,66,66,73,73,73,73,73,73,73,73,73,73],"card_choices":[{"not_picked":["Tactician","Bane"],"picked":"Quick Slash","floor":1},{"not_picked":["Poisoned Stab","Deflect"],"picked":"Masterful Stab","floor":2},{"not_picked":["Finisher","Poisoned Stab"],"picked":"Predator","floor":3},{"not_picked":["Dagger Spray","Accuracy"],"picked":"Masterful Stab","floor":7},{"not_picked":["Backflip","Reflex"],"picked":"All Out Attack+1","floor":11},{"not_picked":["Outmaneuver","Acrobatics"],"picked":"Adrenaline","floor":13},{"not_picked":["Backflip","Concentrate"],"picked":"Leg Sweep","floor":14}],"player_experience":510213,"relics_obtained":[{"floor":7,"key":"Strawberry"},{"floor":9,"key":"Molten Egg 2"},{"floor":13,"key":"Potion Belt"}],"event_choices":[{"damage_healed":0,"gold_gain":0,"player_choice":"Ignored","damage_taken":0,"max_hp_gain":0,"max_hp_loss":0,"event_name":"Liars Game","floor":5,"gold_loss":0},{"damage_healed":0,"gold_gain":0,"player_choice":"Bought 1 Potion","damage_taken":0,"max_hp_gain":0,"max_hp_loss":0,"event_name":"The Woman in Blue","floor":12,"gold_loss":0}],"is_beta":false,"boss_relics":[],"items_purged_floors":[4],"is_endless":false,"potions_floor_spawned":[1,11,13],"killed_by":"Hexaghost","ascension_level":17}