{"gold_per_floor":[11,28,47,47,47,75,92,117,170,212,235,247,290,452,464,476],"floor_reached":16,"playtime":1025,"items_purged":[],"score":260,"play_id":"f333fc4d-1a57-4a1e-bb5b-4002f8d2e2e9","local_time":"20181109023057","is_ascension_mode":true,"campfire_choices":[{"floor":12,"key":"REST"},{"floor":15,"key":"REST"}],"neow_cost":"NO_GOLD","seed_source_timestamp":219734222518128,"circlet_count":0,"master_deck":["AscendersBane","Strike_R","Strike_R","Strike_R","Defend_R","Defend_R","Defend_R","Bash","Cleave","Seeing Red","Spot Weakness","Immolate","Seeing Red","Limit Break","Disarm","Doubt"],"relics":["Burning Blood","Orichalcum","Singing Bowl","MawBank","Anchor","Smiling Mask"],"potions_floor_usage":[8,8,16],"damage_taken":[{"damage":6,"enemies":"Small Slimes","floor":1,"turns":4},{"damage":1,"enemies":"Cultist","floor":2,"turns":3},{"damage":6,"enemies":"2 Louse","floor":3,"turns":3},{"damage":35,"enemies":"3 Sentries","floor":6,"turns":6},{"damage":6,"enemies":"Large Slime","floor":7,"turns":4},{"damage":5,"enemies":"Gremlin Nob","floor":8,"turns":3},{"damage":20,"enemies":"3 Sentries","floor":10,"turns":4},{"damage":12,"enemies":"Exordium Thugs","floor":11,"turns":5},{"damage":48,"enemies":"Lagavulin","floor":13,"turns":8},{"damage":35,"enemies":"Hexaghost","floor":16,"turns":9}],"seed_played":"-6415393851842352630","potions_obtained":[{"floor":2,"key":"GamblersBrew"},{"floor":6,"key":"Strength Potion"},{"floor":7,"key":"SteroidPotion"},{"floor":13,"key":"Dexterity Potion"}],"is_trial":false,"path_per_floor":["M","M","M","?","?","E","M","E","T","E","M","R","E","?","R","B"],"character_chosen":"IRONCLAD","items_purchased":[],"campfire_rested":2,"item_purchase_floors":[],"current_hp_per_floor":[68,73,73,73,73,44,44,45,45,33,27,50,10,10,33,0],"gold":476,"neow_bonus":"REMOVE_TWO","is_prod":false,"is_daily":false,"chose_seed":false,"campfire_upgraded":0,"win_rate":0,"timestamp":1541723457,"path_taken":["M","M","M","?","?","E","M","E","T","E","?","R","E","?","R","BOSS"],"build_version":"2018-11-07","purchased_purges":0,"victory":false,"max_hp_per_floor":[75,75,75,75,75,75,75,75,75,77,77,77,79,79,79,79],"card_choices":[{"not_picked":["Clash","Bloodletting"],"picked":"Cleave","floor":1},{"not_picked":["Perfected Strike","Clash"],"picked":"Seeing Red","floor":2},{"not_picked":["Feel No Pain","Rampage"],"picked":"Spot Weakness","floor":3},{"not_picked":["Ghostly Armor","Dark Embrace"],"picked":"Immolate","floor":6},{"not_picked":["Perfected Strike","Searing Blow"],"picked":"Seeing Red","floor":7},{"not_picked":["Heavy Blade","Seeing Red"],"picked":"Limit Break","floor":8},{"not_picked":["Intimidate","Clash","Rampage"],"picked":"Singing Bowl","floor":10},{"not_picked":["Havoc","Dual Wield"],"picked":"Disarm","floor":11},{"not_picked":["Warcry","Sentinel","Sever Soul"],"picked":"Singing Bowl","floor":13}],"player_experience":637303,"relics_obtained":[{"floor":6,"key":"Orichalcum"},{"floor":8,"key":"Singing Bowl"},{"floor":9,"key":"MawBank"},{"floor":10,"key":"Anchor"},{"floor":13,"key":"Smiling Mask"}],"event_choices":[{"damage_healed":0,"gold_gain":0,"player_choice":"Leave","damage_taken":0,"max_hp_gain":0,"max_hp_loss":0,"event_name":"The Cleric","floor":4,"gold_loss":0},{"cards_removed":["Strike_R"],"damage_healed":0,"gold_gain":0,"player_choice":"Purged","damage_taken":0,"max_hp_gain":0,"max_hp_loss":0,"event_name":"Purifier","floor":5,"gold_loss":0},{"damage_healed":0,"gold_gain":150,"player_choice":"AGREE","damage_taken":0,"max_hp_gain":0,"max_hp_loss":0,"event_name":"Liars Game","floor":14,"gold_loss":0,"cards_obtained":["Doubt"]}],"is_beta":true,"boss_relics":[],"items_purged_floors":[],"is_endless":false,"potions_floor_spawned":[2,6,7,13],"killed_by":"Hexaghost","ascension_level":20}