{"gold_per_floor":[114,129,129,8,24,55,55,55,107,107,120,120,134,154,154,257,257,274,289,299,299,299,299,315,315,315,315,315],"floor_reached":28,"playtime":4111,"items_purged":["Dualcast"],"score":270,"play_id":"822aca1b-f80d-4318-b9d3-e8e7093b4027","local_time":"20190208150317","is_ascension_mode":false,"campfire_choices":[{"floor":8.0,"key":"RECALL"},{"data":"Coolheaded","floor":10.0,"key":"SMITH"},{"data":"Buffer","floor":15.0,"key":"SMITH"},{"data":"Genetic Algorithm","floor":23,"key":"SMITH"},{"data":"FTL","floor":25,"key":"SMITH"},{"floor":27,"key":"REST"}],"neow_cost":"NONE","seed_source_timestamp":0,"circlet_count":0,"master_deck":["Zap","Gash","Coolheaded+1","FTL+1","Go for the Eyes","Genetic Algorithm+1","Buffer+1","Electrodynamics","Fusion","Turbo","Rainbow","Lockon","Barrage","Turbo","All For One","Compile Driver","Go for the Eyes","Go for the Eyes","Stack"],"special_seed":0,"relics":["Runic Pyramid","Ancient Tea Set","Turnip","Pandora\u0027s Box","Darkstone Periapt"],"potions_floor_usage":[28,28],"damage_taken":[{"damage":6.0,"enemies":"Jaw Worm","floor":1.0,"turns":3.0},{"damage":0.0,"enemies":"Cultist","floor":2.0,"turns":4.0},{"damage":0.0,"enemies":"Small Slimes","floor":5.0,"turns":3.0},{"damage":17.0,"enemies":"3 Sentries","floor":6.0,"turns":7.0},{"damage":0.0,"enemies":"Red Slaver","floor":11.0,"turns":3.0},{"damage":0.0,"enemies":"Gremlin Gang","floor":13.0,"turns":2.0},{"damage":7.0,"enemies":"Lots of Slimes","floor":14.0,"turns":4.0},{"damage":1.0,"enemies":"The Guardian","floor":16.0,"turns":13.0},{"damage":8.0,"enemies":"3 Byrds","floor":18.0,"turns":4.0},{"damage":15.0,"enemies":"2 Thieves","floor":19.0,"turns":3.0},{"damage":9,"enemies":"Chosen and Byrds","floor":20,"turns":3},{"damage":13,"enemies":"Snake Plant","floor":24,"turns":3},{"damage":18,"enemies":"Gremlin Leader","floor":28,"turns":5}],"seed_played":"-5415307623204869271","potions_obtained":[{"floor":2.0,"key":"AttackPotion"},{"floor":5.0,"key":"SteroidPotion"},{"floor":11.0,"key":"EssenceOfSteel"},{"floor":12.0,"key":"Explosive Potion"},{"floor":12.0,"key":"SneckoOil"},{"floor":16.0,"key":"AttackPotion"},{"floor":19.0,"key":"GamblersBrew"},{"floor":20,"key":"FearPotion"}],"is_trial":false,"path_per_floor":["M","M","?","$","M","E","$","R","T","R","M","?","M","M","R","B",null,"M","M","M","?","?","R","M","R","T","R","E"],"character_chosen":"DEFECT","items_purchased":["Coolheaded"],"campfire_rested":1,"item_purchase_floors":[4],"current_hp_per_floor":[69,69,69,69,69,52,52,52,52,52,52,52,52,45,45,44,75,67,52,43,43,29,29,16,16,16,40,22],"gold":315,"neow_bonus":"BOSS_RELIC","is_prod":false,"is_daily":false,"chose_seed":false,"campfire_upgraded":4,"win_rate":0,"timestamp":1549656197,"path_taken":["M","M","?","?","M","E","$","R","T","R","M","?","M","?","R","BOSS","M","?","?","?","?","R","M","R","T","R","E"],"build_version":"2019-01-23","purchased_purges":1,"victory":false,"max_hp_per_floor":[75,75,75,75,75,75,75,75,75,75,75,75,75,75,75,75,75,75,75,75,75,80,80,80,80,80,80,80],"card_choices":[{"not_picked":["Rip and Tear","Sweeping Beam"],"picked":"Gash","floor":1.0},{"not_picked":["Hologram","Sweeping Beam","Rebound"],"picked":"SKIP","floor":2.0},{"not_picked":["Force Field","Double Energy"],"picked":"FTL","floor":5.0},{"not_picked":["Skim","Hologram"],"picked":"Go for the Eyes","floor":6.0},{"not_picked":["Cold Snap","Force Field","Barrage"],"picked":"SKIP","floor":11.0},{"not_picked":["Consume","Streamline"],"picked":"Genetic Algorithm","floor":13.0},{"not_picked":["Double Energy","Barrage"],"picked":"Buffer","floor":14.0},{"not_picked":["Reboot","Thunder Strike"],"picked":"Electrodynamics","floor":16.0},{"not_picked":["Compile Driver","Steam"],"picked":"Go for the Eyes","floor":18.0},{"not_picked":["Fusion","Ball Lightning","Sweeping Beam"],"picked":"SKIP","floor":19.0},{"not_picked":["Compile Driver","Streamline"],"picked":"Go for the Eyes","floor":20},{"not_picked":["Conserve Battery","Go for the Eyes"],"picked":"Stack","floor":24}],"player_experience":160968,"relics_obtained":[{"floor":6.0,"key":"Turnip"},{"floor":26,"key":"Darkstone Periapt"}],"event_choices":[{"damage_healed":0.0,"max_hp_gain":0.0,"max_hp_loss":0.0,"gold_gain":0.0,"event_name":"WeMeetAgain","player_choice":"Gave Potion","floor":3.0,"gold_loss":0.0,"damage_taken":0.0,"relics_obtained":["Ancient Tea Set"]},{"damage_healed":0.0,"max_hp_gain":0.0,"max_hp_loss":0.0,"gold_gain":0.0,"event_name":"Lab","player_choice":"Got Potions","floor":12.0,"gold_loss":0.0,"damage_taken":0.0},{"damage_healed":0,"gold_gain":0,"player_choice":"Ignored","damage_taken":0,"max_hp_gain":0,"max_hp_loss":0,"event_name":"Vampires","floor":21,"gold_loss":0},{"damage_healed":0,"gold_gain":0,"player_choice":"Shed Blood","damage_taken":19,"max_hp_gain":5,"max_hp_loss":0,"event_name":"Forgotten Altar","floor":22,"gold_loss":0}],"is_beta":false,"boss_relics":[{"not_picked":["Astrolabe","Busted Crown"],"picked":"Pandora\u0027s Box"}],"items_purged_floors":[4],"is_endless":false,"potions_floor_spawned":[2,5,11,16,19,20],"killed_by":"Gremlin Leader","ascension_level":0}