{"gold_per_floor":[115,265,265,316,316,316,329,350,398,398,398],"floor_reached":11,"playtime":298,"items_purged":[],"score":122,"play_id":"ea6c6c19-51ca-423a-ac05-fd76e6626090","local_time":"20190316190623","is_ascension_mode":true,"campfire_choices":[{"data":"Bash","floor":6,"key":"SMITH"},{"floor":10,"key":"REST"}],"neow_cost":"PERCENT_DAMAGE","seed_source_timestamp":283345588060398,"circlet_count":0,"master_deck":["AscendersBane","Strike_R","Strike_R","Strike_R","Strike_R","Strike_R","Defend_R","Defend_R","Defend_R","Defend_R","Bash+1","Feel No Pain","Doubt","Headbutt","Uppercut"],"relics":["Burning Blood","Happy Flower","Golden Idol","Omamori"],"potions_floor_usage":[],"damage_taken":[{"damage":2,"enemies":"2 Louse","floor":1,"turns":3},{"damage":9,"enemies":"Jaw Worm","floor":7,"turns":4},{"damage":10,"enemies":"Small Slimes","floor":8,"turns":4},{"damage":77,"enemies":"Lagavulin","floor":11,"turns":8}],"seed_played":"5289146593452821498","potions_obtained":[{"floor":1,"key":"Ancient Potion"},{"floor":8,"key":"GamblersBrew"}],"is_trial":false,"path_per_floor":["M","?","?","T","?","R","M","M","T","R","E"],"character_chosen":"IRONCLAD","items_purchased":[],"campfire_rested":1,"item_purchase_floors":[],"current_hp_per_floor":[68,68,73,73,41,41,38,34,34,62,0],"gold":398,"neow_bonus":"TWENTY_PERCENT_HP_BONUS","is_prod":false,"is_daily":false,"chose_seed":false,"campfire_upgraded":1,"win_rate":0,"timestamp":1552755983,"path_taken":["M","?","?","?","?","R","M","M","T","R","E"],"build_version":"2019-03-15","purchased_purges":0,"victory":false,"max_hp_per_floor":[89,89,94,94,94,94,94,94,94,94,94],"card_choices":[{"not_picked":["Rampage","Bloodletting"],"picked":"Feel No Pain","floor":1},{"not_picked":["Cleave","Wild Strike"],"picked":"Headbutt","floor":7},{"not_picked":["Anger","Pommel Strike"],"picked":"Uppercut","floor":8}],"player_experience":701034,"relics_obtained":[{"floor":4,"key":"Happy Flower"},{"floor":9,"key":"Omamori"}],"event_choices":[{"damage_healed":0,"gold_gain":150,"player_choice":"AGREE","damage_taken":0,"max_hp_gain":0,"max_hp_loss":0,"event_name":"Liars Game","floor":2,"gold_loss":0,"cards_obtained":["Doubt"]},{"damage_healed":0,"gold_gain":0,"player_choice":"Donut","damage_taken":0,"max_hp_gain":5,"max_hp_loss":0,"event_name":"Big Fish","floor":3,"gold_loss":0},{"damage_healed":0,"gold_gain":0,"player_choice":"Take Damage","damage_taken":32,"relics_obtained":["Golden Idol"],"max_hp_gain":0,"max_hp_loss":0,"event_name":"Golden Idol","floor":5,"gold_loss":0}],"is_beta":true,"boss_relics":[],"items_purged_floors":[],"is_endless":false,"potions_floor_spawned":[1,8],"killed_by":"Lagavulin","ascension_level":20}