{"gold_per_floor":[112,60,72,92,102,102,102,121,121,121,121,138,156,3,3,98,98,118,133,133,148,88,88,108,128,154,154,168,186,186,205,205,304,304,323,323,343,443,468,468,468],"floor_reached":41,"playtime":7124,"items_purged":[],"score":414,"play_id":"73653c73-020b-4ee9-b889-5d90e583f062","local_time":"20190310143052","is_ascension_mode":false,"campfire_choices":[{"data":"Shockwave","floor":6.0,"key":"SMITH"},{"floor":10.0,"key":"REST"},{"data":"Searing Blow","floor":15.0,"key":"SMITH"},{"floor":23.0,"key":"REST"},{"floor":27.0,"key":"REST"},{"floor":30.0,"key":"REST"},{"floor":32.0,"key":"REST"},{"floor":40,"key":"REST"}],"neow_cost":"","seed_source_timestamp":0,"circlet_count":0,"master_deck":["Strike_R+1","Strike_R","Strike_R","Strike_R","Strike_R","Defend_R+1","Defend_R","Defend_R","Defend_R","Bash","Inflame","Clothesline","Iron Wave","Anger","Shockwave+1","Flex","Feed","Whirlwind","Berserk","Thunderclap+1","Thunderclap","Clothesline","Clash","Rage","Iron Wave","Rampage","Armaments","Inflame+1","Pommel Strike","Double Tap","Shrug It Off+1","Magnetism","Perfected Strike","Ghostly Armor"],"special_seed":0,"relics":["Burning Blood","Strawberry","Lizard Tail","Orichalcum","White Beast Statue","Unceasing Top","Bag of Preparation"],"potions_floor_usage":[41],"damage_taken":[{"damage":12.0,"enemies":"2 Louse","floor":1.0,"turns":3.0},{"damage":5.0,"enemies":"Small Slimes","floor":3.0,"turns":3.0},{"damage":0.0,"enemies":"Cultist","floor":4.0,"turns":3.0},{"damage":9.0,"enemies":"3 Louse","floor":5.0,"turns":3.0},{"damage":12.0,"enemies":"Lots of Slimes","floor":8.0,"turns":5.0},{"damage":8.0,"enemies":"Exordium Thugs","floor":12.0,"turns":4.0},{"damage":1.0,"enemies":"2 Fungi Beasts","floor":13.0,"turns":3.0},{"damage":87.0,"enemies":"The Guardian","floor":16.0,"turns":14.0},{"damage":11.0,"enemies":"3 Byrds","floor":18.0,"turns":6.0},{"damage":16.0,"enemies":"Chosen","floor":19.0,"turns":5.0},{"damage":11.0,"enemies":"Snecko","floor":21.0,"turns":6.0},{"damage":39.0,"enemies":"Snake Plant","floor":24.0,"turns":6.0},{"damage":29.0,"enemies":"3 Cultists","floor":25.0,"turns":7.0},{"damage":49.0,"enemies":"Shelled Parasite and Fungi","floor":28.0,"turns":6.0},{"damage":21.0,"enemies":"Centurion and Healer","floor":29.0,"turns":10.0},{"damage":31.0,"enemies":"Cultist and Chosen","floor":31.0,"turns":7.0},{"damage":69.0,"enemies":"Champ","floor":33.0,"turns":15.0},{"damage":62.0,"enemies":"3 Darklings","floor":35.0,"turns":6.0},{"damage":21.0,"enemies":"3 Shapes","floor":37.0,"turns":5.0},{"damage":0.0,"enemies":"Mind Bloom Boss Battle","floor":38.0,"turns":5.0},{"damage":63,"enemies":"Sphere and 2 Shapes","floor":41,"turns":5}],"seed_played":"-991741520691913951","potions_obtained":[{"floor":1.0,"key":"Weak Potion"},{"floor":11.0,"key":"Regen Potion"},{"floor":11.0,"key":"PowerPotion"},{"floor":12.0,"key":"Block Potion"},{"floor":16.0,"key":"GamblersBrew"},{"floor":25.0,"key":"GamblersBrew"},{"floor":28.0,"key":"Fire Potion"},{"floor":29.0,"key":"SpeedPotion"},{"floor":31.0,"key":"PowerPotion"},{"floor":35.0,"key":"AttackPotion"},{"floor":37.0,"key":"LiquidBronze"},{"floor":38,"key":"Energy Potion"}],"is_trial":false,"path_per_floor":["M","$","M","M","M","R","?","M","T","R","?","M","M","$","R","B",null,"M","M","$","M","?","R","M","M","T","R","M","M","R","M","R","B",null,"M","?","M","?","T","R","M"],"character_chosen":"IRONCLAD","items_purchased":["Clothesline","Feed","Whirlwind"],"campfire_rested":6,"item_purchase_floors":[2,14,14],"current_hp_per_floor":[74,74,75,80,77,77,61,55,62,87,87,85,87,87,87,21,90,85,75,75,70,70,90,57,34,34,61,18,52,79,57,85,22,96,40,40,25,34,34,63,0],"gold":468,"neow_bonus":"","is_prod":false,"is_daily":false,"chose_seed":false,"campfire_upgraded":2,"win_rate":0.0,"timestamp":1552228252,"path_taken":["M","$","M","M","M","R","?","M","T","R","?","M","M","$","R","BOSS","M","M","?","M","?","R","M","M","T","R","M","M","R","?","R","BOSS","M","?","M","?","?","R","?"],"build_version":"2019-01-23","purchased_purges":0,"victory":false,"max_hp_per_floor":[80,80,80,80,80,80,80,80,87,87,87,87,87,87,87,90,90,90,90,90,90,90,90,90,90,90,90,90,93,93,96,96,96,96,96,96,96,99,99,99,99],"card_choices":[{"not_picked":["Dual Wield","Clash"],"picked":"Inflame","floor":1.0},{"not_picked":["Battle Trance","Perfected Strike"],"picked":"Iron Wave","floor":3.0},{"not_picked":["True Grit","Perfected Strike"],"picked":"Anger","floor":4.0},{"not_picked":["Pommel Strike","Clash"],"picked":"Shockwave","floor":5.0},{"not_picked":["Impervious","Twin Strike"],"picked":"Flex","floor":8.0},{"not_picked":["Headbutt","Clothesline"],"picked":"Flame Barrier","floor":12.0},{"not_picked":["Blood for Blood","Entrench"],"picked":"Searing Blow","floor":13.0},{"not_picked":["Brutality","Feed"],"picked":"Berserk","floor":16.0},{"not_picked":["Dropkick","Whirlwind"],"picked":"Thunderclap+1","floor":18.0},{"not_picked":["Body Slam","Battle Trance"],"picked":"Thunderclap","floor":19.0},{"not_picked":["Pummel+1","Burning Pact"],"picked":"Clothesline","floor":21.0},{"not_picked":["Clash+1","Headbutt"],"picked":"Iron Wave","floor":24.0},{"not_picked":["Burning Pact","Flex"],"picked":"Rampage","floor":25.0},{"not_picked":["Burning Pact+1","Sever Soul"],"picked":"Armaments","floor":28.0},{"not_picked":["Bloodletting","Sword Boomerang+1"],"picked":"Inflame+1","floor":29.0},{"not_picked":["Fiend Fire","Corruption"],"picked":"Pommel Strike","floor":31.0},{"not_picked":["Feed","Impervious"],"picked":"Double Tap","floor":33.0},{"not_picked":["Pummel","Headbutt+1"],"picked":"Shrug It Off+1","floor":35.0},{"not_picked":["Dramatic Entrance","Dark Shackles"],"picked":"Magnetism","floor":36.0},{"not_picked":["Power Through","Entrench+1"],"picked":"Perfected Strike","floor":37.0},{"not_picked":["Clash","Dual Wield"],"picked":"Ghostly Armor","floor":38}],"player_experience":0,"relics_obtained":[{"floor":9.0,"key":"Strawberry"},{"floor":26.0,"key":"Orichalcum"},{"floor":38,"key":"Unceasing Top"},{"floor":39,"key":"Bag of Preparation"}],"event_choices":[{"damage_healed":0.0,"max_hp_gain":0.0,"max_hp_loss":0.0,"gold_gain":0.0,"event_name":"Shining Light","player_choice":"Entered Light","floor":7.0,"gold_loss":0.0,"damage_taken":16.0,"cards_upgraded":["Defend_R","Strike_R"]},{"damage_healed":0.0,"max_hp_gain":0.0,"max_hp_loss":0.0,"gold_gain":0.0,"event_name":"Lab","player_choice":"Got Potions","floor":11.0,"gold_loss":0.0,"damage_taken":0.0},{"damage_healed":0.0,"max_hp_gain":0.0,"max_hp_loss":0.0,"gold_gain":0.0,"cards_transformed":["Searing Blow","Flame Barrier"],"event_name":"Designer","player_choice":"Transformed Cards","floor":22.0,"gold_loss":60.0,"damage_taken":0.0,"cards_obtained":["Clash","Rage"]},{"damage_healed":0.0,"max_hp_gain":0.0,"max_hp_loss":0.0,"gold_gain":0.0,"event_name":"SensoryStone","player_choice":"Memory 1","floor":36.0,"gold_loss":0.0,"damage_taken":0.0},{"damage_healed":0.0,"max_hp_gain":0.0,"max_hp_loss":0.0,"gold_gain":0.0,"event_name":"MindBloom","player_choice":"Fight","floor":38.0,"gold_loss":0.0,"damage_taken":0.0}],"is_beta":false,"boss_relics":[{"not_picked":["Orrery","Ectoplasm"],"picked":"Lizard Tail"},{"not_picked":["Busted Crown","Tiny House"],"picked":"White Beast Statue"}],"items_purged_floors":[],"is_endless":false,"potions_floor_spawned":[1,12,16,25,28,29,31,35,37,38],"killed_by":"Sphere and 2 Shapes","ascension_level":0}