{"gold_per_floor":[119,137,157,157,157,187,187,198,247,260,277,247,247],"floor_reached":13,"playtime":599,"items_purged":[],"score":109,"play_id":"8965996b-e0bd-4110-a064-2724b2e8ed39","local_time":"20190308003034","is_ascension_mode":true,"campfire_choices":[{"floor":7,"key":"REST"}],"neow_cost":"PERCENT_DAMAGE","seed_source_timestamp":1584175294632201,"circlet_count":0,"master_deck":["Defend_G","Defend_G","Defend_G","Defend_G","Defend_G","Strike_G","Strike_G","Strike_G","Strike_G","Strike_G","Survivor","Neutralize","Thinking Ahead","Madness","Caltrops","Deflect","Backflip","Blur","Escape Plan","Skewer","All Out Attack"],"relics":["Ring of the Snake","NlothsMask","Letter Opener"],"potions_floor_usage":[6,13],"damage_taken":[{"damage":2,"enemies":"Cultist","floor":1,"turns":4},{"damage":1,"enemies":"Small Slimes","floor":2,"turns":4},{"damage":0,"enemies":"2 Louse","floor":3,"turns":2},{"damage":49,"enemies":"Lagavulin","floor":6,"turns":10},{"damage":10,"enemies":"Lots of Slimes","floor":8,"turns":3},{"damage":1,"enemies":"Red Slaver","floor":10,"turns":5},{"damage":4,"enemies":"2 Fungi Beasts","floor":11,"turns":4},{"damage":0,"enemies":"Looter","floor":12,"turns":4},{"damage":21,"enemies":"Gremlin Nob","floor":13,"turns":5}],"seed_played":"-6329954566054888882","potions_obtained":[{"floor":1,"key":"SpeedPotion"},{"floor":3,"key":"GhostInAJar"},{"floor":6,"key":"Ancient Potion"}],"is_trial":false,"path_per_floor":["M","M","M","?","?","E","R","M","T","M","M","M","E"],"character_chosen":"THE_SILENT","items_purchased":[],"campfire_rested":1,"item_purchase_floors":[],"current_hp_per_floor":[47,46,46,51,51,2,24,14,14,13,9,9,0],"gold":247,"neow_bonus":"RANDOM_COLORLESS_2","is_prod":false,"is_daily":false,"chose_seed":false,"campfire_upgraded":0,"win_rate":0,"timestamp":1552023034,"path_taken":["M","M","?","?","?","E","R","M","T","M","M","M","E"],"build_version":"2019-01-23","purchased_purges":0,"victory":false,"max_hp_per_floor":[70,70,70,75,75,75,75,75,75,75,75,75,75],"card_choices":[{"not_picked":["Bouncing Flask","Outmaneuver"],"picked":"Caltrops","floor":1},{"not_picked":["Dagger Spray","Outmaneuver"],"picked":"Deflect","floor":2},{"not_picked":["Heel Hook","Riddle With Holes"],"picked":"Backflip","floor":3},{"not_picked":["Prepared","Infinite Blades","Noxious Fumes"],"picked":"SKIP","floor":6},{"not_picked":["Dagger Throw","Quick Slash"],"picked":"Blur","floor":8},{"not_picked":["Cloak And Dagger","Dagger Spray"],"picked":"Escape Plan","floor":10},{"not_picked":["Flying Knee","Bane"],"picked":"Skewer","floor":11},{"not_picked":["Blur","Backstab"],"picked":"All Out Attack","floor":12}],"player_experience":268609,"relics_obtained":[{"floor":6,"key":"Letter Opener"}],"event_choices":[{"damage_healed":0,"gold_gain":0,"player_choice":"Donut","damage_taken":0,"max_hp_gain":5,"max_hp_loss":0,"event_name":"Big Fish","floor":4,"gold_loss":0},{"damage_healed":0,"gold_gain":0,"player_choice":"Trade","damage_taken":0,"relics_obtained":["NlothsMask"],"max_hp_gain":0,"max_hp_loss":0,"event_name":"FaceTrader","floor":5,"gold_loss":0}],"is_beta":false,"boss_relics":[],"items_purged_floors":[],"is_endless":false,"potions_floor_spawned":[1,3,6],"killed_by":"Gremlin Nob","ascension_level":5}