{"gold_per_floor":[113,188,188,188,205,205,130,130,130,159,178,32,58,72,72,167,167,187,187],"floor_reached":19,"playtime":6725,"items_purged":["Strike_B","Strike_B"],"score":175,"play_id":"d20466e5-0a2d-42b0-bc89-245614973b6f","local_time":"20190208193932","is_ascension_mode":false,"campfire_choices":[{"floor":6.0,"key":"RECALL"},{"floor":8.0,"key":"REST"},{"floor":15.0,"key":"REST"}],"neow_cost":"NONE","seed_source_timestamp":0,"circlet_count":0,"master_deck":["Strike_B","Strike_B","Defend_B","Defend_B","Defend_B","Defend_B","Zap","Dualcast","Gash+1","Regret","Capacitor","Cold Snap","Cold Snap","Self Repair","Hello World","Electrodynamics","Normality","Shame","Normality","Coolheaded"],"special_seed":0,"relics":["Fusion Hammer","StoneCalendar","Letter Opener","Du-Vu Doll","Calling Bell","Potion Belt","Frozen Egg 2","Ginger"],"potions_floor_usage":[],"damage_taken":[{"damage":3.0,"enemies":"Small Slimes","floor":1.0,"turns":3.0},{"damage":3.0,"enemies":"2 Louse","floor":5.0,"turns":3.0},{"damage":51.0,"enemies":"3 Sentries","floor":10.0,"turns":7.0},{"damage":1.0,"enemies":"Cultist","floor":11.0,"turns":3.0},{"damage":8.0,"enemies":"Lagavulin","floor":13.0,"turns":7.0},{"damage":1.0,"enemies":"Blue Slaver","floor":14.0,"turns":4.0},{"damage":18.0,"enemies":"Hexaghost","floor":16.0,"turns":8.0},{"damage":13.0,"enemies":"Chosen","floor":18.0,"turns":5.0},{"damage":0,"enemies":"Shell Parasite","floor":19,"turns":1}],"seed_played":"1063891926485847690","potions_obtained":[{"floor":5.0,"key":"Poison Potion"},{"floor":10.0,"key":"Energy Potion"},{"floor":11.0,"key":"Dexterity Potion"},{"floor":18,"key":"PowerPotion"}],"is_trial":false,"path_per_floor":["M","?","?","?","M","R","$","R","T","E","M","$","E","M","R","B",null,"M","M"],"character_chosen":"DEFECT","items_purchased":["Cold Snap"],"campfire_rested":2,"item_purchase_floors":[12],"current_hp_per_floor":[72,61,61,61,58,58,58,75,75,24,23,23,15,21,43,32,75,69,69],"gold":187,"neow_bonus":"BOSS_RELIC","is_prod":false,"is_daily":false,"chose_seed":false,"campfire_upgraded":0,"win_rate":0,"timestamp":1549672772,"path_taken":["M","?","?","?","?","R","$","R","T","E","M","$","E","M","R","BOSS","M","M"],"build_version":"2019-01-23","purchased_purges":2,"victory":false,"max_hp_per_floor":[75,75,75,75,75,75,75,75,75,75,75,75,75,75,75,75,75,75,75],"card_choices":[{"not_picked":["Cold Snap","Beam Cell"],"picked":"Gash","floor":1.0},{"not_picked":["Compile Driver","Sunder","Rebound"],"picked":"SKIP","floor":5.0},{"not_picked":["Electrodynamics","Streamline"],"picked":"Capacitor","floor":10.0},{"not_picked":["Aggregate","Redo"],"picked":"Cold Snap","floor":11.0},{"not_picked":["Streamline","Go for the Eyes"],"picked":"Self Repair","floor":13.0},{"not_picked":["Streamline","Barrage"],"picked":"Hello World","floor":14.0},{"not_picked":["Echo Form","Core Surge"],"picked":"Electrodynamics","floor":16.0},{"not_picked":["Fusion","Barrage"],"picked":"Coolheaded","floor":18}],"player_experience":166751,"relics_obtained":[{"floor":10.0,"key":"Letter Opener"},{"floor":13.0,"key":"Du-Vu Doll"},{"floor":17.0,"key":"Potion Belt"},{"floor":17.0,"key":"Frozen Egg 2"},{"floor":17.0,"key":"Ginger"}],"event_choices":[{"damage_healed":0.0,"max_hp_gain":0.0,"max_hp_loss":0.0,"gold_gain":75.0,"event_name":"World of Goop","player_choice":"Gather Gold","floor":2.0,"gold_loss":0.0,"damage_taken":11.0},{"damage_healed":0.0,"max_hp_gain":0.0,"max_hp_loss":0.0,"gold_gain":0.0,"event_name":"Big Fish","player_choice":"Box","floor":3.0,"gold_loss":0.0,"damage_taken":0.0,"relics_obtained":["StoneCalendar"],"cards_obtained":["Regret"]},{"damage_healed":0.0,"max_hp_gain":0.0,"max_hp_loss":0.0,"gold_gain":0.0,"event_name":"Upgrade Shrine","player_choice":"Upgraded","floor":4.0,"gold_loss":0.0,"damage_taken":0.0,"cards_upgraded":["Gash"]}],"is_beta":false,"boss_relics":[{"not_picked":["Velvet Choker","Busted Crown"],"picked":"Calling Bell"}],"items_purged_floors":[7,12],"is_endless":false,"potions_floor_spawned":[5,10,11,18],"killed_by":"Shell Parasite","ascension_level":0}