{"gold_per_floor":[113,113,177,189,239,274,274,324,324,324,406,431,447,460,460,561,561,577,60,25,87,181,193,273,316,328,372,384,410,170,187,187,292,292,311,406,456,506],"floor_reached":38,"playtime":3139,"items_purged":["Defend_B","Strike_B"],"score":525,"play_id":"2e6efd43-20cf-4734-876d-cc6ebdf24214","local_time":"20190316025235","daily_mods":["Draft","Chimera","Allstar","Diverse","Heirloom","DeadlyEvents","Elite Swarm"],"is_ascension_mode":false,"campfire_choices":[{"data":"Echo Form","floor":7,"key":"SMITH"},{"data":"True Grit","floor":10,"key":"SMITH"},{"data":"Infernal Blade","floor":15,"key":"SMITH"},{"data":"Infernal Blade","floor":23,"key":"SMITH"},{"floor":28,"key":"REST"},{"data":"Venomology","floor":32,"key":"SMITH"}],"neow_cost":"","seed_source_timestamp":0,"circlet_count":0,"master_deck":["Bash","Survivor","Zap","Rebound","Cloak And Dagger","Flex","Leap","Sweeping Beam","Whirlwind","Turbo","Well Laid Plans","Choke","Clothesline","Infernal Blade+1","Backflip","Slice","Infernal Blade+1","True Grit+1","Dropkick","Echo Form+1","Exhume","Feed","Heavy Blade","Outmaneuver","Calculated Gamble","Bullet Time","Conserve Battery+1","Body Slam","Secret Weapon","Warcry","Burst","Armaments","Offering","Venomology+1","Flying Knee+1","Sever Soul","Blade Dance","Reaper","PiercingWail","Venomology","Thunderclap+1","Sweeping Beam+1","Quick Slash+1","Shockwave","Madness","Madness"],"relics":["Burning Blood","Nunchaku","SsserpentHead","Dead Branch","Mercury Hourglass","Gremlin Horn","Bag of Preparation","Prayer Wheel","Empty Cage","Kunai","MawBank","Question Card","Oddly Smooth Stone","Dream Catcher","Paper Frog","Astrolabe","Torii"],"potions_floor_usage":[4,16,24,27,27,31,33,33,33,36,36,36,36,38,38,38],"damage_taken":[{"damage":0,"enemies":"Jaw Worm","floor":1,"turns":3},{"damage":0,"enemies":"Cultist","floor":3,"turns":3},{"damage":0,"enemies":"Small Slimes","floor":4,"turns":2},{"damage":26,"enemies":"Lagavulin","floor":6,"turns":5},{"damage":1,"enemies":"3 Sentries","floor":11,"turns":6},{"damage":6,"enemies":"Gremlin Nob","floor":12,"turns":3},{"damage":1,"enemies":"Blue Slaver","floor":13,"turns":2},{"damage":4,"enemies":"2 Fungi Beasts","floor":14,"turns":2},{"damage":1,"enemies":"Slime Boss","floor":16,"turns":6},{"damage":5,"enemies":"3 Byrds","floor":18,"turns":3},{"damage":10,"enemies":"Gremlin Leader","floor":22,"turns":4},{"damage":5,"enemies":"2 Thieves","floor":24,"turns":4},{"damage":45,"enemies":"Slavers","floor":25,"turns":5},{"damage":18,"enemies":"Book of Stabbing","floor":27,"turns":4},{"damage":4,"enemies":"Snake Plant","floor":29,"turns":4},{"damage":6,"enemies":"Centurion and Healer","floor":31,"turns":4},{"damage":31,"enemies":"Collector","floor":33,"turns":11},{"damage":6,"enemies":"3 Darklings","floor":35,"turns":1},{"damage":52,"enemies":"2 Orb Walkers","floor":36,"turns":4},{"damage":41,"enemies":"3 Shapes","floor":38,"turns":2}],"seed_played":"-1000635727504667130","potions_obtained":[{"floor":1,"key":"PowerPotion"},{"floor":6,"key":"Ancient Potion"},{"floor":12,"key":"Strength Potion"},{"floor":16,"key":"SteroidPotion"},{"floor":18,"key":"Regen Potion"},{"floor":25,"key":"LiquidBronze"},{"floor":29,"key":"PowerPotion"},{"floor":33,"key":"BloodPotion"}],"is_trial":true,"path_per_floor":["M","?","M","M","?","E","R","T","T","R","E","E","M","M","R","B",null,"M","$","?","?","E","R","M","E","T","E","R","M","$","M","R","B",null,"M","?","?","M"],"character_chosen":"IRONCLAD","items_purchased":["Kunai","Secret Weapon","Reaper"],"campfire_rested":1,"item_purchase_floors":[19,19,30],"current_hp_per_floor":[80,80,80,80,80,60,60,60,60,60,65,65,70,72,72,80,83,83,83,83,83,79,79,83,44,44,32,56,58,58,61,61,48,86,86,48,37,0],"gold":506,"neow_bonus":"","is_prod":false,"is_daily":false,"chose_seed":false,"campfire_upgraded":5,"win_rate":0,"timestamp":1552672355,"path_taken":["M","?","?","M","?","E","R","?","T","R","?","E","M","M","R","BOSS","M","$","?","?","?","R","?","E","T","E","R","M","$","M","R","BOSS","M","?","?","?"],"build_version":"2019-01-23","purchased_purges":2,"victory":false,"max_hp_per_floor":[80,80,80,80,80,80,80,80,80,80,80,80,80,80,80,83,83,83,83,83,83,83,83,83,83,83,83,83,83,83,86,86,86,86,86,86,86,86],"card_choices":[{"not_picked":["Darkness","Hologram"],"picked":"Rebound","floor":0},{"not_picked":["Anger","Acrobatics"],"picked":"Cloak And Dagger","floor":0},{"not_picked":["Twin Strike","Gash"],"picked":"Flex","floor":0},{"not_picked":["Feel No Pain","Havoc"],"picked":"Leap","floor":0},{"not_picked":["Lockon","Undo"],"picked":"Sweeping Beam","floor":0},{"not_picked":["Aggregate","Redo"],"picked":"Steam","floor":0},{"not_picked":["Hemokinesis","Steam"],"picked":"Whirlwind","floor":0},{"not_picked":["Heavy Blade","Pummel"],"picked":"Turbo","floor":0},{"not_picked":["Ghostly Armor","Anger"],"picked":"Ball Lightning","floor":0},{"not_picked":["Heavy Blade","Poisoned Stab"],"picked":"Well Laid Plans","floor":0},{"not_picked":["Bane","Bloodletting"],"picked":"Choke","floor":0},{"not_picked":["Acrobatics","Poisoned Stab"],"picked":"Clothesline","floor":0},{"not_picked":["Iron Wave","Clash"],"picked":"Infernal Blade","floor":0},{"not_picked":["Skim","Tempest"],"picked":"Backflip","floor":0},{"not_picked":["Corruption","Redo"],"picked":"Slice","floor":0},{"not_picked":["Havoc","Quick Slash"],"picked":"Infernal Blade","floor":1},{"not_picked":["Dagger Spray","Hologram"],"picked":"True Grit","floor":3},{"not_picked":["Go for the Eyes","BootSequence"],"picked":"Dropkick","floor":4},{"not_picked":["Multi-Cast","Impervious"],"picked":"Echo Form","floor":6},{"not_picked":["Creative AI","A Thousand Cuts"],"picked":"Exhume","floor":11},{"not_picked":["Exhume","Phantasmal Killer"],"picked":"Feed","floor":12},{"not_picked":["Cleave","Anger"],"picked":"Heavy Blade","floor":13},{"not_picked":["Twin Strike","Setup","Clothesline"],"picked":"SKIP","floor":13},{"not_picked":["Underhanded Strike","Power Through"],"picked":"Outmaneuver","floor":14},{"not_picked":["Wild Strike","Sword Boomerang"],"picked":"Calculated Gamble","floor":14},{"not_picked":["Wraith Form v2","Berserk"],"picked":"Bullet Time","floor":16},{"not_picked":["Iron Wave+1","Choke"],"picked":"Conserve Battery+1","floor":18},{"not_picked":["Riddle With Holes+1","Finisher+1"],"picked":"Body Slam","floor":18},{"not_picked":["Fission","Bludgeon"],"picked":"Burst","floor":22},{"not_picked":["Hologram","Infernal Blade","Shrug It Off"],"picked":"Armaments","floor":24},{"not_picked":["Metallicize","Bloodletting","Anger","Noxious Fumes+1"],"picked":"SKIP","floor":24},{"not_picked":["Storm of Steel","Reaper","Meteor Strike"],"picked":"Offering","floor":25},{"not_picked":["Berserk","Night Terror","Wraith Form v2"],"picked":"Venomology","floor":27},{"not_picked":["Warcry","Underhanded Strike","Bouncing Flask"],"picked":"Flying Knee+1","floor":28},{"not_picked":["Perfected Strike","Catalyst","Setup+1"],"picked":"Sever Soul","floor":29},{"not_picked":["Compile Driver","Endless Agony+1","Blood for Blood"],"picked":"Blade Dance","floor":29},{"not_picked":["Reprogram","Body Slam","Leg Sweep"],"picked":"PiercingWail","floor":31},{"not_picked":["Metallicize","Conserve Battery","Bludgeon","Slice"],"picked":"SKIP","floor":31},{"not_picked":["Berserk","Electrodynamics","Feed"],"picked":"Venomology","floor":33},{"not_picked":["Gash","Predator","Compile Driver","Dropkick"],"picked":"SKIP","floor":35},{"not_picked":["Backflip+1","Gash","Flechettes","Inflame"],"picked":"SKIP","floor":35},{"not_picked":["Gash+1","Acrobatics","Fire Breathing"],"picked":"Shockwave","floor":36}],"player_experience":530953,"relics_obtained":[{"floor":6,"key":"Dead Branch"},{"floor":8,"key":"Mercury Hourglass"},{"floor":9,"key":"Gremlin Horn"},{"floor":11,"key":"Bag of Preparation"},{"floor":12,"key":"Prayer Wheel"},{"floor":22,"key":"Question Card"},{"floor":25,"key":"Oddly Smooth Stone"},{"floor":26,"key":"Dream Catcher"},{"floor":27,"key":"Paper Frog"},{"floor":36,"key":"Torii"}],"event_choices":[{"damage_healed":0,"gold_gain":0,"player_choice":"Trade","damage_taken":0,"relics_obtained":["SsserpentHead"],"max_hp_gain":0,"max_hp_loss":0,"event_name":"FaceTrader","floor":2,"gold_loss":0},{"damage_healed":0,"gold_gain":0,"cards_transformed":["Steam"],"player_choice":"Change","damage_taken":0,"max_hp_gain":0,"max_hp_loss":0,"event_name":"Living Wall","floor":5,"gold_loss":0,"cards_obtained":["Catalyst"]},{"damage_healed":0,"gold_gain":0,"player_choice":"Obtained Relic","damage_taken":0,"relics_obtained":["MawBank"],"max_hp_gain":0,"max_hp_loss":0,"event_name":"Addict","floor":20,"gold_loss":85},{"damage_healed":0,"gold_gain":0,"cards_transformed":["Defend_R"],"player_choice":"Transformed","damage_taken":0,"max_hp_gain":0,"max_hp_loss":0,"event_name":"Transmorgrifier","floor":21,"gold_loss":0,"cards_obtained":["Warcry"]},{"damage_healed":0,"gold_gain":0,"player_choice":"Fight","damage_taken":0,"max_hp_gain":0,"max_hp_loss":0,"event_name":"Mysterious Sphere","floor":36,"gold_loss":0},{"damage_healed":0,"gold_gain":0,"player_choice":"Embrace Madness","damage_taken":11,"max_hp_gain":0,"max_hp_loss":0,"event_name":"Winding Halls","floor":37,"gold_loss":0,"cards_obtained":["Madness","Madness"]}],"is_beta":false,"boss_relics":[{"not_picked":["Runic Dome","Coffee Dripper"],"picked":"Empty Cage"},{"not_picked":["Orrery","Snecko Eye"],"picked":"Astrolabe"}],"items_purged_floors":[19,30],"is_endless":false,"potions_floor_spawned":[1,6,12,16,18,25,29,33],"killed_by":"3 Shapes","ascension_level":0}