{"gold_per_floor":[109,122,122,133,33,33,108,120,144,144,161,161,336,336,336,438,438,454,529,272,51,66,94,94,111,134,144,163,178,193,193,193,296,296,316,316,316,316,166,166],"floor_reached":40,"playtime":3777,"items_purged":["Strike_R","Doubt","Strike_R","Strike_R+1"],"score":396,"play_id":"6ac39ee8-fa4f-46d7-aef0-7dcfdc215f46","local_time":"20190127120518","is_ascension_mode":false,"campfire_choices":[{"data":"Hemokinesis","floor":6.0,"key":"SMITH"},{"data":"Bash","floor":10.0,"key":"SMITH"},{"data":"Flex","floor":12.0,"key":"SMITH"},{"data":"True Grit","floor":15.0,"key":"SMITH"},{"floor":24.0,"key":"REST"},{"floor":32,"key":"REST"}],"neow_cost":"CURSE","seed_source_timestamp":1383816591106444,"circlet_count":0,"master_deck":["Strike_R+1","Strike_R+1","Defend_R+1","Defend_R+1","Defend_R+1","Defend_R+1","Bash+1","Clash","Hemokinesis+1","Searing Blow","True Grit+1","Reaper","Warcry+1","Panacea","Clothesline+1","Demon Form","Combust","Shrug It Off+1","Clash+1","Inflame","Heavy Blade","Double Tap","Clash+1","Madness","Madness"],"special_seed":0,"relics":["Burning Blood","Champion Belt","Regal Pillow","Fusion Hammer","Anchor","Bag of Preparation","Lantern","Mark of Pain"],"potions_floor_usage":[33],"damage_taken":[{"damage":7.0,"enemies":"Cultist","floor":1.0,"turns":5.0},{"damage":6.0,"enemies":"Jaw Worm","floor":2.0,"turns":4.0},{"damage":0.0,"enemies":"2 Louse","floor":4.0,"turns":3.0},{"damage":2.0,"enemies":"Large Slime","floor":8.0,"turns":3.0},{"damage":16.0,"enemies":"Exordium Thugs","floor":11.0,"turns":4.0},{"damage":61.0,"enemies":"The Guardian","floor":16.0,"turns":11.0},{"damage":12.0,"enemies":"Shell Parasite","floor":18.0,"turns":5.0},{"damage":2.0,"enemies":"Chosen","floor":22.0,"turns":4.0},{"damage":29.0,"enemies":"Slavers","floor":23.0,"turns":6.0},{"damage":19.0,"enemies":"Centurion and Healer","floor":25.0,"turns":6.0},{"damage":2.0,"enemies":"Snecko","floor":27.0,"turns":3.0},{"damage":17.0,"enemies":"Snake Plant","floor":28.0,"turns":5.0},{"damage":5.0,"enemies":"Centurion and Healer","floor":29.0,"turns":5.0},{"damage":5.0,"enemies":"Chosen and Byrds","floor":30.0,"turns":5.0},{"damage":87,"enemies":"Collector","floor":33,"turns":12},{"damage":4,"enemies":"Orb Walker","floor":35,"turns":3},{"damage":84,"enemies":"Nemesis","floor":40,"turns":6}],"seed_played":"7797053254467824048","potions_obtained":[{"floor":1.0,"key":"Dexterity Potion"},{"floor":2.0,"key":"Fire Potion"},{"floor":18.0,"key":"Swift Potion"},{"floor":25.0,"key":"AttackPotion"},{"floor":28.0,"key":"PowerPotion"},{"floor":33,"key":"SteroidPotion"},{"floor":35,"key":"SpeedPotion"}],"is_trial":false,"path_per_floor":["M","M","?","M","$","R","?","M","T","R","M","R","?","?","R","B",null,"M","?","$","$","M","E","R","M","T","M","M","M","M","?","R","B",null,"M","?","?","?","$","E"],"character_chosen":"IRONCLAD","items_purchased":["Flex","Anchor","Panacea"],"campfire_rested":2,"item_purchase_floors":[5,20,21],"current_hp_per_floor":[79,79,72,78,78,78,67,71,71,71,61,61,61,66,66,11,80,74,66,66,66,74,51,80,67,67,71,64,65,66,66,80,10,80,80,70,70,70,70,0],"gold":166,"neow_bonus":"ONE_RARE_RELIC","is_prod":false,"is_daily":false,"chose_seed":false,"campfire_upgraded":4,"win_rate":0.0,"timestamp":1548608718,"path_taken":["M","?","?","M","$","R","?","M","T","R","M","R","?","?","R","BOSS","M","?","?","$","M","E","R","M","T","?","M","M","M","?","R","BOSS","M","?","?","?","?","E"],"build_version":"2019-01-23","purchased_purges":4,"victory":false,"max_hp_per_floor":[80,80,80,80,80,80,80,80,80,80,80,80,80,80,80,80,80,80,80,80,80,80,80,80,80,80,80,80,80,80,80,80,80,80,80,80,80,80,80,80],"card_choices":[{"not_picked":["Warcry","Thunderclap"],"picked":"Clash","floor":1.0},{"not_picked":["Twin Strike","Anger"],"picked":"Burning Pact","floor":2.0},{"not_picked":["Armaments","Pommel Strike"],"picked":"Hemokinesis","floor":4.0},{"not_picked":["Twin Strike","Second Wind"],"picked":"Searing Blow","floor":8.0},{"not_picked":["Twin Strike","Corruption"],"picked":"True Grit","floor":11.0},{"not_picked":["Bludgeon","Fiend Fire"],"picked":"Reaper","floor":16.0},{"not_picked":["Headbutt+1","True Grit"],"picked":"Warcry+1","floor":18.0},{"not_picked":["Thunderclap","Shockwave+1"],"picked":"Clothesline+1","floor":22.0},{"not_picked":["Hemokinesis","Combust"],"picked":"Demon Form","floor":23.0},{"not_picked":["Evolve","Whirlwind"],"picked":"Combust","floor":25.0},{"not_picked":["Perfected Strike","Reckless Charge"],"picked":"Shrug It Off+1","floor":27.0},{"not_picked":["Body Slam","Rage"],"picked":"Clash+1","floor":28.0},{"not_picked":["Evolve","Warcry"],"picked":"Inflame","floor":29.0},{"not_picked":["Wild Strike","Shockwave"],"picked":"Heavy Blade","floor":30.0},{"not_picked":["Offering","Fiend Fire"],"picked":"Double Tap","floor":33},{"not_picked":["Sword Boomerang+1","Feel No Pain"],"picked":"Clash+1","floor":35}],"player_experience":21439,"relics_obtained":[{"floor":9.0,"key":"Regal Pillow"},{"floor":23.0,"key":"Bag of Preparation"},{"floor":26.0,"key":"Lantern"}],"event_choices":[{"cards_removed":["Injury"],"damage_healed":0.0,"max_hp_gain":0.0,"max_hp_loss":0.0,"gold_gain":0.0,"event_name":"Golden Wing","player_choice":"Card Removal","floor":3.0,"gold_loss":0.0,"damage_taken":7.0},{"damage_healed":0.0,"max_hp_gain":0.0,"max_hp_loss":0.0,"gold_gain":75.0,"event_name":"World of Goop","player_choice":"Gather Gold","floor":7.0,"gold_loss":0.0,"damage_taken":11.0},{"damage_healed":0.0,"max_hp_gain":0.0,"max_hp_loss":0.0,"gold_gain":175.0,"event_name":"Liars Game","player_choice":"AGREE","floor":13.0,"gold_loss":0.0,"damage_taken":0.0,"cards_obtained":["Doubt"]},{"cards_removed":["Flex"],"damage_healed":5.0,"max_hp_gain":0.0,"max_hp_loss":0.0,"gold_gain":0.0,"event_name":"Bonfire Elementals","player_choice":"Offered Common","floor":14.0,"gold_loss":0.0,"damage_taken":0.0},{"cards_removed":["Flex"],"damage_healed":5.0,"max_hp_gain":0.0,"max_hp_loss":0.0,"gold_gain":0.0,"event_name":"Bonfire Elementals","player_choice":"Offered Special","floor":14.0,"gold_loss":0.0,"damage_taken":0.0},{"damage_healed":0.0,"max_hp_gain":0.0,"max_hp_loss":0.0,"gold_gain":75.0,"event_name":"FaceTrader","player_choice":"Touch","floor":19.0,"gold_loss":0.0,"damage_taken":8.0},{"damage_healed":0.0,"max_hp_gain":0.0,"max_hp_loss":0.0,"gold_gain":0.0,"event_name":"Back to Basics","player_choice":"Simplicity","floor":31.0,"gold_loss":0.0,"damage_taken":0.0,"cards_upgraded":["Strike_R","Strike_R","Strike_R","Defend_R","Defend_R","Defend_R","Defend_R"]},{"damage_healed":0,"gold_gain":0,"player_choice":"Embrace Madness","damage_taken":10,"max_hp_gain":0,"max_hp_loss":0,"event_name":"Winding Halls","floor":36,"gold_loss":0,"cards_obtained":["Madness","Madness"]},{"cards_removed":["Burning Pact"],"damage_healed":0,"gold_gain":0,"player_choice":"Removed Skill","damage_taken":0,"max_hp_gain":0,"max_hp_loss":0,"event_name":"Falling","floor":37,"gold_loss":0},{"damage_healed":0,"gold_gain":0,"player_choice":"Ignored","damage_taken":0,"max_hp_gain":0,"max_hp_loss":0,"event_name":"Tomb of Lord Red Mask","floor":38,"gold_loss":0}],"is_beta":false,"boss_relics":[{"not_picked":["Calling Bell","White Beast Statue"],"picked":"Fusion Hammer"},{"not_picked":["Lizard Tail","Cursed Key"],"picked":"Mark of Pain"}],"items_purged_floors":[5,20,21,39],"is_endless":false,"potions_floor_spawned":[1,2,18,25,28,33,35],"killed_by":"Nemesis","ascension_level":0}