{"gold_per_floor":[410,410,9,9,28,28,39,50,74,74,108,108,127,161,161,234,234,253,282,282,296,70,70,95,95,122,122,122,140,154,179,179,253,253,263,15,35,50,69,69,104,104,130,130,145,165,198,209,209,209],"floor_reached":50,"playtime":5558,"items_purged":["Strike_G","Strike_G"],"score":1354,"play_id":"04830045-c776-4c14-afad-b177776c8809","local_time":"20190317183326","is_ascension_mode":true,"campfire_choices":[{"data":"Skewer","floor":6.0,"key":"SMITH"},{"data":"A Thousand Cuts","floor":10.0,"key":"SMITH"},{"data":"Footwork","floor":12.0,"key":"SMITH"},{"data":"After Image","floor":15.0,"key":"SMITH"},{"floor":23.0,"key":"REST"},{"floor":25.0,"key":"REST"},{"floor":28.0,"key":"REST"},{"floor":32.0,"key":"REST"},{"floor":40.0,"key":"REST"},{"floor":44.0,"key":"RECALL"},{"floor":49,"key":"REST"}],"neow_cost":"TEN_PERCENT_HP_LOSS","seed_source_timestamp":0,"circlet_count":0,"master_deck":["AscendersBane","Defend_G","Defend_G","Defend_G","Defend_G","Defend_G","Strike_G+1","Strike_G","Strike_G","Survivor","Neutralize","Leg Sweep","Endless Agony+1","A Thousand Cuts+1","Neutralize","Footwork+1","Skewer+1","Caltrops","Blur","After Image+1","Burst","Backstab","Apotheosis","Blade Dance","Dodge and Roll","Infinite Blades","Backflip","Doppelganger+1","Blade Dance+1","Well Laid Plans","PiercingWail+1","PiercingWail+1","PiercingWail+1","Doppelganger+1","After Image+1","Backflip+1","Accuracy+1"],"special_seed":0,"relics":["Ring of the Snake","Old Coin","Vajra","Art of War","Whetstone","Shuriken","Fusion Hammer","Red Mask","Omamori","Happy Flower","Toxic Egg 2","Snecko Eye","Centennial Puzzle","Frozen Egg 2"],"potions_floor_usage":[50],"damage_taken":[{"damage":8.0,"enemies":"Jaw Worm","floor":1.0,"turns":6.0},{"damage":0.0,"enemies":"Cultist","floor":5.0,"turns":3.0},{"damage":0.0,"enemies":"Small Slimes","floor":7.0,"turns":2.0},{"damage":0.0,"enemies":"Looter","floor":8.0,"turns":4.0},{"damage":2.0,"enemies":"Lagavulin","floor":11.0,"turns":5.0},{"damage":0.0,"enemies":"Blue Slaver","floor":13.0,"turns":2.0},{"damage":0.0,"enemies":"Gremlin Nob","floor":14.0,"turns":3.0},{"damage":5.0,"enemies":"The Guardian","floor":16.0,"turns":11.0},{"damage":12.0,"enemies":"2 Thieves","floor":18.0,"turns":4.0},{"damage":14.0,"enemies":"Masked Bandits","floor":19.0,"turns":3.0},{"damage":1.0,"enemies":"Shell Parasite","floor":21.0,"turns":4.0},{"damage":42.0,"enemies":"Gremlin Leader","floor":24.0,"turns":7.0},{"damage":19.0,"enemies":"Shelled Parasite and Fungi","floor":29.0,"turns":6.0},{"damage":0.0,"enemies":"Centurion and Healer","floor":30.0,"turns":7.0},{"damage":3.0,"enemies":"Book of Stabbing","floor":31.0,"turns":6.0},{"damage":0.0,"enemies":"Champ","floor":33.0,"turns":12.0},{"damage":3.0,"enemies":"Orb Walker","floor":35.0,"turns":4.0},{"damage":3.0,"enemies":"3 Shapes","floor":37.0,"turns":6.0},{"damage":22.0,"enemies":"Sphere and 2 Shapes","floor":38.0,"turns":4.0},{"damage":10.0,"enemies":"Jaw Worm Horde","floor":39.0,"turns":5.0},{"damage":2.0,"enemies":"Giant Head","floor":41.0,"turns":7.0},{"damage":14.0,"enemies":"Transient","floor":45.0,"turns":6.0},{"damage":17.0,"enemies":"Spire Growth","floor":46.0,"turns":7.0},{"damage":0,"enemies":"Nemesis","floor":47,"turns":14},{"damage":0,"enemies":"Writhing Mass","floor":48,"turns":6},{"damage":38,"enemies":"Donu and Deca","floor":50,"turns":8}],"seed_played":"2505472300378789470","potions_obtained":[{"floor":5.0,"key":"AttackPotion"},{"floor":7.0,"key":"FearPotion"},{"floor":11.0,"key":"Strength Potion"},{"floor":14.0,"key":"SteroidPotion"},{"floor":21.0,"key":"Block Potion"},{"floor":30.0,"key":"Weak Potion"},{"floor":45.0,"key":"SkillPotion"},{"floor":46.0,"key":"LiquidBronze"},{"floor":47,"key":"Swift Potion"},{"floor":48,"key":"FairyPotion"}],"is_trial":false,"path_per_floor":["M","?","$","?","M","R","M","M","T","R","E","R","M","E","R","B",null,"M","?","?","M","$","R","E","R","T","?","R","M","M","E","R","B",null,"M","$","M","M","M","R","E","?","T","R","M","M","E","M","R","B"],"character_chosen":"THE_SILENT","items_purchased":["Vajra","Footwork","Skewer","Apotheosis","Blade Dance","Well Laid Plans","PiercingWail+1"],"campfire_rested":6,"item_purchase_floors":[3,3,3,22,22,36,36],"current_hp_per_floor":[51,51,51,51,51,51,51,51,51,51,49,49,49,49,49,44,56,44,30,30,29,29,47,5,23,23,23,41,22,22,19,37,37,54,51,51,48,26,16,34,32,32,32,32,18,1,1,1,19,0],"gold":209,"neow_bonus":"ONE_RARE_RELIC","is_prod":false,"is_daily":false,"chose_seed":false,"campfire_upgraded":4,"win_rate":0,"timestamp":1552872806,"path_taken":["M","?","?","?","M","R","M","M","T","R","E","R","M","E","R","BOSS","M","?","?","M","$","R","E","R","T","?","R","?","?","E","R","BOSS","M","$","?","M","M","R","E","?","T","R","M","?","E","M","R","BOSS"],"build_version":"2019-03-15","purchased_purges":2,"victory":false,"max_hp_per_floor":[60,60,60,60,60,60,60,60,60,60,60,60,60,60,60,60,60,60,60,60,60,60,60,60,60,60,60,60,60,60,60,60,60,60,60,60,60,60,60,60,60,60,60,60,60,60,60,60,60,60],"card_choices":[{"not_picked":["Acrobatics","Setup"],"picked":"Leg Sweep","floor":1.0},{"not_picked":["Terror","Deadly Poison"],"picked":"Caltrops","floor":5.0},{"not_picked":["Flying Knee","Escape Plan","Deadly Poison"],"picked":"SKIP","floor":7.0},{"not_picked":["Reflex","Flying Knee","Predator"],"picked":"SKIP","floor":8.0},{"not_picked":["Poisoned Stab","Prepared"],"picked":"Blur","floor":11.0},{"not_picked":["Skewer","Dagger Spray","Setup"],"picked":"SKIP","floor":13.0},{"not_picked":["Quick Slash","PiercingWail"],"picked":"After Image","floor":14.0},{"not_picked":["Bullet Time","Grand Finale"],"picked":"Burst","floor":16.0},{"not_picked":["Masterful Stab","Bouncing Flask","Backflip"],"picked":"SKIP","floor":18.0},{"not_picked":["Masterful Stab","Bouncing Flask","Backflip"],"picked":"SKIP","floor":18.0},{"not_picked":["Bouncing Flask","Accuracy"],"picked":"Backstab","floor":19.0},{"not_picked":["Dash","Expertise","Crippling Poison"],"picked":"SKIP","floor":21.0},{"not_picked":["Concentrate","Bane"],"picked":"Dodge and Roll","floor":24.0},{"not_picked":["Choke","Outmaneuver","Underhanded Strike"],"picked":"SKIP","floor":29.0},{"not_picked":["Bane","Dodge and Roll"],"picked":"Backflip","floor":30.0},{"not_picked":["Expertise","Dagger Throw+1","Quick Slash"],"picked":"SKIP","floor":31.0},{"not_picked":["Unload","Die Die Die"],"picked":"Doppelganger+1","floor":33.0},{"not_picked":["Finisher","Deadly Poison+1"],"picked":"Blade Dance+1","floor":35.0},{"not_picked":["Backflip+1","Blade Dance+1"],"picked":"PiercingWail+1","floor":37.0},{"not_picked":["Distraction+1","Bane","Sucker Punch+1"],"picked":"SKIP","floor":38.0},{"not_picked":["Leg Sweep+1","Tools of the Trade"],"picked":"PiercingWail+1","floor":39.0},{"not_picked":["Reflex+1","Tactician+1"],"picked":"Doppelganger+1","floor":41.0},{"not_picked":["Bane","Tactician+1","Flying Knee"],"picked":"SKIP","floor":45.0},{"not_picked":["Blur+1","Reflex+1"],"picked":"Backflip+1","floor":46.0},{"not_picked":["Poisoned Stab+1","Bane"],"picked":"Accuracy+1","floor":47},{"not_picked":["Poisoned Stab","Slice","Bane"],"picked":"SKIP","floor":48}],"player_experience":1378746,"relics_obtained":[{"floor":9.0,"key":"Art of War"},{"floor":11.0,"key":"Whetstone"},{"floor":14.0,"key":"Shuriken"},{"floor":19.0,"key":"Red Mask"},{"floor":24.0,"key":"Omamori"},{"floor":26.0,"key":"Happy Flower"},{"floor":31.0,"key":"Toxic Egg 2"},{"floor":41.0,"key":"Centennial Puzzle"},{"floor":47,"key":"Frozen Egg 2"}],"event_choices":[{"damage_healed":0.0,"max_hp_gain":0.0,"max_hp_loss":0.0,"gold_gain":0.0,"event_name":"Match and Keep!","player_choice":"3 cards matched","floor":2.0,"gold_loss":0.0,"damage_taken":0.0,"cards_obtained":["Endless Agony","A Thousand Cuts","Neutralize"]},{"damage_healed":0.0,"max_hp_gain":0.0,"max_hp_loss":0.0,"gold_gain":0.0,"event_name":"Liars Game","player_choice":"Ignored","floor":4.0,"gold_loss":0.0,"damage_taken":0.0},{"damage_healed":0.0,"max_hp_gain":0.0,"max_hp_loss":0.0,"gold_gain":0.0,"event_name":"Masked Bandits","player_choice":"Fought Bandits","floor":19.0,"gold_loss":0.0,"damage_taken":0.0},{"damage_healed":0.0,"max_hp_gain":0.0,"max_hp_loss":0.0,"gold_gain":0.0,"event_name":"The Mausoleum","player_choice":"Ignored","floor":20.0,"gold_loss":0.0,"damage_taken":0.0},{"damage_healed":0.0,"max_hp_gain":0.0,"max_hp_loss":0.0,"gold_gain":0.0,"event_name":"The Library","player_choice":"Read","floor":27.0,"gold_loss":0.0,"damage_taken":0.0,"cards_obtained":["Infinite Blades"]},{"damage_healed":0.0,"max_hp_gain":0.0,"max_hp_loss":0.0,"gold_gain":0.0,"event_name":"Duplicator","player_choice":"Copied","floor":42.0,"gold_loss":0.0,"damage_taken":0.0,"cards_obtained":["After Image"]}],"is_beta":true,"boss_relics":[{"not_picked":["Philosopher\u0027s Stone","Velvet Choker"],"picked":"Fusion Hammer"},{"not_picked":["Coffee Dripper","Lizard Tail"],"picked":"Snecko Eye"}],"items_purged_floors":[3,36],"is_endless":false,"potions_floor_spawned":[5,7,11,14,16,18,21,30,35,37,45,46,47,48],"killed_by":"Donu and Deca","ascension_level":20}