{"gold_per_floor":[115,131,131,231,251,251,271,271,271,286,320,320,21,48,48,127,127,144,156,170,170,39,39,66,66,66,66,101,112,112,125,125,199,199,212,112,112,165,184,217,235,40,40,73,73,107,107,107,107,107,107,107,31,31],"floor_reached":54,"playtime":4639,"items_purged":["Strike_G","Normality","Defend_G"],"score":1297,"play_id":"dae2a59c-fd51-42f3-830c-13866606f995","local_time":"20190209155616","is_ascension_mode":true,"campfire_choices":[{"data":"A Thousand Cuts","floor":6,"key":"SMITH"},{"data":"Cloak And Dagger","floor":8,"key":"SMITH"},{"data":"Terror","floor":12,"key":"SMITH"},{"floor":15,"key":"REST"},{"data":"Footwork","floor":23,"key":"SMITH"},{"data":"Neutralize","floor":25,"key":"SMITH"},{"data":"Sucker Punch","floor":27,"key":"SMITH"},{"data":"Leg Sweep","floor":30,"key":"SMITH"},{"data":"Survivor","floor":32,"key":"SMITH"},{"floor":45,"key":"RECALL"},{"data":"Infinite Blades","floor":47,"key":"SMITH"},{"data":"After Image","floor":49,"key":"SMITH"},{"data":"Accuracy","floor":52,"key":"SMITH"}],"neow_cost":"NONE","seed_source_timestamp":10999973120892,"circlet_count":0,"master_deck":["AscendersBane","Defend_G","Defend_G","Defend_G","Defend_G","Survivor+1","Neutralize+1","A Thousand Cuts+1","Dagger Spray","Well Laid Plans","Cloak And Dagger+1","Sucker Punch+1","Terror+1","Leg Sweep+1","Heel Hook+1","Footwork+1","Die Die Die+1","Blur","Sucker Punch+1","Bite+1","Bite+1","Bite+1","Bite+1","Flash of Steel+1","Accuracy+1","Finisher+1","Cloak And Dagger+1","After Image+1","Blade Dance+1","Adrenaline+1","Escape Plan+1","Infinite Blades+1","Choke+1"],"relics":["Ring of the Serpent","Mummified Hand","Molten Egg 2","Strawberry","Letter Opener","Cursed Key","Toxic Egg 2","Meat on the Bone","Blue Candle","The Specimen","Boot","Kunai","Shuriken"],"potions_floor_usage":[11,14,20,24,31,33,33,40,40,50,54],"damage_taken":[{"damage":0,"enemies":"Jaw Worm","floor":1,"turns":6},{"damage":0,"enemies":"Cultist","floor":2,"turns":5},{"damage":0,"enemies":"Small Slimes","floor":5,"turns":3},{"damage":8,"enemies":"Blue Slaver","floor":7,"turns":5},{"damage":2,"enemies":"Exordium Wildlife","floor":10,"turns":4},{"damage":19,"enemies":"Gremlin Nob","floor":11,"turns":4},{"damage":12,"enemies":"Lagavulin","floor":14,"turns":7},{"damage":2,"enemies":"Hexaghost","floor":16,"turns":12},{"damage":4,"enemies":"Shell Parasite","floor":18,"turns":4},{"damage":0,"enemies":"3 Byrds","floor":19,"turns":2},{"damage":6,"enemies":"3 Cultists","floor":20,"turns":4},{"damage":3,"enemies":"Gremlin Leader","floor":24,"turns":7},{"damage":16,"enemies":"Slavers","floor":28,"turns":4},{"damage":20,"enemies":"Shelled Parasite and Fungi","floor":29,"turns":5},{"damage":11,"enemies":"Centurion and Healer","floor":31,"turns":5},{"damage":26,"enemies":"Champ","floor":33,"turns":15},{"damage":2,"enemies":"3 Shapes","floor":35,"turns":5},{"damage":36,"enemies":"2 Orb Walkers","floor":38,"turns":7},{"damage":0,"enemies":"Orb Walker","floor":39,"turns":2},{"damage":0,"enemies":"Reptomancer","floor":40,"turns":6},{"damage":15,"enemies":"Sphere and 2 Shapes","floor":41,"turns":3},{"damage":4,"enemies":"Nemesis","floor":44,"turns":5},{"damage":16,"enemies":"Reptomancer","floor":46,"turns":4},{"damage":17,"enemies":"Donu and Deca","floor":50,"turns":6},{"damage":52,"enemies":"Shield and Spear","floor":54,"turns":3}],"seed_played":"-2609593691661656847","potions_obtained":[{"floor":7,"key":"AttackPotion"},{"floor":11,"key":"Strength Potion"},{"floor":14,"key":"GhostInAJar"},{"floor":19,"key":"SteroidPotion"},{"floor":20,"key":"SpeedPotion"},{"floor":28,"key":"Dexterity Potion"},{"floor":31,"key":"Swift Potion"},{"floor":38,"key":"Strength Potion"},{"floor":39,"key":"SteroidPotion"},{"floor":44,"key":"Ancient Potion"}],"is_trial":false,"path_per_floor":["M","M","?","?","M","R","M","R","T","M","E","R","$","E","R","B",null,"M","M","M","?","$","R","E","R","T","R","E","M","R","M","R","B",null,"M","$","?","?","M","E","M","$","T","E","R","E","R","?","R","B",null,"R","$","E"],"character_chosen":"THE_SILENT","items_purchased":["Heel Hook+1","Strawberry","Flash of Steel+1","Accuracy","Infinite Blades","EssenceOfSteel"],"campfire_rested":1,"item_purchase_floors":[13,13,22,22,42,53],"current_hp_per_floor":[63,63,56,56,56,56,48,48,48,46,27,27,34,22,45,43,69,65,65,59,53,53,53,53,53,53,53,43,35,35,36,36,46,51,53,53,53,29,32,47,38,38,38,46,46,42,42,42,42,40,48,48,48,0],"gold":31,"neow_bonus":"ONE_RANDOM_RARE_CARD","is_prod":false,"is_daily":false,"chose_seed":false,"campfire_upgraded":11,"win_rate":0,"timestamp":1549756576,"path_taken":["M","M","?","?","M","R","?","R","T","M","E","R","$","E","R","BOSS","M","M","M","?","$","R","E","R","T","R","E","M","R","M","R","BOSS","M","$","?","?","M","E","M","?","T","E","R","E","R","?","R","BOSS","R","$","E"],"build_version":"2019-01-23","purchased_purges":3,"victory":false,"max_hp_per_floor":[70,70,70,70,70,70,70,70,70,70,70,70,77,77,77,77,77,77,77,77,53,53,53,53,53,53,53,53,53,53,53,53,53,53,53,53,53,53,53,53,53,53,53,53,53,53,53,50,50,50,50,50,50,50],"card_choices":[{"not_picked":["Outmaneuver","Underhanded Strike"],"picked":"Dagger Spray","floor":1},{"not_picked":["Escape Plan","Bane"],"picked":"Well Laid Plans","floor":2},{"not_picked":["Deflect","Blade Dance"],"picked":"Cloak And Dagger","floor":5},{"not_picked":["Reflex","Dodge and Roll"],"picked":"Sucker Punch","floor":7},{"not_picked":["Bane","Tactician"],"picked":"Terror","floor":10},{"not_picked":["Quick Slash","Endless Agony"],"picked":"Leg Sweep","floor":11},{"not_picked":["Outmaneuver","Calculated Gamble"],"picked":"Footwork","floor":14},{"not_picked":["Unload+1","Tools of the Trade"],"picked":"Die Die Die+1","floor":16},{"not_picked":["Well Laid Plans","Dodge and Roll"],"picked":"Blur","floor":18},{"not_picked":["Blade Dance","Cloak And Dagger"],"picked":"Sucker Punch+1","floor":19},{"not_picked":["Tactician","Bane+1","Setup"],"picked":"SKIP","floor":20},{"not_picked":["Footwork","Catalyst"],"picked":"Finisher+1","floor":24},{"not_picked":["Slice+1","Prepared+1","Poisoned Stab+1"],"picked":"SKIP","floor":28},{"not_picked":["Bane+1","Envenom","Quick Slash+1"],"picked":"SKIP","floor":29},{"not_picked":["Setup+1","Underhanded Strike+1"],"picked":"Cloak And Dagger+1","floor":31},{"not_picked":["Night Terror+1","Glass Knife+1"],"picked":"After Image","floor":33},{"not_picked":["Outmaneuver+1","Acrobatics+1","Sucker Punch+1"],"picked":"SKIP","floor":35},{"not_picked":["Deflect+1","Bane+1"],"picked":"Blade Dance+1","floor":38},{"not_picked":["Catalyst+1","Acrobatics+1","Bane+1"],"picked":"SKIP","floor":39},{"not_picked":["Catalyst+1","Acrobatics+1","Bane+1"],"picked":"SKIP","floor":39},{"not_picked":["Glass Knife+1","Flying Knee+1"],"picked":"Adrenaline+1","floor":40},{"not_picked":["Setup+1","Leg Sweep+1"],"picked":"Escape Plan+1","floor":41},{"not_picked":["Bouncing Flask+1","Deflect+1"],"picked":"Choke+1","floor":44},{"not_picked":["Underhanded Strike+1","Footwork","Catalyst+1"],"picked":"SKIP","floor":46}],"player_experience":434653,"relics_obtained":[{"floor":9,"key":"Mummified Hand"},{"floor":11,"key":"Molten Egg 2"},{"floor":14,"key":"Letter Opener"},{"floor":24,"key":"Toxic Egg 2"},{"floor":26,"key":"Meat on the Bone"},{"floor":28,"key":"Blue Candle"},{"floor":38,"key":"The Specimen"},{"floor":40,"key":"Boot"},{"floor":44,"key":"Kunai"},{"floor":46,"key":"Shuriken"}],"event_choices":[{"cards_removed":["Strike_G"],"damage_healed":0,"gold_gain":0,"player_choice":"Card Removal","damage_taken":7,"max_hp_gain":0,"max_hp_loss":0,"event_name":"Golden Wing","floor":3,"gold_loss":0},{"damage_healed":0,"gold_gain":100,"player_choice":"Pray","damage_taken":0,"max_hp_gain":0,"max_hp_loss":0,"event_name":"Golden Shrine","floor":4,"gold_loss":0},{"damage_healed":0,"gold_gain":0,"player_choice":"Became a vampire","damage_taken":0,"max_hp_gain":0,"max_hp_loss":24,"event_name":"Vampires","floor":21,"gold_loss":0,"cards_obtained":["Bite","Bite","Bite","Bite","Bite"]},{"cards_removed":["Bite"],"damage_healed":0,"gold_gain":0,"player_choice":"Removed Attack","damage_taken":0,"max_hp_gain":0,"max_hp_loss":0,"event_name":"Falling","floor":37,"gold_loss":0},{"damage_healed":0,"gold_gain":0,"player_choice":"Fight","damage_taken":0,"max_hp_gain":0,"max_hp_loss":0,"event_name":"Mysterious Sphere","floor":38,"gold_loss":0},{"cards_removed":["Parasite"],"damage_healed":0,"gold_gain":0,"player_choice":"Purged","damage_taken":0,"max_hp_gain":0,"max_hp_loss":0,"event_name":"Purifier","floor":48,"gold_loss":0}],"is_beta":false,"boss_relics":[{"not_picked":["White Beast Statue","Runic Pyramid"],"picked":"Cursed Key"},{"not_picked":["Pandora\u0027s Box","Busted Crown"],"picked":"Ring of the Serpent"}],"items_purged_floors":[13,36,42],"is_endless":false,"potions_floor_spawned":[7,11,14,19,20,28,31,38,39,44],"killed_by":"Shield and Spear","ascension_level":13}