{"gold_per_floor":[115,62,62,82,94,94,121,133,133,165,165,165,175,202,202,275,275,291,301,321,321],"floor_reached":21,"playtime":1004,"items_purged":[],"score":372,"play_id":"6235fb8b-efe1-4973-b156-345e51281a39","local_time":"20190212205334","is_ascension_mode":true,"campfire_choices":[{"data":"Cloak And Dagger","floor":6,"key":"SMITH"},{"floor":12,"key":"REST"},{"floor":15,"key":"REST"}],"neow_cost":"NONE","seed_source_timestamp":5098122744914,"circlet_count":0,"master_deck":["AscendersBane","Defend_G","Defend_G+1","Defend_G","Defend_G","Defend_G","Strike_G+1","Strike_G","Strike_G","Strike_G","Survivor","Neutralize","Cloak And Dagger+1","Sucker Punch","Infinite Blades","All Out Attack","Dagger Spray","Deadly Poison+1","Glass Knife","Dodge and Roll+1","Adrenaline+1","Backflip+1","PiercingWail+1","Cloak And Dagger+1"],"relics":["Ring of the Snake","NeowsBlessing","Bottled Tornado","Toxic Egg 2","Gremlin Horn","The Courier","Cursed Key"],"potions_floor_usage":[7,14,16,19],"damage_taken":[{"damage":0,"enemies":"Cultist","floor":1,"turns":1},{"damage":0,"enemies":"Jaw Worm","floor":4,"turns":1},{"damage":0,"enemies":"Small Slimes","floor":5,"turns":1},{"damage":9,"enemies":"Gremlin Nob","floor":7,"turns":4},{"damage":3,"enemies":"Blue Slaver","floor":8,"turns":4},{"damage":26,"enemies":"Lagavulin","floor":10,"turns":7},{"damage":0,"enemies":"Looter","floor":13,"turns":4},{"damage":11,"enemies":"Gremlin Nob","floor":14,"turns":4},{"damage":13,"enemies":"The Guardian","floor":16,"turns":12},{"damage":0,"enemies":"3 Byrds","floor":18,"turns":2},{"damage":6,"enemies":"Chosen","floor":19,"turns":5},{"damage":27,"enemies":"Centurion and Healer","floor":20,"turns":8},{"damage":7,"enemies":"Chosen and Byrds","floor":21,"turns":5}],"seed_played":"4011379568271066400","potions_obtained":[{"floor":10,"key":"SkillPotion"},{"floor":14,"key":"Poison Potion"},{"floor":16,"key":"Strength Potion"},{"floor":18,"key":"Block Potion"},{"floor":20,"key":"Energy Potion"}],"is_trial":false,"path_per_floor":["M","$","?","M","M","R","E","M","T","E","?","R","M","E","R","B",null,"M","M","M","M"],"character_chosen":"THE_SILENT","items_purchased":["Fire Potion"],"campfire_rested":2,"item_purchase_floors":[2],"current_hp_per_floor":[59,59,39,39,39,39,30,27,27,1,1,20,20,9,28,15,53,53,47,20,13],"gold":321,"neow_bonus":"THREE_ENEMY_KILL","is_prod":false,"is_daily":false,"chose_seed":false,"campfire_upgraded":1,"win_rate":0,"timestamp":1550033614,"path_taken":["M","?","?","M","M","R","E","M","T","E","?","R","?","E","R","BOSS","M","M","M","M"],"build_version":"2019-01-23","purchased_purges":0,"victory":false,"max_hp_per_floor":[66,66,66,66,66,66,66,66,66,66,66,66,66,66,66,66,66,66,66,66,66],"card_choices":[{"not_picked":["Underhanded Strike","Prepared"],"picked":"Cloak And Dagger","floor":1},{"not_picked":["Skewer","Quick Slash"],"picked":"Sucker Punch","floor":4},{"not_picked":["Deflect","Outmaneuver"],"picked":"Infinite Blades","floor":5},{"not_picked":["Reflex","Bane"],"picked":"All Out Attack","floor":7},{"not_picked":["Flying Knee","Terror"],"picked":"Dagger Spray","floor":8},{"not_picked":["Bane","Catalyst+1"],"picked":"Deadly Poison+1","floor":10},{"not_picked":["Dagger Throw","Dagger Spray"],"picked":"Glass Knife","floor":13},{"not_picked":["Dash","Concentrate+1"],"picked":"Dodge and Roll+1","floor":14},{"not_picked":["Unload","Burst+1"],"picked":"Adrenaline+1","floor":16},{"not_picked":["Bane","Leg Sweep+1"],"picked":"Backflip+1","floor":18},{"not_picked":["Dodge and Roll+1","Blade Dance+1"],"picked":"PiercingWail+1","floor":19},{"not_picked":["Dagger Spray","Concentrate+1"],"picked":"Cloak And Dagger+1","floor":20}],"player_experience":511278,"relics_obtained":[{"floor":7,"key":"Bottled Tornado"},{"floor":9,"key":"Toxic Egg 2"},{"floor":10,"key":"Gremlin Horn"},{"floor":14,"key":"The Courier"}],"event_choices":[{"damage_healed":0,"gold_gain":0,"player_choice":"Entered Light","damage_taken":20,"max_hp_gain":0,"max_hp_loss":0,"event_name":"Shining Light","floor":3,"gold_loss":0,"cards_upgraded":["Strike_G","Defend_G"]},{"cards_removed":["Strike_G"],"damage_healed":0,"gold_gain":0,"player_choice":"Purged","damage_taken":0,"max_hp_gain":0,"max_hp_loss":0,"event_name":"Purifier","floor":11,"gold_loss":0}],"is_beta":false,"boss_relics":[{"not_picked":["Runic Pyramid","Black Star"],"picked":"Cursed Key"}],"items_purged_floors":[],"is_endless":false,"potions_floor_spawned":[10,14,16,18,20],"killed_by":"Chosen and Byrds","ascension_level":17}