{"gold_per_floor":[118,118,131,19,35,70,70,89,161,161,188,198,231,244,244,341,341,351,364,161,161,171,201,214,243,243,243,254,283,296,309,309,309],"floor_reached":33,"playtime":2412,"items_purged":["Strike_R","Strike_R"],"score":356,"play_id":"94f15390-2d15-4084-8f09-d5391b8fed19","local_time":"20190312180115","is_ascension_mode":false,"campfire_choices":[{"data":"True Grit","floor":7,"key":"SMITH"},{"data":"Wild Strike","floor":10,"key":"SMITH"},{"data":"Flame Barrier","floor":15,"key":"SMITH"},{"data":"Power Through","floor":32,"key":"SMITH"}],"neow_cost":"NONE","seed_source_timestamp":19881420791100,"circlet_count":0,"master_deck":["Defend_R","Defend_R","Defend_R","Defend_R","Bash","True Grit+1","Wild Strike+1","Inflame","Iron Wave","Feed","Flame Barrier+1","Heavy Blade+1","Impervious","Bite","Bite","Bite","Bite","Bite","Body Slam","Inflame","Power Through+1"],"relics":["Burning Blood","Regal Pillow","Bird Faced Urn","Ornamental Fan","Smiling Mask","Darkstone Periapt","Busted Crown","Oddly Smooth Stone","Shovel","The Courier","Frozen Egg 2","Dodecahedron"],"potions_floor_usage":[6,6,33,33,33],"damage_taken":[{"damage":3,"enemies":"2 Louse","floor":1,"turns":4},{"damage":3,"enemies":"Jaw Worm","floor":3,"turns":5},{"damage":3,"enemies":"Cultist","floor":5,"turns":4},{"damage":6,"enemies":"Gremlin Nob","floor":6,"turns":3},{"damage":2,"enemies":"Blue Slaver","floor":8,"turns":4},{"damage":38,"enemies":"3 Sentries","floor":11,"turns":13},{"damage":7,"enemies":"Exordium Thugs","floor":12,"turns":5},{"damage":13,"enemies":"Lagavulin","floor":13,"turns":8},{"damage":7,"enemies":"Exordium Wildlife","floor":14,"turns":4},{"damage":31,"enemies":"The Guardian","floor":16,"turns":13},{"damage":8,"enemies":"Shell Parasite","floor":18,"turns":5},{"damage":18,"enemies":"3 Byrds","floor":19,"turns":6},{"damage":5,"enemies":"Snake Plant","floor":22,"turns":4},{"damage":22,"enemies":"Book of Stabbing","floor":23,"turns":7},{"damage":18,"enemies":"Sentry and Sphere","floor":24,"turns":7},{"damage":20,"enemies":"Slavers","floor":25,"turns":7},{"damage":8,"enemies":"Centurion and Healer","floor":28,"turns":11},{"damage":36,"enemies":"Gremlin Leader","floor":29,"turns":8},{"damage":13,"enemies":"Chosen and Byrds","floor":30,"turns":8},{"damage":19,"enemies":"Cultist and Chosen","floor":31,"turns":6},{"damage":110,"enemies":"Champ","floor":33,"turns":13}],"seed_played":"3470154223569548824","potions_obtained":[{"floor":3,"key":"EntropicBrew"},{"floor":6,"key":"LiquidBronze"},{"floor":12,"key":"EssenceOfSteel"},{"floor":29,"key":"EssenceOfSteel"}],"is_trial":false,"path_per_floor":["?","?","?","M"],"character_chosen":"IRONCLAD","items_purchased":["Inflame","Oddly Smooth Stone"],"campfire_rested":0,"item_purchase_floors":[4,20],"current_hp_per_floor":[80,85,85,85,85,85,85,85,85,85,58,62,57,58,58,38,94,97,88,88,70,70,58,64,64,64,64,76,60,71,69,69,0],"gold":309,"neow_bonus":"RANDOM_COMMON_RELIC","is_prod":false,"is_daily":false,"chose_seed":false,"campfire_upgraded":4,"win_rate":0,"timestamp":1552428075,"path_taken":["M","?","M","$","M","E","R","M","T","R","E","M","E","M","R","BOSS","M","M","$","?","M","E","M","E","T","?","?","E","M","M","R","BOSS"],"build_version":"2019-01-23","purchased_purges":2,"victory":false,"max_hp_per_floor":[80,85,85,85,85,85,85,85,85,85,88,91,91,91,91,94,94,97,100,100,70,70,70,70,73,73,73,76,76,76,76,76,76],"card_choices":[{"not_picked":["Heavy Blade","Clash"],"picked":"True Grit","floor":1},{"not_picked":["Cleave","Warcry"],"picked":"Wild Strike","floor":3},{"not_picked":["Pommel Strike","Thunderclap"],"picked":"Iron Wave","floor":5},{"not_picked":["Anger","Corruption","Pummel"],"picked":"SKIP","floor":6},{"not_picked":["Heavy Blade","Havoc"],"picked":"Feed","floor":8},{"not_picked":["Entrench","Clothesline"],"picked":"Flame Barrier","floor":11},{"not_picked":["Anger","Blood for Blood","Sever Soul"],"picked":"SKIP","floor":12},{"not_picked":["Wild Strike","Dual Wield"],"picked":"Heavy Blade","floor":13},{"not_picked":["Pommel Strike","Rupture","Thunderclap"],"picked":"SKIP","floor":14},{"not_picked":["Immolate","Bludgeon"],"picked":"Impervious","floor":16},{"not_picked":["Clothesline"],"picked":"SKIP","floor":18},{"not_picked":["Cleave"],"picked":"SKIP","floor":19},{"not_picked":[],"picked":"Body Slam","floor":22},{"not_picked":[],"picked":"Inflame","floor":23},{"not_picked":[],"picked":"Power Through","floor":24},{"not_picked":["Carnage"],"picked":"SKIP","floor":25},{"not_picked":["Seeing Red+1"],"picked":"SKIP","floor":28},{"not_picked":["Havoc"],"picked":"SKIP","floor":29},{"not_picked":["True Grit"],"picked":"SKIP","floor":30},{"not_picked":["Warcry"],"picked":"SKIP","floor":31}],"player_experience":175675,"relics_obtained":[{"floor":6,"key":"Bird Faced Urn"},{"floor":9,"key":"Ornamental Fan"},{"floor":11,"key":"Smiling Mask"},{"floor":13,"key":"Darkstone Periapt"},{"floor":23,"key":"Shovel"},{"floor":25,"key":"The Courier"},{"floor":26,"key":"Frozen Egg 2"},{"floor":29,"key":"Dodecahedron"}],"event_choices":[{"damage_healed":0,"gold_gain":0,"player_choice":"Donut","damage_taken":0,"max_hp_gain":5,"max_hp_loss":0,"event_name":"Big Fish","floor":2,"gold_loss":0},{"damage_healed":0,"gold_gain":0,"player_choice":"Became a vampire","damage_taken":0,"max_hp_gain":0,"max_hp_loss":30,"event_name":"Vampires","floor":21,"gold_loss":0,"cards_obtained":["Bite","Bite","Bite","Bite","Bite"]},{"damage_healed":0,"gold_gain":0,"player_choice":"Forge","damage_taken":0,"max_hp_gain":0,"max_hp_loss":0,"event_name":"Accursed Blacksmith","floor":27,"gold_loss":0,"cards_upgraded":["Heavy Blade"]}],"is_beta":false,"boss_relics":[{"not_picked":["Black Blood","Coffee Dripper"],"picked":"Busted Crown"}],"items_purged_floors":[4,20],"is_endless":false,"potions_floor_spawned":[3,6,11,12,16,19,29,30],"killed_by":"Champ","ascension_level":0}