{"gold_per_floor":[119,136,136,63,63,94,111,126,150,150,160,176,205,225,225,225],"floor_reached":16,"playtime":864,"items_purged":[],"score":229,"play_id":"2041d2e6-3958-44e5-9e36-53bc69377fde","local_time":"20190209143841","is_ascension_mode":true,"campfire_choices":[{"data":"Noxious Fumes","floor":10,"key":"SMITH"},{"data":"Night Terror","floor":15,"key":"SMITH"}],"neow_cost":"NONE","seed_source_timestamp":10124248698886,"circlet_count":0,"master_deck":["AscendersBane","Defend_G","Defend_G","Defend_G","Defend_G","Defend_G","Strike_G","Strike_G","Strike_G","Strike_G","Strike_G","Survivor","Neutralize","Deadly Poison","Noxious Fumes+1","Acrobatics","Night Terror+1","Backflip"],"relics":["Ring of the Snake","NeowsBlessing","Ancient Tea Set","Regal Pillow","Meat on the Bone","Juzu Bracelet","Boot"],"potions_floor_usage":[12,13,16],"damage_taken":[{"damage":0,"enemies":"Cultist","floor":1,"turns":1},{"damage":0,"enemies":"2 Louse","floor":2,"turns":1},{"damage":0,"enemies":"Lagavulin","floor":6,"turns":2},{"damage":2,"enemies":"Jaw Worm","floor":7,"turns":6},{"damage":16,"enemies":"Exordium Thugs","floor":8,"turns":5},{"damage":10,"enemies":"Blue Slaver","floor":11,"turns":5},{"damage":21,"enemies":"3 Louse","floor":12,"turns":5},{"damage":33,"enemies":"Gremlin Nob","floor":13,"turns":5},{"damage":2,"enemies":"2 Fungi Beasts","floor":14,"turns":5},{"damage":38,"enemies":"Hexaghost","floor":16,"turns":9}],"seed_played":"-7115379262506932848","potions_obtained":[{"floor":6,"key":"Regen Potion"},{"floor":8,"key":"SteroidPotion"},{"floor":11,"key":"Strength Potion"},{"floor":13,"key":"Regen Potion"}],"is_trial":false,"path_per_floor":["M","M","?","$","?","E","M","M","T","R","M","M","E","M","R","B"],"character_chosen":"THE_SILENT","items_purchased":["Noxious Fumes"],"campfire_rested":0,"item_purchase_floors":[4],"current_hp_per_floor":[63,63,63,63,56,56,54,38,38,38,40,46,25,35,35,12],"gold":225,"neow_bonus":"THREE_ENEMY_KILL","is_prod":false,"is_daily":false,"chose_seed":false,"campfire_upgraded":2,"win_rate":0,"timestamp":1549751921,"path_taken":["M","?","?","?","?","E","M","?","T","R","M","M","E","M","R","BOSS"],"build_version":"2019-01-23","purchased_purges":0,"victory":false,"max_hp_per_floor":[70,70,70,70,70,70,70,70,70,70,70,70,70,70,70,70],"card_choices":[{"not_picked":["Blade Dance","Expertise"],"picked":"Deadly Poison","floor":1},{"not_picked":["Underhanded Strike","Finisher"],"picked":"Dagger Spray","floor":2},{"not_picked":["Deflect","Heel Hook"],"picked":"Acrobatics","floor":6},{"not_picked":["Quick Slash","Tactician","Prepared"],"picked":"SKIP","floor":7},{"not_picked":["Outmaneuver","Underhanded Strike"],"picked":"Night Terror","floor":8},{"not_picked":["Underhanded Strike","Dagger Spray","Prepared"],"picked":"SKIP","floor":11},{"not_picked":["Quick Slash","Bane"],"picked":"Backflip","floor":12},{"not_picked":["Underhanded Strike","Backflip","Deflect"],"picked":"SKIP","floor":13},{"not_picked":["Blade Dance","Dagger Spray","Concentrate"],"picked":"SKIP","floor":14}],"player_experience":433789,"relics_obtained":[{"floor":6,"key":"Meat on the Bone"},{"floor":9,"key":"Juzu Bracelet"},{"floor":13,"key":"Boot"}],"event_choices":[{"cards_removed":["Dagger Spray"],"damage_healed":0,"gold_gain":0,"player_choice":"Gave Card","damage_taken":0,"relics_obtained":["Ancient Tea Set"],"max_hp_gain":0,"max_hp_loss":0,"event_name":"WeMeetAgain","floor":3,"gold_loss":0},{"damage_healed":0,"gold_gain":0,"player_choice":"Success","damage_taken":7,"relics_obtained":["Regal Pillow"],"max_hp_gain":0,"max_hp_loss":0,"event_name":"Scrap Ooze","floor":5,"gold_loss":0}],"is_beta":false,"boss_relics":[],"items_purged_floors":[],"is_endless":false,"potions_floor_spawned":[6,8,11,13],"killed_by":"Hexaghost","ascension_level":13}