{"gold_per_floor":[114,133,208,221,221,234,184,197,197,224,236,248,272,295,307,319],"floor_reached":16,"playtime":794,"items_purged":[],"score":104,"play_id":"3b4a484d-a13a-4efc-9c9e-ded384178a40","local_time":"20190208162538","is_ascension_mode":false,"campfire_choices":[{"floor":15,"key":"REST"}],"neow_cost":"NONE","seed_source_timestamp":0,"circlet_count":0,"master_deck":["Strike_B","Strike_B","Strike_B","Defend_B","Defend_B","Defend_B","Zap","Conserve Battery","Coolheaded","Turbo","Gash","Beam Cell","White Noise","Coolheaded","Capacitor"],"special_seed":0,"relics":["Cracked Core","NeowsBlessing","MawBank"],"potions_floor_usage":[13],"damage_taken":[{"damage":0.0,"enemies":"Cultist","floor":1.0,"turns":1.0},{"damage":0.0,"enemies":"2 Louse","floor":2.0,"turns":1.0},{"damage":0.0,"enemies":"Small Slimes","floor":4.0,"turns":1.0},{"damage":6.0,"enemies":"Looter","floor":6.0,"turns":3.0},{"damage":5.0,"enemies":"Exordium Thugs","floor":8.0,"turns":5.0},{"damage":14.0,"enemies":"Lagavulin","floor":10.0,"turns":7.0},{"damage":21,"enemies":"Exordium Wildlife","floor":13,"turns":5},{"damage":17,"enemies":"Lots of Slimes","floor":14,"turns":5},{"damage":23,"enemies":"Slime Boss","floor":16,"turns":8}],"seed_played":"7222787779264337845","potions_obtained":[{"floor":8.0,"key":"Dexterity Potion"},{"floor":10.0,"key":"Poison Potion"},{"floor":13,"key":"SneckoOil"}],"is_trial":false,"path_per_floor":["M","M","?","M","?","M","?","M","T","E","$","?","M","M","R","B"],"character_chosen":"DEFECT","items_purchased":[],"campfire_rested":1,"item_purchase_floors":[],"current_hp_per_floor":[75,75,64,64,64,58,58,53,53,39,39,39,18,1,23,0],"gold":319,"neow_bonus":"THREE_ENEMY_KILL","is_prod":false,"is_daily":false,"chose_seed":false,"campfire_upgraded":0,"win_rate":0,"timestamp":1549661138,"path_taken":["M","?","?","M","?","M","?","?","T","E","$","?","?","M","R","BOSS"],"build_version":"2019-01-23","purchased_purges":0,"victory":false,"max_hp_per_floor":[75,75,75,75,75,75,75,75,75,75,75,75,75,75,75,75],"card_choices":[{"not_picked":["Sweeping Beam","Compile Driver","Ball Lightning"],"picked":"SKIP","floor":1.0},{"not_picked":["Barrage","Sweeping Beam"],"picked":"Conserve Battery","floor":2.0},{"not_picked":["Barrage","Go for the Eyes"],"picked":"Coolheaded","floor":4.0},{"not_picked":["Redo","Go for the Eyes"],"picked":"Turbo","floor":6.0},{"not_picked":["Cold Snap","Stack"],"picked":"Gash","floor":8.0},{"not_picked":["Compile Driver","Lockon"],"picked":"Beam Cell","floor":10.0},{"not_picked":["Seek","Stack"],"picked":"Coolheaded","floor":13},{"not_picked":["Hologram","Chaos"],"picked":"Capacitor","floor":14}],"player_experience":165187,"relics_obtained":[{"floor":10.0,"key":"MawBank"}],"event_choices":[{"damage_healed":0.0,"max_hp_gain":0.0,"max_hp_loss":0.0,"gold_gain":75.0,"event_name":"World of Goop","player_choice":"Gather Gold","floor":3.0,"gold_loss":0.0,"damage_taken":11.0},{"cards_removed":["Dualcast"],"damage_healed":0.0,"max_hp_gain":0.0,"max_hp_loss":0.0,"gold_gain":0.0,"event_name":"Living Wall","player_choice":"Forget","floor":5.0,"gold_loss":0.0,"damage_taken":0.0},{"cards_removed":["Defend_B"],"damage_healed":0.0,"max_hp_gain":0.0,"max_hp_loss":0.0,"gold_gain":0.0,"event_name":"The Cleric","player_choice":"Card Removal","floor":7.0,"gold_loss":50.0,"damage_taken":0.0},{"damage_healed":0.0,"max_hp_gain":0.0,"max_hp_loss":0.0,"gold_gain":0.0,"cards_transformed":["Strike_B"],"event_name":"Transmorgrifier","player_choice":"Transformed","floor":12.0,"gold_loss":0.0,"damage_taken":0.0,"cards_obtained":["White Noise"]}],"is_beta":false,"boss_relics":[],"items_purged_floors":[],"is_endless":false,"potions_floor_spawned":[8,10,13],"killed_by":"Slime Boss","ascension_level":0}