{"gold_per_floor":[114,132,144,156,156,156,167,167,167,167,181,206,235,267,297,402,402,415,430,430,141,156,156,66,84,84,84],"floor_reached":27,"playtime":1362,"items_purged":["Defend_G"],"score":225,"play_id":"6da9bb13-1caf-47f9-8039-60a272b6bbd8","local_time":"20190102063709","is_ascension_mode":false,"campfire_choices":[{"data":"Bouncing Flask","floor":6,"key":"SMITH"},{"data":"Poisoned Stab","floor":8,"key":"SMITH"},{"floor":15,"key":"DIG"},{"data":"Catalyst","floor":23,"key":"SMITH"}],"neow_cost":"NONE","seed_source_timestamp":1078871735560861,"circlet_count":0,"master_deck":["Defend_G","Defend_G","Defend_G","Defend_G+1","Strike_G","Strike_G","Strike_G","Survivor","Neutralize+1","Deflect","Bouncing Flask+1","Escape Plan","Poisoned Stab+1","Bouncing Flask+1","Flying Knee","Tools of the Trade","PiercingWail","Outmaneuver","Night Terror","Poisoned Stab","Neutralize","Distraction","Catalyst+1","Deadly Poison"],"relics":["Ring of the Snake","Meat on the Bone","Dream Catcher","Odd Mushroom","Shovel","Tiny Chest","Eternal Feather","Oddly Smooth Stone","Boot"],"potions_floor_usage":[11,13,14,19],"damage_taken":[{"damage":2,"enemies":"Small Slimes","floor":1,"turns":5},{"damage":1,"enemies":"2 Louse","floor":2,"turns":2},{"damage":0,"enemies":"Cultist","floor":3,"turns":4},{"damage":5,"enemies":"Large Slime","floor":4,"turns":6},{"damage":2,"enemies":"2 Fungi Beasts","floor":7,"turns":4},{"damage":6,"enemies":"Gremlin Gang","floor":11,"turns":4},{"damage":18,"enemies":"3 Sentries","floor":12,"turns":9},{"damage":12,"enemies":"The Mushroom Lair","floor":13,"turns":5},{"damage":15,"enemies":"Gremlin Nob","floor":14,"turns":4},{"damage":16,"enemies":"Hexaghost","floor":16,"turns":8},{"damage":15,"enemies":"Chosen","floor":18,"turns":6},{"damage":28,"enemies":"3 Byrds","floor":19,"turns":7},{"damage":19,"enemies":"Shelled Parasite and Fungi","floor":22,"turns":8},{"damage":0,"enemies":"Snecko","floor":25,"turns":4},{"damage":47,"enemies":"Cultist and Chosen","floor":27,"turns":6}],"seed_played":"1417512263034109112","potions_obtained":[{"floor":1,"key":"Dexterity Potion"},{"floor":2,"key":"Strength Potion"},{"floor":4,"key":"PowerPotion"},{"floor":16,"key":"GamblersBrew"},{"floor":19,"key":"SpeedPotion"}],"is_trial":false,"path_per_floor":["M","M","M","M","?","R","M","R","T","?","M","E","?","E","R","B",null,"M","M","?","$","M","R","?","M","T","M"],"character_chosen":"THE_SILENT","items_purchased":["Catalyst","Oddly Smooth Stone"],"campfire_rested":0,"item_purchase_floors":[21,21],"current_hp_per_floor":[68,67,67,62,48,48,46,46,46,46,40,34,34,31,31,27,70,55,39,39,39,32,44,44,44,44,0],"gold":84,"neow_bonus":"THREE_CARDS","is_prod":false,"is_daily":false,"chose_seed":false,"campfire_upgraded":3,"win_rate":0,"timestamp":1546378629,"path_taken":["M","M","M","M","?","R","M","R","T","?","?","E","?","E","R","BOSS","M","M","?","$","?","R","?","M","T","?"],"build_version":"2018-12-20","purchased_purges":1,"victory":false,"max_hp_per_floor":[70,70,70,70,70,70,70,70,70,70,70,70,70,70,70,70,70,70,70,70,70,70,70,70,70,70,70],"card_choices":[{"not_picked":["Eviscerate","Skewer"],"picked":"Deflect","floor":0},{"not_picked":["Setup","Bane"],"picked":"Bouncing Flask","floor":1},{"not_picked":["Deflect","Masterful Stab"],"picked":"Escape Plan","floor":2},{"not_picked":["Blade Dance","Cloak And Dagger"],"picked":"Poisoned Stab","floor":3},{"not_picked":["Deadly Poison","Flying Knee"],"picked":"Bouncing Flask","floor":4},{"not_picked":["Finisher","Infinite Blades"],"picked":"Flying Knee","floor":7},{"not_picked":["Unload","Blade Dance","Deflect"],"picked":"SKIP","floor":11},{"not_picked":["Dagger Spray","Dagger Throw","Calculated Gamble"],"picked":"SKIP","floor":12},{"not_picked":["Dagger Spray","Choke"],"picked":"PiercingWail","floor":13},{"not_picked":["Dodge and Roll","Flying Knee"],"picked":"Outmaneuver","floor":14},{"not_picked":["Unload","Corpse Explosion"],"picked":"Night Terror","floor":16},{"not_picked":["Flying Knee","Cloak And Dagger"],"picked":"Poisoned Stab","floor":18},{"not_picked":["Outmaneuver","Flying Knee","Dagger Spray"],"picked":"SKIP","floor":19},{"not_picked":["Blade Dance","Prepared+1","Finisher"],"picked":"SKIP","floor":22},{"not_picked":["Sucker Punch","Terror"],"picked":"Deadly Poison","floor":25}],"player_experience":302689,"relics_obtained":[{"floor":9,"key":"Meat on the Bone"},{"floor":12,"key":"Dream Catcher"},{"floor":13,"key":"Odd Mushroom"},{"floor":14,"key":"Shovel"},{"floor":15,"key":"Tiny Chest"},{"floor":26,"key":"Boot"}],"event_choices":[{"damage_healed":0,"gold_gain":0,"player_choice":"Entered Light","damage_taken":14,"max_hp_gain":0,"max_hp_loss":0,"event_name":"Shining Light","floor":5,"gold_loss":0,"cards_upgraded":["Neutralize","Defend_G"]},{"damage_healed":0,"gold_gain":0,"cards_transformed":["Strike_G"],"player_choice":"Transformed","damage_taken":0,"max_hp_gain":0,"max_hp_loss":0,"event_name":"Transmorgrifier","floor":10,"gold_loss":0,"cards_obtained":["Tools of the Trade"]},{"damage_healed":0,"gold_gain":0,"player_choice":"Fought Mushrooms","damage_taken":0,"max_hp_gain":0,"max_hp_loss":0,"event_name":"Mushrooms","floor":13,"gold_loss":0},{"damage_healed":0,"gold_gain":0,"player_choice":"2 cards matched","damage_taken":0,"max_hp_gain":0,"max_hp_loss":0,"event_name":"Match and Keep!","floor":20,"gold_loss":0,"cards_obtained":["Neutralize","Distraction"]},{"cards_removed":["Strike_G"],"damage_healed":0,"gold_gain":0,"player_choice":"Upgrade and Remove","damage_taken":0,"max_hp_gain":0,"max_hp_loss":0,"event_name":"Designer","floor":24,"gold_loss":90,"cards_upgraded":["Bouncing Flask"]}],"is_beta":false,"boss_relics":[{"not_picked":["Snecko Eye","Orrery"],"picked":"Eternal Feather"}],"items_purged_floors":[21],"is_endless":false,"potions_floor_spawned":[1,2,4,7,16,19],"killed_by":"Cultist and Chosen","ascension_level":0}