{"gold_per_floor":[410,424,115,115,132,132,165,165,220,248,248,262,262],"floor_reached":13,"playtime":349,"items_purged":["Strike_B"],"score":104,"play_id":"49bd82fd-08dd-4af9-b763-27f8283a0055","local_time":"20190307002132","is_ascension_mode":true,"campfire_choices":[{"data":"Zap","floor":6,"key":"SMITH"},{"data":"Dualcast","floor":8,"key":"SMITH"},{"data":"Fusion","floor":11,"key":"SMITH"}],"neow_cost":"PERCENT_DAMAGE","seed_source_timestamp":1497482969085576,"circlet_count":0,"master_deck":["Strike_B","Strike_B","Defend_B","Defend_B","Defend_B","Defend_B","Zap+1","Dualcast+1","Coolheaded","Auto Shields","Tempest","Streamline","Recycle","Fusion+1","Biased Cognition"],"relics":["Cracked Core","Old Coin","PreservedInsect","Bag of Marbles","DataDisk","Odd Mushroom"],"potions_floor_usage":[7,13],"damage_taken":[{"damage":0,"enemies":"2 Louse","floor":1,"turns":3},{"damage":0,"enemies":"Small Slimes","floor":2,"turns":2},{"damage":1,"enemies":"Jaw Worm","floor":5,"turns":4},{"damage":11,"enemies":"3 Sentries","floor":7,"turns":7},{"damage":5,"enemies":"The Mushroom Lair","floor":10,"turns":5},{"damage":1,"enemies":"Exordium Wildlife","floor":12,"turns":4},{"damage":30,"enemies":"Lagavulin","floor":13,"turns":3}],"seed_played":"3462659656025563295","potions_obtained":[{"floor":5,"key":"Fire Potion"},{"floor":10,"key":"Weak Potion"}],"is_trial":false,"path_per_floor":["M","M","$","?","M","R","E","R","T","?","R","M","E"],"character_chosen":"DEFECT","items_purchased":["PreservedInsect","Tempest"],"campfire_rested":0,"item_purchase_floors":[3,3],"current_hp_per_floor":[54,54,54,47,46,46,35,35,35,30,30,29,0],"gold":262,"neow_bonus":"ONE_RARE_RELIC","is_prod":false,"is_daily":false,"chose_seed":false,"campfire_upgraded":3,"win_rate":0,"timestamp":1551936092,"path_taken":["M","M","$","?","M","R","E","R","T","?","R","M","E"],"build_version":"2019-01-23","purchased_purges":1,"victory":false,"max_hp_per_floor":[75,75,75,75,75,75,75,75,75,75,75,75,75],"card_choices":[{"not_picked":["Gash","Beam Cell"],"picked":"Coolheaded","floor":1},{"not_picked":["Genetic Algorithm","Scrape"],"picked":"Auto Shields","floor":2},{"not_picked":["Heatsinks","Coolheaded"],"picked":"Streamline","floor":5},{"not_picked":["Beam Cell","Streamline"],"picked":"Recycle","floor":7},{"not_picked":["Gash","Rebound"],"picked":"Fusion","floor":10},{"not_picked":["Go for the Eyes","Rebound"],"picked":"Biased Cognition","floor":12}],"player_experience":259418,"relics_obtained":[{"floor":7,"key":"Bag of Marbles"},{"floor":9,"key":"DataDisk"},{"floor":10,"key":"Odd Mushroom"}],"event_choices":[{"cards_removed":["Strike_B"],"damage_healed":0,"gold_gain":0,"player_choice":"Card Removal","damage_taken":7,"max_hp_gain":0,"max_hp_loss":0,"event_name":"Golden Wing","floor":4,"gold_loss":0},{"damage_healed":0,"gold_gain":0,"player_choice":"Fought Mushrooms","damage_taken":0,"max_hp_gain":0,"max_hp_loss":0,"event_name":"Mushrooms","floor":10,"gold_loss":0}],"is_beta":false,"boss_relics":[],"items_purged_floors":[3],"is_endless":false,"potions_floor_spawned":[5,10],"killed_by":"Lagavulin","ascension_level":5}