{"gold_per_floor":[115,135,153,165,177,205,205,222,222,242,255,265,15,15,15,15],"floor_reached":16,"playtime":1301,"items_purged":[],"score":216,"play_id":"50d73bc6-06cd-4a8e-97b8-782cd0b9d4f4","local_time":"20190316033325","is_ascension_mode":true,"campfire_choices":[{"data":"True Grit","floor":7,"key":"SMITH"},{"floor":15,"key":"REST"}],"neow_cost":"NONE","seed_source_timestamp":226357343903145,"circlet_count":0,"master_deck":["AscendersBane","Strike_R","Strike_R","Strike_R","Strike_R","Strike_R","Defend_R","Defend_R","Defend_R","Defend_R","Bash","True Grit+1","Clothesline","Havoc","Whirlwind","Headbutt","Havoc","Feel No Pain","Intimidate","Disarm","Flame Barrier","Carnage"],"relics":["Burning Blood","Nunchaku","Ancient Tea Set","Vajra","Dream Catcher"],"potions_floor_usage":[6,10,12,16],"damage_taken":[{"damage":2,"enemies":"Cultist","floor":1,"turns":4},{"damage":8,"enemies":"Small Slimes","floor":2,"turns":4},{"damage":11,"enemies":"Jaw Worm","floor":3,"turns":5},{"damage":5,"enemies":"2 Fungi Beasts","floor":4,"turns":5},{"damage":32,"enemies":"Exordium Wildlife","floor":5,"turns":4},{"damage":30,"enemies":"Lagavulin","floor":6,"turns":6},{"damage":22,"enemies":"3 Louse","floor":8,"turns":4},{"damage":2,"enemies":"2 Fungi Beasts","floor":10,"turns":4},{"damage":1,"enemies":"Red Slaver","floor":11,"turns":5},{"damage":13,"enemies":"Large Slime","floor":12,"turns":6},{"damage":34,"enemies":"The Guardian","floor":16,"turns":13}],"seed_played":"2380310763573900171","potions_obtained":[{"floor":2,"key":"SneckoOil"},{"floor":4,"key":"Block Potion"},{"floor":6,"key":"SpeedPotion"},{"floor":8,"key":"Strength Potion"},{"floor":10,"key":"Energy Potion"}],"is_trial":false,"path_per_floor":["M","M","M","M","M","E","R","M","T","M","M","M","$","T","R","B"],"character_chosen":"IRONCLAD","items_purchased":["Vajra","Flame Barrier"],"campfire_rested":1,"item_purchase_floors":[13,13],"current_hp_per_floor":[79,77,72,73,47,23,23,7,7,11,16,9,9,9,33,0],"gold":15,"neow_bonus":"TEN_PERCENT_HP_BONUS","is_prod":false,"is_daily":false,"chose_seed":false,"campfire_upgraded":1,"win_rate":0,"timestamp":1552700005,"path_taken":["M","M","?","M","M","E","R","M","T","M","M","M","?","?","R","BOSS"],"build_version":"2019-02-06","purchased_purges":0,"victory":false,"max_hp_per_floor":[82,82,82,82,82,82,82,82,82,82,82,82,82,82,82,82],"card_choices":[{"not_picked":["Headbutt","Iron Wave"],"picked":"True Grit","floor":1},{"not_picked":["Clash","Flex"],"picked":"Clothesline","floor":2},{"not_picked":["Dropkick","Perfected Strike"],"picked":"Havoc","floor":3},{"not_picked":["Pommel Strike","Iron Wave"],"picked":"Whirlwind","floor":4},{"not_picked":["Hemokinesis","Sword Boomerang"],"picked":"Headbutt","floor":5},{"not_picked":["Second Wind","Dropkick","Sword Boomerang"],"picked":"SKIP","floor":6},{"not_picked":["Reckless Charge","Brutality"],"picked":"Havoc","floor":8},{"not_picked":["Sword Boomerang","Headbutt"],"picked":"Feel No Pain","floor":10},{"not_picked":["Body Slam","Heavy Blade"],"picked":"Intimidate","floor":11},{"not_picked":["Shockwave","Body Slam"],"picked":"Disarm","floor":12},{"not_picked":["Searing Blow","Body Slam"],"picked":"Carnage","floor":15}],"player_experience":689100,"relics_obtained":[{"floor":6,"key":"Nunchaku"},{"floor":9,"key":"Ancient Tea Set"},{"floor":14,"key":"Dream Catcher"}],"event_choices":[],"is_beta":true,"boss_relics":[],"items_purged_floors":[],"is_endless":false,"potions_floor_spawned":[2,4,6,8,10],"killed_by":"The Guardian","ascension_level":20}