{"gold_per_floor":[366,386,65,65,82,110,110,136,136,155,168,168,181,256,256,256],"floor_reached":16,"playtime":1677,"items_purged":[],"score":224,"play_id":"c5e3b944-0ab0-466f-afa0-b77b685b0c3e","local_time":"20181116134550","is_ascension_mode":true,"campfire_choices":[{"floor":7.0,"key":"REST"},{"data":"Noxious Fumes","floor":12.0,"key":"SMITH"},{"floor":15.0,"key":"REST"}],"neow_cost":"CURSE","seed_source_timestamp":0,"circlet_count":0,"master_deck":["AscendersBane","Defend_G","Defend_G","Defend_G","Defend_G","Defend_G","Strike_G","Strike_G","Strike_G","Strike_G","Survivor","Neutralize","Injury","Noxious Fumes+1","Leg Sweep","Backstab","Dash","Crippling Poison","Tactician","Catalyst","Endless Agony"],"special_seed":0,"relics":["Ring of the Snake","Du-Vu Doll","Question Card","Frozen Egg 2","Bottled Tornado"],"potions_floor_usage":[16,16,16],"damage_taken":[{"damage":0.0,"enemies":"2 Louse","floor":1.0,"turns":4.0},{"damage":13.0,"enemies":"Small Slimes","floor":2.0,"turns":5.0},{"damage":0.0,"enemies":"Jaw Worm","floor":5.0,"turns":5.0},{"damage":18.0,"enemies":"Lagavulin","floor":6.0,"turns":10.0},{"damage":4.0,"enemies":"3 Sentries","floor":8.0,"turns":12.0},{"damage":1.0,"enemies":"2 Fungi Beasts","floor":10.0,"turns":3.0},{"damage":3.0,"enemies":"Lots of Slimes","floor":11.0,"turns":3.0},{"damage":3.0,"enemies":"Blue Slaver","floor":13.0,"turns":4.0},{"damage":52,"enemies":"Slime Boss","floor":16,"turns":8}],"seed_played":"-6024339985492978904","potions_obtained":[{"floor":2.0,"key":"EssenceOfSteel"},{"floor":6.0,"key":"Energy Potion"},{"floor":13.0,"key":"EntropicBrew"}],"is_trial":false,"path_per_floor":["M","M","$","?","M","E","R","E","T","M","M","R","M","?","R","B"],"character_chosen":"THE_SILENT","items_purchased":["Du-Vu Doll"],"campfire_rested":2,"item_purchase_floors":[3],"current_hp_per_floor":[59,46,46,46,46,28,47,43,43,42,39,39,36,25,44,0],"gold":256,"neow_bonus":"TWO_FIFTY_GOLD","is_prod":false,"is_daily":false,"chose_seed":false,"campfire_upgraded":1,"win_rate":0,"timestamp":1542368750,"path_taken":["M","M","$","?","M","E","R","E","T","M","M","R","M","?","R","BOSS"],"build_version":"2018-11-15","purchased_purges":0,"victory":false,"max_hp_per_floor":[66,66,66,66,66,66,66,66,66,66,66,66,66,66,66,66],"card_choices":[{"not_picked":["Deflect","Poisoned Stab"],"picked":"Noxious Fumes","floor":1.0},{"not_picked":["Underhanded Strike","Dagger Throw"],"picked":"Leg Sweep","floor":2.0},{"not_picked":["Bane","Quick Slash"],"picked":"Backstab","floor":5.0},{"not_picked":["Night Terror","Crippling Poison"],"picked":"Dash","floor":6.0},{"not_picked":["Deadly Poison","Predator","Bouncing Flask"],"picked":"Crippling Poison","floor":8.0},{"not_picked":["Predator","Bouncing Flask","Terror"],"picked":"Tactician","floor":10.0},{"not_picked":["Dagger Throw","Deadly Poison","Backflip"],"picked":"Catalyst","floor":11.0},{"not_picked":["Quick Slash","PiercingWail","Dagger Spray"],"picked":"Endless Agony","floor":13.0}],"player_experience":661111,"relics_obtained":[{"floor":6.0,"key":"Question Card"},{"floor":8.0,"key":"Frozen Egg 2"},{"floor":9.0,"key":"Bottled Tornado"}],"event_choices":[{"cards_removed":["Strike_G"],"damage_healed":0.0,"max_hp_gain":0.0,"max_hp_loss":0.0,"gold_gain":0.0,"event_name":"Living Wall","player_choice":"Forget","floor":4.0,"gold_loss":0.0,"damage_taken":0.0},{"damage_healed":0.0,"max_hp_gain":0.0,"max_hp_loss":0.0,"gold_gain":75.0,"event_name":"World of Goop","player_choice":"Gather Gold","floor":14.0,"gold_loss":0.0,"damage_taken":11.0}],"is_beta":true,"boss_relics":[],"items_purged_floors":[],"is_endless":false,"potions_floor_spawned":[2,6,13],"killed_by":"Slime Boss","ascension_level":20}