{"gold_per_floor":[114,114,132,132,148,148,162,162,210,235,248,248,77,42,42,144,144,163,163,163],"floor_reached":20,"playtime":2517,"items_purged":[],"score":197,"play_id":"9fdd5e1b-728d-47a0-a1c8-5614f7d156ab","local_time":"20190316110035","is_ascension_mode":false,"campfire_choices":[{"data":"Metallicize","floor":6,"key":"SMITH"},{"data":"Rampage","floor":8,"key":"SMITH"},{"data":"Intimidate","floor":12,"key":"SMITH"},{"data":"Bash","floor":15,"key":"SMITH"}],"neow_cost":"NONE","seed_source_timestamp":9812332747885,"circlet_count":0,"master_deck":["Strike_R","Strike_R","Strike_R","Strike_R","Defend_R","Defend_R","Defend_R","Defend_R","Bash+1","Metallicize+1","Headbutt","Reaper","Warcry","Rampage+1","Armaments","Intimidate+1","Shrug It Off","Berserk","Disarm"],"relics":["Burning Blood","Strawberry","Vajra","Oddly Smooth Stone","Black Star"],"potions_floor_usage":[18,20,20,20],"damage_taken":[{"damage":1,"enemies":"Jaw Worm","floor":1,"turns":5},{"damage":4,"enemies":"Small Slimes","floor":3,"turns":4},{"damage":3,"enemies":"Cultist","floor":5,"turns":5},{"damage":8,"enemies":"2 Fungi Beasts","floor":7,"turns":5},{"damage":23,"enemies":"Gremlin Nob","floor":10,"turns":5},{"damage":17,"enemies":"Large Slime","floor":11,"turns":7},{"damage":28,"enemies":"The Guardian","floor":16,"turns":12},{"damage":23,"enemies":"Spheric Guardian","floor":18,"turns":9},{"damage":79,"enemies":"Masked Bandits","floor":20,"turns":9}],"seed_played":"-1537803660727544979","potions_obtained":[{"floor":1,"key":"Block Potion"},{"floor":7,"key":"SkillPotion"},{"floor":11,"key":"FearPotion"},{"floor":16,"key":"Ancient Potion"},{"floor":18,"key":"GamblersBrew"}],"is_trial":false,"path_per_floor":["M","?","M","?","M","R","M","R","T","E","M","R","$","?","R","B",null,"M","?","?"],"character_chosen":"IRONCLAD","items_purchased":["Oddly Smooth Stone","Shrug It Off"],"campfire_rested":0,"item_purchase_floors":[13,13],"current_hp_per_floor":[88,88,88,88,88,88,86,86,93,76,75,75,75,95,95,82,95,78,78,0],"gold":163,"neow_bonus":"TEN_PERCENT_HP_BONUS","is_prod":false,"is_daily":false,"chose_seed":false,"campfire_upgraded":4,"win_rate":0.0,"timestamp":1552734035,"path_taken":["M","?","M","?","?","R","M","R","T","E","M","R","$","?","R","BOSS","M","?","?"],"build_version":"2019-01-23","purchased_purges":0,"victory":false,"max_hp_per_floor":[88,88,88,88,88,88,88,88,95,95,95,95,95,95,95,95,95,95,95,95],"card_choices":[{"not_picked":["Clash","Thunderclap"],"picked":"Metallicize","floor":1},{"not_picked":["Reckless Charge","Heavy Blade"],"picked":"Headbutt","floor":3},{"not_picked":["Heavy Blade","Headbutt"],"picked":"Warcry","floor":5},{"not_picked":["Clothesline","Feel No Pain"],"picked":"Rampage","floor":7},{"not_picked":["Flex","Ghostly Armor"],"picked":"Armaments","floor":10},{"not_picked":["Rampage","Blood for Blood"],"picked":"Intimidate","floor":11},{"not_picked":["Feed","Impervious"],"picked":"Berserk","floor":16},{"not_picked":["True Grit","Perfected Strike"],"picked":"Disarm","floor":18}],"player_experience":22297,"relics_obtained":[{"floor":9,"key":"Strawberry"},{"floor":10,"key":"Vajra"}],"event_choices":[{"damage_healed":0,"gold_gain":0,"player_choice":"Ignored","damage_taken":0,"max_hp_gain":0,"max_hp_loss":0,"event_name":"Liars Game","floor":2,"gold_loss":0},{"damage_healed":0,"gold_gain":0,"cards_transformed":["Strike_R"],"player_choice":"Transformed","damage_taken":0,"max_hp_gain":0,"max_hp_loss":0,"event_name":"Transmorgrifier","floor":4,"gold_loss":0,"cards_obtained":["Reaper"]},{"damage_healed":23,"gold_gain":0,"player_choice":"Healed","damage_taken":0,"max_hp_gain":0,"max_hp_loss":0,"event_name":"The Cleric","floor":14,"gold_loss":35},{"damage_healed":0,"gold_gain":0,"player_choice":"Ignored","damage_taken":0,"max_hp_gain":0,"max_hp_loss":0,"event_name":"Ghosts","floor":19,"gold_loss":0},{"damage_healed":0,"gold_gain":0,"player_choice":"Fought Bandits","damage_taken":0,"max_hp_gain":0,"max_hp_loss":0,"event_name":"Masked Bandits","floor":20,"gold_loss":0}],"is_beta":false,"boss_relics":[{"not_picked":["Fusion Hammer","Sozu"],"picked":"Black Star"}],"items_purged_floors":[],"is_endless":false,"potions_floor_spawned":[1,7,11,16,18],"killed_by":"Masked Bandits","ascension_level":0}