{"gold_per_floor":[115,80,8,79,93,127,127,127,199,215,235,249,299,319,319,390,390,401,49,63,63,76,76,76],"floor_reached":24,"playtime":1307,"items_purged":["Strike_G"],"score":372,"play_id":"389d9b88-6703-40c2-911e-0f2a5ce4188b","local_time":"20190302124820","is_ascension_mode":true,"campfire_choices":[{"floor":7,"key":"REST"},{"floor":15,"key":"REST"},{"floor":23,"key":"REST"}],"neow_cost":"NONE","seed_source_timestamp":1339935671047112,"circlet_count":0,"master_deck":["AscendersBane","Defend_G","Defend_G","Defend_G","Defend_G","Defend_G","Survivor","Neutralize","All Out Attack","Sucker Punch","Infinite Blades","Backflip","Infinite Blades","Accuracy","Well Laid Plans","PiercingWail","Heel Hook","Storm of Steel","Blur","Noxious Fumes","Cloak And Dagger","Bite","Bite","Bite","Bite","Bite","Backflip"],"relics":["Ring of the Snake","Incense Burner","Pen Nib","Question Card","Lizard Tail","Kunai"],"potions_floor_usage":[14,16,20,22],"damage_taken":[{"damage":9,"enemies":"Jaw Worm","floor":1,"turns":6},{"damage":2,"enemies":"Small Slimes","floor":5,"turns":4},{"damage":63,"enemies":"Lagavulin","floor":6,"turns":9},{"damage":0,"enemies":"Cultist","floor":10,"turns":4},{"damage":1,"enemies":"Looter","floor":11,"turns":4},{"damage":11,"enemies":"Exordium Wildlife","floor":12,"turns":4},{"damage":2,"enemies":"Red Slaver","floor":14,"turns":3},{"damage":23,"enemies":"The Guardian","floor":16,"turns":12},{"damage":29,"enemies":"Shell Parasite","floor":18,"turns":7},{"damage":14,"enemies":"2 Thieves","floor":20,"turns":5},{"damage":49,"enemies":"Snecko","floor":22,"turns":7},{"damage":21,"enemies":"Gremlin Leader","floor":24,"turns":3}],"seed_played":"-6236114780653814792","potions_obtained":[{"floor":6,"key":"GhostInAJar"},{"floor":12,"key":"Strength Potion"},{"floor":14,"key":"Fire Potion"},{"floor":20,"key":"Energy Potion"}],"is_trial":false,"path_per_floor":["M","?","$","?","M","E","R","T","T","M","M","M","?","M","R","B",null,"M","$","M","?","M","R","E"],"character_chosen":"THE_SILENT","items_purchased":["Infinite Blades","Kunai","Noxious Fumes"],"campfire_rested":3,"item_purchase_floors":[3,19,19],"current_hp_per_floor":[50,66,66,66,64,1,20,20,20,20,19,8,8,6,25,2,50,21,21,7,7,4,17,0],"gold":76,"neow_bonus":"THREE_CARDS","is_prod":false,"is_daily":false,"chose_seed":false,"campfire_upgraded":0,"win_rate":0,"timestamp":1551552500,"path_taken":["M","?","$","?","M","E","R","?","T","?","M","M","?","M","R","BOSS","M","$","M","?","M","R","E"],"build_version":"2019-01-23","purchased_purges":1,"victory":false,"max_hp_per_floor":[66,66,66,66,66,66,66,66,66,66,66,66,66,66,66,66,66,66,66,66,46,46,46,46],"card_choices":[{"not_picked":["Caltrops","Dodge and Roll"],"picked":"All Out Attack","floor":0},{"not_picked":["Flying Knee","Blade Dance"],"picked":"Sucker Punch","floor":1},{"not_picked":["Masterful Stab","Quick Slash"],"picked":"Backflip","floor":5},{"not_picked":["Underhanded Strike","Bullet Time"],"picked":"Infinite Blades","floor":6},{"not_picked":["Crippling Poison","Caltrops","Deadly Poison"],"picked":"Accuracy","floor":10},{"not_picked":["Deadly Poison","Prepared","Underhanded Strike"],"picked":"Well Laid Plans","floor":11},{"not_picked":["Cloak And Dagger","Prepared","Deadly Poison"],"picked":"PiercingWail","floor":12},{"not_picked":["Setup","Reflex","Prepared"],"picked":"Heel Hook","floor":14},{"not_picked":["Grand Finale","Doppelganger","Corpse Explosion"],"picked":"Storm of Steel","floor":16},{"not_picked":["Quick Slash","Bane","Endless Agony"],"picked":"Blur","floor":18},{"not_picked":["Setup","Outmaneuver","Riddle With Holes"],"picked":"Cloak And Dagger","floor":20},{"not_picked":["Dagger Spray","Sucker Punch","Heel Hook"],"picked":"Backflip","floor":22}],"player_experience":603030,"relics_obtained":[{"floor":6,"key":"Incense Burner"},{"floor":8,"key":"Pen Nib"},{"floor":9,"key":"Question Card"}],"event_choices":[{"damage_healed":16,"gold_gain":0,"player_choice":"Healed","damage_taken":0,"max_hp_gain":0,"max_hp_loss":0,"event_name":"The Cleric","floor":2,"gold_loss":35},{"damage_healed":0,"gold_gain":71,"player_choice":"Gained Gold","damage_taken":0,"max_hp_gain":0,"max_hp_loss":0,"event_name":"Golden Wing","floor":4,"gold_loss":0},{"damage_healed":0,"gold_gain":50,"player_choice":"Pray","damage_taken":0,"max_hp_gain":0,"max_hp_loss":0,"event_name":"Golden Shrine","floor":13,"gold_loss":0},{"damage_healed":0,"gold_gain":0,"player_choice":"Became a vampire","damage_taken":0,"max_hp_gain":0,"max_hp_loss":20,"event_name":"Vampires","floor":21,"gold_loss":0,"cards_obtained":["Bite","Bite","Bite","Bite","Bite"]}],"is_beta":false,"boss_relics":[{"not_picked":["Fusion Hammer","White Beast Statue"],"picked":"Lizard Tail"}],"items_purged_floors":[19],"is_endless":false,"potions_floor_spawned":[6,12,14,20],"killed_by":"Gremlin Leader","ascension_level":15}