{"gold_per_floor":[118,118,118,118,43,86,11,55,81,81,112,112,153,169,169,267,267,282,305,317,345,378,411,423,449,461,598,629,661,687,722,734,839,914,950,981,779,802,823,823,858,878,902,940,954,992,97,122,122,122,122],"floor_reached":52,"playtime":5443,"items_purged":["Defend_G","Strike_G","Strike_G"],"score":2027,"play_id":"c46d0f5d-5c13-40c6-95b3-e6261d4da373","local_time":"20190316185317","is_ascension_mode":true,"campfire_choices":[{"floor":12,"key":"REST"},{"data":"Noxious Fumes","floor":15,"key":"SMITH"},{"floor":24,"key":"REST"},{"floor":32,"key":"REST"},{"data":"Footwork","floor":40,"key":"SMITH"},{"floor":49,"key":"REST"}],"neow_cost":"NONE","seed_source_timestamp":277232550403417,"circlet_count":0,"master_deck":["AscendersBane","Defend_G","Defend_G","Defend_G","Defend_G","Strike_G","Strike_G","Survivor","Neutralize","Dash","Deadly Poison","Leg Sweep","Dagger Throw","Noxious Fumes+1","Backflip","Burst","Deadly Poison+1","RitualDagger","Backflip+1","Leg Sweep+1","Crippling Poison","Bullet Time","Footwork+1","Acrobatics+1","Footwork","Bouncing Flask","The Bomb","Backflip+1"],"relics":["Ring of the Snake","NeowsBlessing","Golden Idol","Lantern","Bag of Preparation","Pen Nib","Strawberry","Sundial","Snecko Eye","MawBank","Mango","Du-Vu Doll","Mercury Hourglass","Tiny House","The Courier","Vajra","Bronze Scales","Centennial Puzzle","Paper Crane","Toy Ornithopter","Gremlin Horn"],"potions_floor_usage":[13,16,23,27,27,33,37,44,44,50,51],"damage_taken":[{"damage":0,"enemies":"2 Louse","floor":1,"turns":1},{"damage":0,"enemies":"3 Sentries","floor":6,"turns":2},{"damage":0,"enemies":"Gremlin Nob","floor":8,"turns":1},{"damage":30,"enemies":"3 Sentries","floor":11,"turns":13},{"damage":27,"enemies":"Lagavulin","floor":13,"turns":8},{"damage":0,"enemies":"Jaw Worm","floor":14,"turns":3},{"damage":19,"enemies":"The Guardian","floor":16,"turns":12},{"damage":5,"enemies":"Shell Parasite","floor":18,"turns":6},{"damage":10,"enemies":"Spheric Guardian","floor":21,"turns":5},{"damage":0,"enemies":"Cultist and Chosen","floor":22,"turns":6},{"damage":13,"enemies":"Snake Plant","floor":23,"turns":5},{"damage":1,"enemies":"Centurion and Healer","floor":25,"turns":8},{"damage":0,"enemies":"Colosseum Slavers","floor":27,"turns":5},{"damage":33,"enemies":"Colosseum Nobs","floor":27,"turns":5},{"damage":0,"enemies":"Snecko","floor":28,"turns":5},{"damage":0,"enemies":"Snake Plant","floor":29,"turns":4},{"damage":0,"enemies":"3 Cultists","floor":30,"turns":4},{"damage":7,"enemies":"Shelled Parasite and Fungi","floor":31,"turns":4},{"damage":20,"enemies":"Automaton","floor":33,"turns":8},{"damage":0,"enemies":"3 Shapes","floor":35,"turns":4},{"damage":2,"enemies":"3 Darklings","floor":36,"turns":4},{"damage":0,"enemies":"4 Shapes","floor":38,"turns":3},{"damage":13,"enemies":"Spire Growth","floor":39,"turns":6},{"damage":11,"enemies":"Nemesis","floor":41,"turns":9},{"damage":0,"enemies":"Maw","floor":42,"turns":6},{"damage":19,"enemies":"Giant Head","floor":44,"turns":9},{"damage":0,"enemies":"4 Shapes","floor":45,"turns":3},{"damage":1,"enemies":"Nemesis","floor":46,"turns":5},{"damage":5,"enemies":"3 Darklings","floor":48,"turns":3},{"damage":13,"enemies":"Time Eater","floor":50,"turns":12},{"damage":7,"enemies":"Awakened One","floor":51,"turns":15}],"seed_played":"-5758889361652838262","potions_obtained":[{"floor":6,"key":"EssenceOfSteel"},{"floor":13,"key":"Fruit Juice"},{"floor":14,"key":"Swift Potion"},{"floor":16,"key":"Block Potion"},{"floor":21,"key":"PowerPotion"},{"floor":23,"key":"PowerPotion"},{"floor":28,"key":"LiquidBronze"},{"floor":29,"key":"GhostInAJar"},{"floor":33,"key":"Energy Potion"},{"floor":34,"key":"SpeedPotion"},{"floor":35,"key":"EssenceOfSteel"},{"floor":41,"key":"GhostInAJar"},{"floor":46,"key":"Regen Potion"}],"is_trial":false,"path_per_floor":["M","?","?","?","$","E","?","E","T","$","E","R","E","M","R","B",null,"M","T","?","M","M","M","R","M","T","?","M","M","M","M","R","B",null,"M","M","$","M","M","R","E","M","T","E","M","E","$","M","R","B","B",null],"character_chosen":"THE_SILENT","items_purchased":["Fruit Juice","Paper Crane","GamblersBrew","Toy Ornithopter","Gremlin Horn","The Bomb"],"campfire_rested":4,"item_purchase_floors":[37,47,47,47,47,47],"current_hp_per_floor":[59,64,64,57,57,57,57,57,57,57,34,57,35,35,35,16,66,61,61,55,45,45,32,56,55,69,36,36,36,36,29,58,38,87,87,85,90,90,77,77,66,66,66,47,47,46,46,41,73,80,78],"gold":122,"neow_bonus":"THREE_ENEMY_KILL","is_prod":false,"is_daily":false,"chose_seed":false,"campfire_upgraded":2,"win_rate":0,"timestamp":1552755197,"path_taken":["M","?","?","?","?","E","?","E","T","?","E","R","E","M","R","BOSS","M","?","?","M","M","M","R","M","T","?","M","?","M","?","R","BOSS","M","?","$","M","M","R","E","?","T","E","M","E","$","M","R","BOSS","BOSS"],"build_version":"2019-03-15","purchased_purges":3,"victory":true,"max_hp_per_floor":[66,71,71,71,71,71,71,71,71,71,78,78,83,83,83,83,83,83,83,83,83,83,83,83,83,97,97,97,97,97,97,97,97,102,102,102,107,107,107,107,107,107,107,107,107,107,107,107,107,107,107],"card_choices":[{"not_picked":["Slice","Flying Knee"],"picked":"Dash","floor":1},{"not_picked":["Slice","Poisoned Stab"],"picked":"Deadly Poison","floor":6},{"not_picked":["Setup","Acrobatics"],"picked":"Leg Sweep","floor":8},{"not_picked":["Underhanded Strike","Poisoned Stab"],"picked":"Dagger Throw","floor":11},{"not_picked":["Doppelganger","Deadly Poison"],"picked":"Noxious Fumes","floor":13},{"not_picked":["Deadly Poison","Cloak And Dagger"],"picked":"Backflip","floor":14},{"not_picked":["Phantasmal Killer","After Image"],"picked":"Burst","floor":16},{"not_picked":["Flechettes","PiercingWail"],"picked":"Deadly Poison+1","floor":18},{"not_picked":["Sucker Punch+1","Dagger Throw"],"picked":"Backflip+1","floor":21},{"not_picked":["Masterful Stab","Slice"],"picked":"Leg Sweep","floor":22},{"not_picked":["Heel Hook","Prepared"],"picked":"Crippling Poison","floor":23},{"not_picked":["Underhanded Strike","Masterful Stab+1","Cloak And Dagger+1"],"picked":"SKIP","floor":25},{"not_picked":["Accuracy","Blur","Prepared"],"picked":"SKIP","floor":28},{"not_picked":["Poisoned Stab","Outmaneuver","Accuracy"],"picked":"SKIP","floor":29},{"not_picked":["Quick Slash","Blur","Dagger Spray+1"],"picked":"SKIP","floor":30},{"not_picked":["Dodge and Roll","Skewer","Deadly Poison"],"picked":"SKIP","floor":31},{"not_picked":["Venomology","Corpse Explosion"],"picked":"Bullet Time","floor":33},{"not_picked":["Escape Plan","Prepared+1"],"picked":"Footwork","floor":34},{"not_picked":["Deflect","Poisoned Stab+1"],"picked":"Acrobatics+1","floor":35},{"not_picked":["Flechettes+1","Prepared","Flying Knee"],"picked":"SKIP","floor":36},{"not_picked":["Tactician","PiercingWail","Riddle With Holes"],"picked":"SKIP","floor":38},{"not_picked":["PiercingWail","Sucker Punch+1"],"picked":"Footwork","floor":39},{"not_picked":["Poisoned Stab","Footwork"],"picked":"Bouncing Flask","floor":41},{"not_picked":["Dagger Throw","PiercingWail","Grand Finale"],"picked":"SKIP","floor":42},{"not_picked":["Quick Slash","Well Laid Plans","Masterful Stab"],"picked":"SKIP","floor":44},{"not_picked":["Reflex","Endless Agony","Blur"],"picked":"SKIP","floor":45},{"not_picked":["Dagger Throw","Cloak And Dagger","Distraction"],"picked":"SKIP","floor":46},{"not_picked":["Dagger Throw+1","Deadly Poison+1"],"picked":"Backflip+1","floor":48}],"player_experience":695591,"relics_obtained":[{"floor":6,"key":"Lantern"},{"floor":8,"key":"Bag of Preparation"},{"floor":9,"key":"Pen Nib"},{"floor":11,"key":"Strawberry"},{"floor":13,"key":"Sundial"},{"floor":19,"key":"MawBank"},{"floor":26,"key":"Mango"},{"floor":27,"key":"Du-Vu Doll"},{"floor":27,"key":"Mercury Hourglass"},{"floor":41,"key":"The Courier"},{"floor":43,"key":"Vajra"},{"floor":44,"key":"Bronze Scales"},{"floor":46,"key":"Centennial Puzzle"}],"event_choices":[{"damage_healed":0,"gold_gain":0,"player_choice":"Donut","damage_taken":0,"max_hp_gain":5,"max_hp_loss":0,"event_name":"Big Fish","floor":2,"gold_loss":0},{"damage_healed":0,"gold_gain":0,"player_choice":"Take Wound","damage_taken":0,"relics_obtained":["Golden Idol"],"max_hp_gain":0,"max_hp_loss":0,"event_name":"Golden Idol","floor":3,"gold_loss":0,"cards_obtained":["Injury"]},{"cards_removed":["Injury"],"damage_healed":0,"gold_gain":0,"player_choice":"Card Removal","damage_taken":7,"max_hp_gain":0,"max_hp_loss":0,"event_name":"Golden Wing","floor":4,"gold_loss":0},{"cards_removed":["Strike_G"],"damage_healed":0,"gold_gain":0,"player_choice":"Card Removal","damage_taken":0,"max_hp_gain":0,"max_hp_loss":0,"event_name":"The Cleric","floor":7,"gold_loss":75},{"damage_healed":0,"gold_gain":0,"player_choice":"Joined the Cult","damage_taken":6,"max_hp_gain":0,"max_hp_loss":0,"event_name":"Nest","floor":20,"gold_loss":0,"cards_obtained":["RitualDagger"]},{"damage_healed":0,"gold_gain":0,"player_choice":"Fight","damage_taken":0,"max_hp_gain":0,"max_hp_loss":0,"event_name":"Colosseum","floor":27,"gold_loss":0},{"damage_healed":0,"gold_gain":0,"player_choice":"Fought Nobs","damage_taken":0,"max_hp_gain":0,"max_hp_loss":0,"event_name":"Colosseum","floor":27,"gold_loss":0}],"is_beta":true,"boss_relics":[{"not_picked":["Runic Dome","Lizard Tail"],"picked":"Snecko Eye"},{"not_picked":["Orrery","Coffee Dripper"],"picked":"Tiny House"}],"items_purged_floors":[5,37,47],"is_endless":false,"potions_floor_spawned":[6,13,14,16,21,23,27,28,29,33,35,41,42,46],"ascension_level":20}