{"gold_per_floor":[113,113,131,143,143,174,174,215,215,215,231,244,312,327,327,327],"floor_reached":16,"playtime":1168,"items_purged":[],"score":112,"play_id":"8699b497-cdf6-4113-9ace-3a09fac649c6","local_time":"20190131194310","is_ascension_mode":false,"campfire_choices":[{"floor":7,"key":"RECALL"},{"floor":10,"key":"REST"},{"floor":15,"key":"REST"}],"neow_cost":"TEN_PERCENT_HP_LOSS","seed_source_timestamp":0,"circlet_count":0,"master_deck":["Strike_B","Strike_B","Strike_B","Defend_B","Defend_B","Defend_B","Zap","Dualcast","Redo","Recycle","Darkness","Compile Driver","Darkness","Cold Snap","Recycle","Stack","Stack"],"special_seed":0,"relics":["Cracked Core","Golden Idol","Pen Nib","Matryoshka","Bag of Preparation","Anchor","PreservedInsect"],"potions_floor_usage":[8,11],"damage_taken":[{"damage":0.0,"enemies":"2 Louse","floor":1.0,"turns":2.0},{"damage":0.0,"enemies":"Small Slimes","floor":3.0,"turns":2.0},{"damage":6.0,"enemies":"Jaw Worm","floor":4.0,"turns":3.0},{"damage":18.0,"enemies":"3 Sentries","floor":6.0,"turns":7.0},{"damage":16,"enemies":"Lagavulin","floor":8,"turns":5},{"damage":3,"enemies":"2 Fungi Beasts","floor":11,"turns":3},{"damage":0,"enemies":"Exordium Wildlife","floor":12,"turns":4},{"damage":36,"enemies":"Gremlin Nob","floor":13,"turns":4},{"damage":3,"enemies":"Looter","floor":14,"turns":3},{"damage":22,"enemies":"The Guardian","floor":16,"turns":2}],"seed_played":"1020249472765863572","potions_obtained":[{"floor":3.0,"key":"PowerPotion"},{"floor":4.0,"key":"SkillPotion"},{"floor":6.0,"key":"AttackPotion"},{"floor":8,"key":"Energy Potion"}],"is_trial":false,"path_per_floor":["M","?","M","M","?","E","R","E","T","R","M","M","?","M","R","B"],"character_chosen":"DEFECT","items_purchased":[],"campfire_rested":2,"item_purchase_floors":[],"current_hp_per_floor":[68,68,68,62,62,44,44,28,28,46,43,43,7,4,22,0],"gold":327,"neow_bonus":"REMOVE_TWO","is_prod":false,"is_daily":false,"chose_seed":false,"campfire_upgraded":0,"win_rate":0,"timestamp":1548981790,"path_taken":["M","?","M","M","?","E","R","E","T","R","M","M","?","M","R","BOSS"],"build_version":"2019-01-23","purchased_purges":0,"victory":false,"max_hp_per_floor":[68,68,68,68,63,63,63,63,63,63,63,63,63,63,63,63],"card_choices":[{"not_picked":["Tempest","Leap"],"picked":"Redo","floor":1.0},{"not_picked":["Rip and Tear","Ball Lightning"],"picked":"Recycle","floor":3.0},{"not_picked":["Beam Cell","Streamline"],"picked":"Darkness","floor":4.0},{"not_picked":["Beam Cell","Lockon"],"picked":"Compile Driver","floor":6.0},{"not_picked":["Sweeping Beam","Multi-Cast"],"picked":"Darkness","floor":8},{"not_picked":["Beam Cell","Static Discharge"],"picked":"Cold Snap","floor":11},{"not_picked":["Steam Power","Sweeping Beam"],"picked":"Recycle","floor":12},{"not_picked":["Sweeping Beam","FTL"],"picked":"Stack","floor":13},{"not_picked":["Turbo","Streamline"],"picked":"Stack","floor":14}],"player_experience":125497,"relics_obtained":[{"floor":6.0,"key":"Pen Nib"},{"floor":8,"key":"Matryoshka"},{"floor":9,"key":"Bag of Preparation"},{"floor":9,"key":"Anchor"},{"floor":13,"key":"PreservedInsect"}],"event_choices":[{"damage_healed":0.0,"max_hp_gain":0.0,"max_hp_loss":0.0,"gold_gain":0.0,"event_name":"Liars Game","player_choice":"Ignored","floor":2.0,"gold_loss":0.0,"damage_taken":0.0},{"damage_healed":0.0,"max_hp_gain":0.0,"max_hp_loss":5.0,"gold_gain":0.0,"event_name":"Golden Idol","player_choice":"Lose Max HP","floor":5.0,"gold_loss":0.0,"damage_taken":0.0,"relics_obtained":["Golden Idol"]},{"damage_healed":0,"gold_gain":30,"player_choice":"Searched \u00273\u0027 times","damage_taken":0,"max_hp_gain":0,"max_hp_loss":0,"event_name":"Dead Adventurer","floor":13,"gold_loss":0}],"is_beta":false,"boss_relics":[],"items_purged_floors":[],"is_endless":false,"potions_floor_spawned":[3,4,6,8],"killed_by":"The Guardian","ascension_level":0}