{"gold_per_floor":[110,129,141,141,156,156,188,188,188,208,208,220,21,31,31,129,129,140,140,140,140,153,153,169,187,187,187,187,205,221,240,240,338,338,352,352,2,2,17,17,29,63,116,116,142,142,159,186,186,186],"floor_reached":50,"playtime":6372,"items_purged":["Thunderclap"],"score":531,"play_id":"328b87f3-2a64-4bd0-b564-bdd6d2de3a23","local_time":"20190317173324","is_ascension_mode":false,"campfire_choices":[{"data":"Metallicize","floor":6.0,"key":"SMITH"},{"floor":8.0,"key":"REST"},{"data":"Fire Breathing","floor":11.0,"key":"SMITH"},{"data":"Pummel","floor":15.0,"key":"SMITH"},{"floor":23.0,"key":"REST"},{"floor":28.0,"key":"REST"},{"floor":32.0,"key":"REST"},{"floor":40.0,"key":"REST"},{"floor":44.0,"key":"REST"},{"floor":46,"key":"REST"},{"floor":49,"key":"REST"}],"neow_cost":"NONE","seed_source_timestamp":0,"circlet_count":0,"master_deck":["Strike_R+1","Strike_R","Strike_R","Defend_R","Defend_R","Defend_R","Bash+1","Anger","Metallicize+1","Twin Strike","Fire Breathing+1","Clothesline","Infernal Blade","Pummel+1","Demon Form","Juggernaut+1","Sever Soul+1","Bloodletting+1","Sentinel","Armaments","Shrug It Off+1","Headbutt+1","Parasite","Cleave+1","Shockwave+1","Flex+1","Impervious","Thunderclap+1","Discovery","Mind Blast","Madness","Evolve+1","Writhe","Sentinel+1","Ghostly Armor+1","Parasite","Blood for Blood+1","Iron Wave","Pain"],"special_seed":0,"relics":["Burning Blood","Boot","Question Card","Lee\u0027s Waffle","Astrolabe","Gambling Chip","Peace Pipe","Cursed Key","Frozen Egg 2","Whetstone","Pen Nib","Regal Pillow","Juzu Bracelet"],"potions_floor_usage":[50,50,50],"damage_taken":[{"damage":5.0,"enemies":"Cultist","floor":1.0,"turns":4.0},{"damage":8.0,"enemies":"Jaw Worm","floor":2.0,"turns":4.0},{"damage":4.0,"enemies":"Small Slimes","floor":3.0,"turns":4.0},{"damage":5.0,"enemies":"Looter","floor":5.0,"turns":4.0},{"damage":27.0,"enemies":"Lagavulin","floor":7.0,"turns":7.0},{"damage":12.0,"enemies":"2 Fungi Beasts","floor":10.0,"turns":4.0},{"damage":15.0,"enemies":"Exordium Thugs","floor":12.0,"turns":5.0},{"damage":10.0,"enemies":"3 Louse","floor":14.0,"turns":5.0},{"damage":31.0,"enemies":"Slime Boss","floor":16.0,"turns":9.0},{"damage":25.0,"enemies":"Shell Parasite","floor":18.0,"turns":5.0},{"damage":5.0,"enemies":"3 Byrds","floor":22.0,"turns":3.0},{"damage":18.0,"enemies":"Centurion and Healer","floor":24.0,"turns":7.0},{"damage":19.0,"enemies":"Chosen and Byrds","floor":25.0,"turns":7.0},{"damage":30.0,"enemies":"Snecko","floor":29.0,"turns":6.0},{"damage":1.0,"enemies":"Centurion and Healer","floor":30.0,"turns":5.0},{"damage":12.0,"enemies":"3 Cultists","floor":31.0,"turns":4.0},{"damage":47.0,"enemies":"Champ","floor":33.0,"turns":13.0},{"damage":22.0,"enemies":"Orb Walker","floor":35.0,"turns":5.0},{"damage":29.0,"enemies":"3 Shapes","floor":39.0,"turns":5.0},{"damage":28.0,"enemies":"Transient","floor":41.0,"turns":5.0},{"damage":61.0,"enemies":"Giant Head","floor":42.0,"turns":8.0},{"damage":33.0,"enemies":"Nemesis","floor":45.0,"turns":7.0},{"damage":23,"enemies":"Sphere and 2 Shapes","floor":47,"turns":6},{"damage":85,"enemies":"Donu and Deca","floor":50,"turns":6}],"seed_played":"-5053918162630621081","potions_obtained":[{"floor":0.0,"key":"SmokeBomb"},{"floor":0.0,"key":"SmokeBomb"},{"floor":0.0,"key":"Explosive Potion"},{"floor":3.0,"key":"GamblersBrew"},{"floor":5.0,"key":"SkillPotion"},{"floor":14.0,"key":"Fire Potion"},{"floor":18.0,"key":"AttackPotion"},{"floor":25.0,"key":"PowerPotion"},{"floor":30.0,"key":"Fire Potion"},{"floor":33.0,"key":"SpeedPotion"},{"floor":42.0,"key":"Energy Potion"}],"is_trial":false,"path_per_floor":["M","M","M","?","M","R","E","R","T","M","R","M","$","M","R","B",null,"M","?","?","?","M","R","M","M","T","?","R","M","M","M","R","B",null,"M","?","$","?","M","R","M","E","T","R","E","R","M","T","R","B"],"character_chosen":"IRONCLAD","items_purchased":["Lee\u0027s Waffle","Frozen Egg 2","Evolve+1"],"campfire_rested":8,"item_purchase_floors":[13,37,37],"current_hp_per_floor":[80,78,80,80,80,80,59,80,80,74,74,65,87,83,83,58,87,68,68,68,68,69,87,75,62,62,62,87,63,68,62,87,46,87,71,61,61,83,60,86,64,9,9,35,8,49,32,32,73,0],"gold":186,"neow_bonus":"THREE_SMALL_POTIONS","is_prod":false,"is_daily":false,"chose_seed":false,"campfire_upgraded":3,"win_rate":0.0,"timestamp":1552844004,"path_taken":["M","?","M","?","M","R","E","R","T","M","R","M","$","?","R","BOSS","M","?","?","?","M","R","M","M","T","?","R","?","M","M","R","BOSS","M","?","$","?","M","R","M","E","T","R","E","R","M","?","R","BOSS"],"build_version":"2019-01-23","purchased_purges":1,"victory":false,"max_hp_per_floor":[80,80,80,80,80,80,80,80,80,80,80,80,87,87,87,87,87,87,87,87,87,87,87,87,87,87,87,87,87,87,87,87,87,87,87,87,87,87,87,87,87,87,87,87,87,87,87,87,87,87],"card_choices":[{"not_picked":["Hemokinesis","Entrench"],"picked":"Thunderclap","floor":1.0},{"not_picked":["Dropkick","Whirlwind"],"picked":"Anger","floor":2.0},{"not_picked":["Corruption","Perfected Strike"],"picked":"Metallicize","floor":3.0},{"not_picked":["Rupture","Seeing Red"],"picked":"Twin Strike","floor":5.0},{"not_picked":["Sever Soul","Inflame"],"picked":"Fire Breathing","floor":7.0},{"not_picked":["Anger","Perfected Strike","Corruption"],"picked":"Clothesline","floor":10.0},{"not_picked":["Reaper","Clash","Carnage"],"picked":"Infernal Blade","floor":12.0},{"not_picked":["Havoc","Twin Strike","Anger"],"picked":"Pummel","floor":14.0},{"not_picked":["Feed","Bludgeon","Dark Embrace"],"picked":"Demon Form","floor":16.0},{"not_picked":["Pommel Strike+1","Clothesline","Entrench"],"picked":"Sentinel","floor":18.0},{"not_picked":["Flame Barrier","Wild Strike","Clash+1"],"picked":"Armaments","floor":22.0},{"not_picked":["Perfected Strike+1","Pommel Strike","Havoc"],"picked":"Shrug It Off+1","floor":24.0},{"not_picked":["Battle Trance","Perfected Strike","Armaments"],"picked":"Headbutt+1","floor":25.0},{"not_picked":["Hemokinesis","Clothesline+1","Iron Wave"],"picked":"Cleave+1","floor":29.0},{"not_picked":["Shrug It Off","Dual Wield","Reaper"],"picked":"Shockwave+1","floor":30.0},{"not_picked":["Anger+1","Headbutt","Uppercut"],"picked":"Flex+1","floor":31.0},{"not_picked":["Berserk","Exhume","Immolate"],"picked":"Impervious","floor":33.0},{"not_picked":["Sword Boomerang","Havoc+1","Clash+1"],"picked":"Thunderclap+1","floor":35.0},{"not_picked":["PanicButton","Deep Breath","Mind Blast"],"picked":"Discovery","floor":36.0},{"not_picked":["Thinking Ahead","Madness","Panacea"],"picked":"Mind Blast","floor":36.0},{"not_picked":["Secret Technique","Dramatic Entrance","HandOfGreed"],"picked":"Madness","floor":36.0},{"not_picked":["Spot Weakness","Sever Soul+1","Body Slam"],"picked":"Sentinel+1","floor":39.0},{"not_picked":["Flex+1","Iron Wave","Warcry","Perfected Strike"],"picked":"SKIP","floor":41.0},{"not_picked":["Wild Strike","Carnage+1","Exhume"],"picked":"Ghostly Armor+1","floor":42.0},{"not_picked":["Clothesline","Evolve+1","Fire Breathing+1"],"picked":"Blood for Blood+1","floor":45.0},{"not_picked":["Searing Blow","Flex","Body Slam"],"picked":"Iron Wave","floor":47}],"player_experience":29075,"relics_obtained":[{"floor":7.0,"key":"Boot"},{"floor":9.0,"key":"Question Card"},{"floor":26.0,"key":"Peace Pipe"},{"floor":42.0,"key":"Whetstone"},{"floor":43.0,"key":"Pen Nib"},{"floor":45.0,"key":"Regal Pillow"},{"floor":48,"key":"Juzu Bracelet"}],"event_choices":[{"damage_healed":0.0,"max_hp_gain":0.0,"max_hp_loss":0.0,"gold_gain":0.0,"event_name":"The Woman in Blue","player_choice":"Bought 0 Potions","floor":4.0,"gold_loss":0.0,"damage_taken":0.0},{"damage_healed":0.0,"max_hp_gain":0.0,"max_hp_loss":0.0,"gold_gain":0.0,"event_name":"Ghosts","player_choice":"Ignored","floor":19.0,"gold_loss":0.0,"damage_taken":0.0},{"damage_healed":0.0,"max_hp_gain":0.0,"max_hp_loss":0.0,"gold_gain":0.0,"event_name":"The Mausoleum","player_choice":"Opened","floor":20.0,"gold_loss":0.0,"damage_taken":0.0,"relics_obtained":["Gambling Chip"]},{"damage_healed":0.0,"max_hp_gain":0.0,"max_hp_loss":0.0,"gold_gain":0.0,"event_name":"Vampires","player_choice":"Ignored","floor":21.0,"gold_loss":0.0,"damage_taken":0.0},{"damage_healed":0.0,"max_hp_gain":0.0,"max_hp_loss":0.0,"gold_gain":0.0,"event_name":"Match and Keep!","player_choice":"1 cards matched","floor":27.0,"gold_loss":0.0,"damage_taken":0.0,"cards_obtained":["Parasite"]},{"damage_healed":0.0,"max_hp_gain":0.0,"max_hp_loss":0.0,"gold_gain":0.0,"event_name":"SensoryStone","player_choice":"Memory 3","floor":36.0,"gold_loss":0.0,"damage_taken":10.0},{"damage_healed":22.0,"max_hp_gain":0.0,"max_hp_loss":0.0,"gold_gain":0.0,"event_name":"Winding Halls","player_choice":"Writhe","floor":38.0,"gold_loss":0.0,"damage_taken":0.0,"cards_obtained":["Writhe"]}],"is_beta":false,"boss_relics":[{"not_picked":["Eternal Feather","Tiny House"],"picked":"Astrolabe"},{"not_picked":["Fusion Hammer","Black Star"],"picked":"Cursed Key"}],"items_purged_floors":[37],"is_endless":false,"potions_floor_spawned":[3,5,14,18,25,30,33,42],"killed_by":"Donu and Deca","ascension_level":0}