{"path_per_floor":["M","M","?","$","?","R","?","E","T","R","$","M","M","M","R","B",null,"M","T","M","?","?","E","$"],"character_chosen":"THE_SILENT","items_purchased":["Footwork","Flying Knee"],"gold_per_floor":[110,126,126,51,51,51,80,123,123,123,47,61,75,88,88,209,209,197,223,241,186,186,221,70],"floor_reached":25,"campfire_rested":1,"playtime":2112,"current_hp_per_floor":[65,62,62,62,45,45,27,5,5,26,26,38,38,47,47,40,63,63,63,63,63,47,45,45],"items_purged":["Strike_G","Strike_G"],"gold":70,"score":274,"play_id":"75f8eccb-b8e5-4436-9aab-d68954ae66f2","is_prod":false,"is_daily":false,"is_ascension_mode":true,"campfire_upgraded":2,"path_taken":["M","M","?","$","?","R","?","E","T","R","$","?","M","M","R","BOSS","M","?","M","?","?","E","$","E"],"build_version":"2018-02-12-PROD1","purchased_purges":2,"victory":false,"master_deck":["Defend_G","Defend_G","Defend_G","Defend_G","Defend_G","Strike_G","Strike_G","Strike_G","Survivor","Neutralize+1","Backflip","Dash","Blur","Footwork+1","Backflip","After Image","Backflip","Necronomicurse","Die Die Die","Flying Knee"],"max_hp_per_floor":[70,70,70,70,70,70,70,70,70,70,70,70,70,70,70,70,70,70,70,70,70,70,70,70],"relics":["Ring of the Snake","Orichalcum","Golden Idol","Odd Mushroom","Ornamental Fan","Meat on the Bone","Sozu","Oddly Smooth Stone","Tiny Chest","Necronomicon","Ancient Tea Set"],"card_choices":[{"not_picked":["Finisher","Deadly Poison"],"picked":"Backflip"},{"not_picked":["Distraction","Bane"],"picked":"Dash"},{"not_picked":["Cloak And Dagger","Unload"],"picked":"Blur"},{"not_picked":["Night Terror","Deflect"],"picked":"Backflip"},{"not_picked":["Die Die Die","Unload"],"picked":"After Image"},{"not_picked":["Slice","Deflect"],"picked":"Backflip"},{"not_picked":["Reflex","Bane"],"picked":"Die Die Die"}],"player_experience":247564,"potions_floor_usage":[],"damage_taken":[{"damage":5.0,"enemies":"Small Slimes","floor":1.0,"turns":5.0},{"damage":3.0,"enemies":"Blue Slaver","floor":2.0,"turns":7.0},{"damage":18.0,"enemies":"The Mushroom Lair","floor":7.0,"turns":7.0},{"damage":37.0,"enemies":"Lagavulin","floor":8.0,"turns":13.0},{"damage":0.0,"enemies":"2 Louse","floor":12.0,"turns":4.0},{"damage":0.0,"enemies":"Large Slime","floor":13.0,"turns":10.0},{"damage":3.0,"enemies":"2 Fungi Beasts","floor":14.0,"turns":7.0},{"damage":7.0,"enemies":"The Guardian","floor":16.0,"turns":21.0},{"damage":0,"enemies":"2 Thieves","floor":18,"turns":4},{"damage":0,"enemies":"Shell Parasite","floor":20,"turns":12},{"damage":2,"enemies":"Book of Stabbing","floor":23,"turns":11},{"damage":57,"enemies":"Gremlin Leader","floor":25,"turns":11}],"event_choices":[{"event_name":"Wheel of Change","player_choice":"Relic","floor":3.0,"damage_taken":0.0},{"event_name":"Golden Idol","player_choice":"Take Damage","floor":5.0,"damage_taken":0.0},{"event_name":"Mushrooms","player_choice":"Fought Mushrooms","floor":7.0,"damage_taken":0.0},{"event_name":"Addict","player_choice":"Obtained Relic","floor":21,"damage_taken":0},{"event_name":"Cursed Tome","player_choice":"Obtained Book","floor":22,"damage_taken":0}],"boss_relics":[{"not_picked":["Eternal Feather","Question Card"],"picked":"Sozu"}],"potions_floor_spawned":[7,8,12,13,18,20,23],"seed_played":"-6158402710358001372","killed_by":"Gremlin Leader","ascension_level":5,"is_trial":false}