{"gold_per_floor":[116,116,191,141,141,141,185,185,208,243,257,281,130,146,146,276,276,301,301,301,317,317,358,358,104,104,144,69,87,87,102,102,233,233,254,254,254,254,275,314,314,189,189,220,553,586,598,300,300,300,300,300,48,79,79],"floor_reached":55,"playtime":3947,"items_purged":["Strike_R","Strike_R+1","Writhe"],"score":913,"play_id":"99f67738-8d55-4067-84f5-e4dce28a40fa","local_time":"20190315175759","is_ascension_mode":true,"campfire_choices":[{"floor":6.0,"key":"RECALL"},{"data":"Barricade","floor":8.0,"key":"SMITH"},{"data":"Armaments","floor":15.0,"key":"SMITH"},{"data":"Demon Form","floor":24.0,"key":"SMITH"},{"data":"Inflame","floor":32.0,"key":"SMITH"},{"data":"Madness","floor":41.0,"key":"SMITH"},{"data":"Flame Barrier","floor":49,"key":"SMITH"},{"data":"Madness","floor":52,"key":"SMITH"}],"neow_cost":"NONE","seed_source_timestamp":0,"circlet_count":0,"master_deck":["Strike_R+1","Strike_R+1","Defend_R+1","Defend_R+1","Defend_R+1","Bash","Armaments+1","Barricade+1","Battle Trance","Battle Trance","Carnage","Immolate","Reaper","Demon Form+1","Metallicize+1","Inflame+1","Disarm+1","Shrug It Off","Spot Weakness+1","Madness+1","Madness+1","Pummel+1","Pommel Strike+1","Heavy Blade+1","Flame Barrier+1","Good Instincts","Chrysalis","Shrug It Off+1","Metallicize"],"special_seed":0,"relics":["Burning Blood","NeowsBlessing","NlothsMask","Vajra","Prayer Wheel","Philosopher\u0027s Stone","Enchiridion","Bottled Lightning","Juzu Bracelet","Question Card","Dream Catcher","Sozu","Shuriken","Singing Bowl","Happy Flower","Boot","War Paint","Ornamental Fan"],"potions_floor_usage":[55],"damage_taken":[{"damage":0.0,"enemies":"2 Louse","floor":1.0,"turns":2.0},{"damage":0.0,"enemies":"3 Sentries","floor":7.0,"turns":2.0},{"damage":0.0,"enemies":"Gremlin Nob","floor":10.0,"turns":1.0},{"damage":0.0,"enemies":"Small Slimes","floor":11.0,"turns":4.0},{"damage":1.0,"enemies":"Cultist","floor":12.0,"turns":3.0},{"damage":14.0,"enemies":"Blue Slaver","floor":14.0,"turns":3.0},{"damage":49.0,"enemies":"The Guardian","floor":16.0,"turns":11.0},{"damage":7.0,"enemies":"Chosen","floor":18.0,"turns":4.0},{"damage":24.0,"enemies":"2 Thieves","floor":21.0,"turns":3.0},{"damage":12.0,"enemies":"Book of Stabbing","floor":23.0,"turns":7.0},{"damage":13.0,"enemies":"Gremlin Leader","floor":27.0,"turns":7.0},{"damage":14.0,"enemies":"3 Cultists","floor":29.0,"turns":3.0},{"damage":0.0,"enemies":"Snake Plant","floor":31.0,"turns":6.0},{"damage":35.0,"enemies":"Champ","floor":33.0,"turns":8.0},{"damage":15.0,"enemies":"3 Shapes","floor":35.0,"turns":3.0},{"damage":2.0,"enemies":"Orb Walker","floor":39.0,"turns":4.0},{"damage":48.0,"enemies":"Giant Head","floor":40.0,"turns":8.0},{"damage":11.0,"enemies":"Reptomancer","floor":44.0,"turns":6.0},{"damage":33.0,"enemies":"Giant Head","floor":46.0,"turns":7.0},{"damage":13,"enemies":"Maw","floor":47,"turns":6},{"damage":47,"enemies":"Donu and Deca","floor":50,"turns":8},{"damage":56,"enemies":"Shield and Spear","floor":54,"turns":6},{"damage":98,"enemies":"The Heart","floor":55,"turns":6}],"seed_played":"-8417383306124428971","potions_obtained":[{"floor":7.0,"key":"Block Potion"},{"floor":11.0,"key":"Regen Potion"},{"floor":12.0,"key":"BloodPotion"},{"floor":14.0,"key":"FearPotion"},{"floor":21.0,"key":"AttackPotion"},{"floor":23.0,"key":"FearPotion"},{"floor":27.0,"key":"SkillPotion"},{"floor":29.0,"key":"Strength Potion"}],"is_trial":false,"path_per_floor":["M","?","?","?","?","R","E","R","T","E","M","M","$","M","R","B",null,"M","?","?","M","?","E","R","$","T","E","?","M","?","M","R","B",null,"M","?","?","?","M","E","R","$","T","E","?","E","M","$","R","B",null,"R","$","E","B"],"character_chosen":"IRONCLAD","items_purchased":["Immolate","Juzu Bracelet","Flame Barrier","Good Instincts","Chrysalis","Shrug It Off","Metallicize","War Paint"],"campfire_rested":0,"item_purchase_floors":[13,25,48,48,48,53,53,53],"current_hp_per_floor":[80,60,49,49,49,49,55,55,55,61,67,72,72,64,64,21,80,79,79,63,45,45,62,62,62,62,73,73,65,65,71,71,42,80,71,71,61,61,80,53,53,53,53,62,62,71,79,79,79,54,86,86,86,71,0],"gold":79,"neow_bonus":"THREE_ENEMY_KILL","is_prod":false,"is_daily":false,"chose_seed":false,"campfire_upgraded":7,"win_rate":0,"timestamp":1552687079,"path_taken":["M","?","?","?","?","R","E","R","T","E","?","M","$","M","R","BOSS","M","?","?","M","?","E","R","$","T","E","?","M","?","M","R","BOSS","M","?","?","?","M","E","R","?","T","E","?","E","M","$","R","BOSS","R","$","E","BOSS"],"build_version":"2019-01-23","purchased_purges":3,"victory":false,"max_hp_per_floor":[80,80,80,80,80,80,80,80,80,80,80,80,80,80,80,80,80,80,80,80,80,80,80,80,80,80,80,80,80,80,80,80,80,80,80,80,80,80,80,80,80,80,80,82,82,84,86,86,86,86,86,86,86,88,88],"card_choices":[{"not_picked":["Sever Soul","Iron Wave"],"picked":"Armaments","floor":1.0},{"not_picked":["Dropkick","Havoc"],"picked":"Barricade","floor":7.0},{"not_picked":["Thunderclap","Cleave","Clothesline"],"picked":"SKIP","floor":10.0},{"not_picked":["Shrug It Off","Intimidate"],"picked":"Battle Trance","floor":11.0},{"not_picked":["Iron Wave","Sentinel"],"picked":"Battle Trance","floor":11.0},{"not_picked":["Entrench","Wild Strike"],"picked":"Carnage","floor":12.0},{"not_picked":["Brutality","Cleave","Havoc"],"picked":"SKIP","floor":12.0},{"not_picked":["Perfected Strike","Sword Boomerang"],"picked":"Reaper","floor":14.0},{"not_picked":["Fire Breathing","Headbutt"],"picked":"Whirlwind","floor":14.0},{"not_picked":["Double Tap","Dark Embrace"],"picked":"Demon Form","floor":16.0},{"not_picked":["Entrench","Perfected Strike+1"],"picked":"Metallicize+1","floor":18.0},{"not_picked":["Heavy Blade","Rampage+1","Cleave+1"],"picked":"SKIP","floor":18.0},{"not_picked":["Pummel","Feel No Pain+1"],"picked":"Inflame","floor":21.0},{"not_picked":["Carnage","Rupture","Power Through"],"picked":"SKIP","floor":21.0},{"not_picked":["Shrug It Off","Barricade"],"picked":"Disarm","floor":23.0},{"not_picked":["Iron Wave","Warcry+1","Sword Boomerang"],"picked":"SKIP","floor":27.0},{"not_picked":["Whirlwind","Combust+1","Power Through"],"picked":"Shrug It Off","floor":29.0},{"not_picked":["Armaments","Sentinel","Pummel","Perfected Strike+1"],"picked":"SKIP","floor":29.0},{"not_picked":["Armaments","Sentinel","Pummel","Perfected Strike+1"],"picked":"SKIP","floor":29.0},{"not_picked":["Pommel Strike","Headbutt","Whirlwind"],"picked":"Spot Weakness+1","floor":31.0},{"not_picked":["Twin Strike","Searing Blow+1","Hemokinesis+1","Seeing Red"],"picked":"SKIP","floor":31.0},{"not_picked":["Ghostly Armor","Burning Pact","Rupture","Sword Boomerang+1"],"picked":"SKIP","floor":35.0},{"not_picked":["Thunderclap","Blood for Blood","Wild Strike","Clash"],"picked":"SKIP","floor":35.0},{"not_picked":["Cleave","Warcry","Sever Soul+1"],"picked":"Pummel+1","floor":39.0},{"not_picked":["Flex","Perfected Strike","Body Slam","Heavy Blade"],"picked":"SKIP","floor":39.0},{"not_picked":["Perfected Strike+1","Anger","Sword Boomerang+1"],"picked":"Pommel Strike+1","floor":40.0},{"not_picked":["Berserk","Perfected Strike+1","Warcry","Pommel Strike"],"picked":"Singing Bowl","floor":44.0},{"not_picked":["Armaments","Havoc+1","Warcry+1","Wild Strike"],"picked":"Singing Bowl","floor":46.0},{"not_picked":["Burning Pact","Second Wind+1","Searing Blow+1","Inflame"],"picked":"Singing Bowl","floor":47},{"not_picked":["Cleave+1","Havoc+1","Twin Strike"],"picked":"Heavy Blade+1","floor":47},{"not_picked":["Flex+1","Uppercut","Dark Embrace","Dual Wield+1"],"picked":"Singing Bowl","floor":54}],"player_experience":301798,"relics_obtained":[{"floor":7.0,"key":"Vajra"},{"floor":10.0,"key":"Prayer Wheel"},{"floor":20.0,"key":"Enchiridion"},{"floor":23.0,"key":"Bottled Lightning"},{"floor":27.0,"key":"Question Card"},{"floor":40.0,"key":"Shuriken"},{"floor":43.0,"key":"Singing Bowl"},{"floor":44.0,"key":"Happy Flower"},{"floor":46.0,"key":"Boot"},{"floor":54,"key":"Ornamental Fan"}],"event_choices":[{"damage_healed":0.0,"max_hp_gain":0.0,"max_hp_loss":0.0,"gold_gain":0.0,"event_name":"Golden Idol","player_choice":"Take Damage","floor":2.0,"gold_loss":0.0,"damage_taken":20.0,"relics_obtained":["Golden Idol"]},{"damage_healed":0.0,"max_hp_gain":0.0,"max_hp_loss":0.0,"gold_gain":75.0,"event_name":"World of Goop","player_choice":"Gather Gold","floor":3.0,"gold_loss":0.0,"damage_taken":11.0},{"cards_removed":["Strike_R"],"damage_healed":0.0,"max_hp_gain":0.0,"max_hp_loss":0.0,"gold_gain":0.0,"event_name":"The Cleric","player_choice":"Card Removal","floor":4.0,"gold_loss":50.0,"damage_taken":0.0},{"damage_healed":0.0,"max_hp_gain":0.0,"max_hp_loss":0.0,"gold_gain":0.0,"event_name":"FaceTrader","player_choice":"Trade","floor":5.0,"gold_loss":0.0,"damage_taken":0.0,"relics_obtained":["NlothsMask"]},{"damage_healed":0.0,"max_hp_gain":0.0,"max_hp_loss":0.0,"gold_gain":0.0,"event_name":"Back to Basics","player_choice":"Simplicity","floor":19.0,"gold_loss":0.0,"damage_taken":0.0,"cards_upgraded":["Strike_R","Strike_R","Strike_R","Defend_R","Defend_R","Defend_R","Defend_R"]},{"damage_healed":0.0,"max_hp_gain":0.0,"max_hp_loss":0.0,"gold_gain":0.0,"event_name":"Cursed Tome","player_choice":"Obtained Book","floor":20.0,"gold_loss":0.0,"damage_taken":16.0},{"damage_healed":0.0,"max_hp_gain":0.0,"max_hp_loss":0.0,"gold_gain":0.0,"event_name":"Vampires","player_choice":"Ignored","floor":22.0,"gold_loss":0.0,"damage_taken":0.0},{"cards_removed":["Defend_R"],"damage_healed":0.0,"max_hp_gain":0.0,"max_hp_loss":0.0,"gold_gain":0.0,"event_name":"Beggar","player_choice":"Gave Gold","floor":28.0,"gold_loss":75.0,"damage_taken":0.0},{"damage_healed":0.0,"max_hp_gain":0.0,"max_hp_loss":0.0,"gold_gain":0.0,"event_name":"The Mausoleum","player_choice":"Opened","floor":30.0,"gold_loss":0.0,"damage_taken":0.0,"relics_obtained":["Dream Catcher"],"cards_obtained":["Writhe"]},{"cards_removed":["Whirlwind"],"damage_healed":0.0,"max_hp_gain":0.0,"max_hp_loss":0.0,"gold_gain":0.0,"event_name":"Falling","player_choice":"Removed Attack","floor":36.0,"gold_loss":0.0,"damage_taken":0.0},{"damage_healed":0.0,"max_hp_gain":0.0,"max_hp_loss":0.0,"gold_gain":0.0,"event_name":"Winding Halls","player_choice":"Embrace Madness","floor":37.0,"gold_loss":0.0,"damage_taken":10.0,"cards_obtained":["Madness","Madness"]},{"damage_healed":0.0,"max_hp_gain":0.0,"max_hp_loss":0.0,"gold_gain":0.0,"event_name":"Tomb of Lord Red Mask","player_choice":"Ignored","floor":38.0,"gold_loss":0.0,"damage_taken":0.0},{"damage_healed":0.0,"max_hp_gain":0.0,"max_hp_loss":0.0,"gold_gain":333.0,"event_name":"The Moai Head","player_choice":"Gave Idol","floor":45.0,"relics_lost":["Golden Idol"],"gold_loss":0.0,"damage_taken":0.0}],"is_beta":false,"boss_relics":[{"not_picked":["Runic Pyramid","Empty Cage"],"picked":"Philosopher\u0027s Stone"},{"not_picked":["Runic Dome","Velvet Choker"],"picked":"Sozu"}],"items_purged_floors":[13,25,42],"is_endless":false,"potions_floor_spawned":[7,11,12,14,21,23,27,29,40,44],"killed_by":"The Heart","ascension_level":1}