{"gold_per_floor":[109,123,141,159,159,190,190,221,221,283,300,300,1,15,15,119,119,132,151,5,0,0,0,14,14],"floor_reached":25,"playtime":2513,"items_purged":[],"score":323,"play_id":"bd50fd6f-3091-49bd-b14f-912e9b6e2525","local_time":"20190120224812","is_ascension_mode":true,"campfire_choices":[{"data":"Noxious Fumes","floor":7,"key":"SMITH"},{"data":"A Thousand Cuts","floor":15,"key":"SMITH"},{"floor":23,"key":"REST"}],"neow_cost":"PERCENT_DAMAGE","seed_source_timestamp":8408450424167,"circlet_count":0,"master_deck":["Defend_G","Defend_G+1","Defend_G","Defend_G","Defend_G","Strike_G","Strike_G","Strike_G","Strike_G","Strike_G","Survivor","Neutralize","After Image","Infinite Blades","Blur+1","PiercingWail","Noxious Fumes+1","Poisoned Stab","Cloak And Dagger","A Thousand Cuts+1","Noxious Fumes","Backflip","After Image","Terror","Infinite Blades","Caltrops"],"relics":["Ring of the Snake","War Paint","Pantograph","Question Card","Tiny Chest","Molten Egg 2","Runic Pyramid","Lantern"],"potions_floor_usage":[6,8,10,16,25,25],"damage_taken":[{"damage":10,"enemies":"Jaw Worm","floor":1,"turns":9},{"damage":0,"enemies":"Small Slimes","floor":2,"turns":3},{"damage":6,"enemies":"2 Louse","floor":3,"turns":5},{"damage":2,"enemies":"2 Fungi Beasts","floor":4,"turns":5},{"damage":25,"enemies":"Gremlin Nob","floor":6,"turns":7},{"damage":17,"enemies":"3 Sentries","floor":8,"turns":7},{"damage":6,"enemies":"Lagavulin","floor":10,"turns":10},{"damage":13,"enemies":"Exordium Wildlife","floor":11,"turns":5},{"damage":1,"enemies":"3 Louse","floor":14,"turns":5},{"damage":25,"enemies":"Slime Boss","floor":16,"turns":8},{"damage":0,"enemies":"Spheric Guardian","floor":18,"turns":5},{"damage":7,"enemies":"Shell Parasite","floor":19,"turns":8},{"damage":20,"enemies":"Colosseum Slavers","floor":22,"turns":6},{"damage":12,"enemies":"Snecko","floor":24,"turns":6},{"damage":42,"enemies":"Slavers","floor":25,"turns":4}],"seed_played":"152000621674871728","potions_obtained":[{"floor":3,"key":"Block Potion"},{"floor":6,"key":"Regen Potion"},{"floor":8,"key":"Ancient Potion"},{"floor":16,"key":"Explosive Potion"},{"floor":19,"key":"EssenceOfSteel"}],"is_trial":false,"path_per_floor":["M","M","M","M","?","E","R","E","T","E","M","?","$","M","R","B",null,"M","M","$","?","?","R","M","E"],"character_chosen":"THE_SILENT","items_purchased":["Molten Egg 2","Weak Potion","Lantern"],"campfire_rested":1,"item_purchase_floors":[13,13,20],"current_hp_per_floor":[35,35,29,27,50,25,25,23,23,17,4,4,4,3,3,3,53,53,46,46,46,26,47,35,0],"gold":14,"neow_bonus":"THREE_RARE_CARDS","is_prod":false,"is_daily":false,"chose_seed":true,"campfire_upgraded":2,"win_rate":0,"timestamp":1548053292,"path_taken":["M","M","M","M","?","E","R","E","T","E","M","?","$","M","R","BOSS","M","M","$","?","?","R","M","E"],"build_version":"2019-01-17v2","purchased_purges":0,"victory":false,"max_hp_per_floor":[70,70,70,70,70,70,70,70,70,70,70,70,70,70,70,70,70,70,70,70,70,70,70,70,70],"card_choices":[{"not_picked":["Burst","Phantasmal Killer"],"picked":"After Image","floor":0},{"not_picked":["Quick Slash","Caltrops"],"picked":"Infinite Blades","floor":1},{"not_picked":["Quick Slash","Endless Agony"],"picked":"Blur","floor":2},{"not_picked":["Deflect","Bouncing Flask"],"picked":"PiercingWail","floor":3},{"not_picked":["Acrobatics","PiercingWail"],"picked":"Noxious Fumes","floor":4},{"not_picked":["Flechettes","Bouncing Flask"],"picked":"Poisoned Stab","floor":6},{"not_picked":["Blade Dance","Dagger Spray"],"picked":"Cloak And Dagger","floor":8},{"not_picked":["Dagger Spray","Predator","Deflect"],"picked":"A Thousand Cuts","floor":10},{"not_picked":["Riddle With Holes","Deflect","Dagger Spray"],"picked":"Noxious Fumes","floor":11},{"not_picked":["Deadly Poison","Masterful Stab+1","Poisoned Stab+1"],"picked":"Backflip","floor":14},{"not_picked":["Burst","Bullet Time","Corpse Explosion"],"picked":"After Image","floor":16},{"not_picked":["Underhanded Strike+1","Well Laid Plans","Sucker Punch+1"],"picked":"Terror","floor":18},{"not_picked":["Riddle With Holes+1","Outmaneuver","Quick Slash+1"],"picked":"Infinite Blades","floor":19},{"not_picked":["Riddle With Holes+1","Bouncing Flask+1","Predator+1"],"picked":"Caltrops","floor":24}],"player_experience":305439,"relics_obtained":[{"floor":6,"key":"War Paint"},{"floor":8,"key":"Pantograph"},{"floor":9,"key":"Question Card"},{"floor":10,"key":"Tiny Chest"}],"event_choices":[{"damage_healed":23,"gold_gain":0,"player_choice":"Banana","damage_taken":0,"max_hp_gain":0,"max_hp_loss":0,"event_name":"Big Fish","floor":5,"gold_loss":0},{"damage_healed":0,"gold_gain":0,"player_choice":"Ignored","damage_taken":0,"max_hp_gain":0,"max_hp_loss":0,"event_name":"Shining Light","floor":12,"gold_loss":0},{"damage_healed":0,"gold_gain":0,"player_choice":"Paid Fearfully","damage_taken":0,"max_hp_gain":0,"max_hp_loss":0,"event_name":"Masked Bandits","floor":21,"gold_loss":5},{"damage_healed":0,"gold_gain":0,"player_choice":"Fight","damage_taken":0,"max_hp_gain":0,"max_hp_loss":0,"event_name":"Colosseum","floor":22,"gold_loss":0},{"damage_healed":0,"gold_gain":0,"player_choice":"Fled From Nobs","damage_taken":0,"max_hp_gain":0,"max_hp_loss":0,"event_name":"Colosseum","floor":22,"gold_loss":0}],"is_beta":false,"boss_relics":[{"not_picked":["Velvet Choker","HoveringKite"],"picked":"Runic Pyramid"}],"items_purged_floors":[],"is_endless":false,"potions_floor_spawned":[3,6,8,16,19],"killed_by":"Slavers","ascension_level":9}