{"gold_per_floor":[116,116,116,131,31,31,46,81,151,151,185,197,231,131,131,234,234,252,352,352,369,459,459,469,469,469,484,15,15,40,60,60,161,161,177,177,190,30,48,48,62,62,62,62,79,89,89,89,89,89],"floor_reached":51,"playtime":2524,"items_purged":["Regret","Defend_G","Shame"],"score":785,"play_id":"e606e218-aa58-4fe4-8bbd-a6f9cca1e64b","local_time":"20190102044823","is_ascension_mode":false,"campfire_choices":[{"data":"Deadly Poison","floor":6,"key":"SMITH"},{"data":"Bouncing Flask","floor":10,"key":"SMITH"},{"data":"Glass Knife","floor":15,"key":"SMITH"},{"data":"PiercingWail","floor":23,"key":"SMITH"},{"floor":25,"key":"REST"},{"data":"Distraction","floor":29,"key":"SMITH"},{"data":"Catalyst","floor":32,"key":"SMITH"},{"data":"Adrenaline","floor":40,"key":"SMITH"},{"data":"After Image","floor":42,"key":"SMITH"},{"data":"Leg Sweep","floor":47,"key":"SMITH"},{"floor":49,"key":"REST"}],"neow_cost":"NONE","seed_source_timestamp":1071174480377901,"circlet_count":0,"master_deck":["Defend_G","Defend_G","Defend_G","Strike_G","Strike_G","Strike_G","Survivor","Neutralize","Blind+1","Riddle With Holes","Backflip","Deadly Poison+1","Bouncing Flask+1","After Image+1","Glass Knife+1","Flying Knee","Leg Sweep+1","A Thousand Cuts+1","Distraction+1","PiercingWail+1","Crippling Poison","Sadistic Nature+1","Well Laid Plans+1","Catalyst+1","Adrenaline+1","Leg Sweep+1","Doppelganger+1","Wraith Form v2+1","Noxious Fumes+1","Blur+1","Parasite","Deadly Poison+1"],"relics":["Ring of the Snake","PreservedInsect","Ornamental Fan","Frozen Egg 2","Ninja Scroll","Centennial Puzzle","Cursed Key","Nunchaku","Blue Candle","Bottled Lightning","Pear","Bottled Tornado","Astrolabe","Gremlin Horn"],"potions_floor_usage":[8,16,19,30,33,46,46,50,50,50,50,50],"damage_taken":[{"damage":1,"enemies":"Cultist","floor":1,"turns":4},{"damage":7,"enemies":"2 Louse","floor":4,"turns":3},{"damage":0,"enemies":"Jaw Worm","floor":7,"turns":4},{"damage":4,"enemies":"Gremlin Nob","floor":8,"turns":3},{"damage":2,"enemies":"Lagavulin","floor":11,"turns":5},{"damage":0,"enemies":"Lots of Slimes","floor":12,"turns":4},{"damage":6,"enemies":"3 Sentries","floor":13,"turns":5},{"damage":0,"enemies":"Hexaghost","floor":16,"turns":8},{"damage":2,"enemies":"Shell Parasite","floor":18,"turns":5},{"damage":7,"enemies":"Colosseum Slavers","floor":19,"turns":5},{"damage":5,"enemies":"Colosseum Nobs","floor":19,"turns":4},{"damage":7,"enemies":"Spheric Guardian","floor":21,"turns":4},{"damage":7,"enemies":"Centurion and Healer","floor":24,"turns":6},{"damage":9,"enemies":"Snake Plant","floor":27,"turns":4},{"damage":0,"enemies":"Gremlin Leader","floor":30,"turns":3},{"damage":9,"enemies":"Sentry and Sphere","floor":31,"turns":5},{"damage":40,"enemies":"Collector","floor":33,"turns":8},{"damage":0,"enemies":"Orb Walker","floor":35,"turns":2},{"damage":0,"enemies":"3 Shapes","floor":37,"turns":3},{"damage":19,"enemies":"Spire Growth","floor":39,"turns":4},{"damage":14,"enemies":"4 Shapes","floor":41,"turns":4},{"damage":1,"enemies":"3 Darklings","floor":45,"turns":3},{"damage":0,"enemies":"Maw","floor":46,"turns":6},{"damage":51,"enemies":"Time Eater","floor":50,"turns":10}],"seed_played":"5351765577604410904","potions_obtained":[{"floor":4,"key":"AttackPotion"},{"floor":7,"key":"Ancient Potion"},{"floor":13,"key":"Energy Potion"},{"floor":16,"key":"FearPotion"},{"floor":19,"key":"GamblersBrew"},{"floor":24,"key":"EssenceOfSteel"},{"floor":27,"key":"Energy Potion"},{"floor":33,"key":"Regen Potion"},{"floor":37,"key":"Swift Potion"},{"floor":46,"key":"EntropicBrew"}],"is_trial":false,"path_per_floor":["M","?","?","M","$","R","M","E","T","R","E","M","E","$","R","B",null,"M","?","?","M","?","R","M","R","T","M","$","R","E","M","R","B",null,"M","?","M","$","M","R","M","R","T","?","M","M","R","$","R","B",null],"character_chosen":"THE_SILENT","items_purchased":["Deadly Poison","Sadistic Nature+1","Well Laid Plans+1","Pear","Noxious Fumes+1"],"campfire_rested":2,"item_purchase_floors":[5,28,28,28,38],"current_hp_per_floor":[69,69,69,62,62,62,62,58,58,58,56,56,50,50,50,50,70,68,56,56,49,35,35,28,49,49,40,50,50,50,41,41,1,80,80,80,80,80,61,61,47,47,47,39,38,53,53,53,77,26],"gold":89,"neow_bonus":"RANDOM_COLORLESS","is_prod":false,"is_daily":false,"chose_seed":false,"campfire_upgraded":9,"win_rate":0,"timestamp":1546372103,"path_taken":["M","?","?","?","$","R","M","E","T","R","E","M","E","$","R","BOSS","M","?","?","M","?","R","M","R","T","M","$","R","E","M","R","BOSS","M","?","M","$","M","R","M","R","T","?","?","M","R","$","R","BOSS"],"build_version":"2018-12-20","purchased_purges":3,"victory":true,"max_hp_per_floor":[70,70,70,70,70,70,70,70,70,70,70,70,70,70,70,70,70,70,70,70,70,70,70,70,70,70,70,80,80,80,80,80,80,80,80,80,80,80,80,80,80,80,80,80,80,80,80,80,80,80],"card_choices":[{"not_picked":["Acrobatics","Skewer"],"picked":"Riddle With Holes","floor":1},{"not_picked":["Footwork","Choke"],"picked":"Backflip","floor":4},{"not_picked":["Caltrops","Backflip"],"picked":"Bouncing Flask","floor":7},{"not_picked":["Cloak And Dagger","PiercingWail"],"picked":"After Image","floor":8},{"not_picked":["Dagger Spray","PiercingWail"],"picked":"Glass Knife","floor":11},{"not_picked":["Eviscerate","Expertise"],"picked":"Flying Knee","floor":12},{"not_picked":["Dagger Throw","Prepared"],"picked":"Leg Sweep","floor":13},{"not_picked":["Die Die Die","Malaise"],"picked":"A Thousand Cuts+1","floor":16},{"not_picked":["Acrobatics","Flying Knee"],"picked":"Distraction","floor":18},{"not_picked":["Masterful Stab","Sucker Punch+1"],"picked":"PiercingWail","floor":19},{"not_picked":["Flechettes","Poisoned Stab"],"picked":"Crippling Poison","floor":21},{"not_picked":["Terror","Caltrops+1","Quick Slash"],"picked":"SKIP","floor":24},{"not_picked":["Prepared","Cloak And Dagger+1","Outmaneuver"],"picked":"SKIP","floor":27},{"not_picked":["A Thousand Cuts+1","Underhanded Strike","Skewer"],"picked":"SKIP","floor":30},{"not_picked":["Calculated Gamble","Bouncing Flask"],"picked":"Catalyst","floor":31},{"not_picked":["Corpse Explosion","Die Die Die"],"picked":"Adrenaline","floor":33},{"not_picked":["Underhanded Strike+1","Sucker Punch+1","Cloak And Dagger"],"picked":"SKIP","floor":35},{"not_picked":["Backflip","PiercingWail","Finisher"],"picked":"SKIP","floor":37},{"not_picked":["Dagger Throw+1","Finisher","Quick Slash+1"],"picked":"SKIP","floor":39},{"not_picked":["Outmaneuver+1","Dagger Throw+1"],"picked":"Blur+1","floor":41},{"not_picked":["Backflip","Noxious Fumes+1"],"picked":"Deadly Poison+1","floor":45},{"not_picked":["Sucker Punch+1","Flying Knee","Acrobatics+1"],"picked":"SKIP","floor":46}],"player_experience":295169,"relics_obtained":[{"floor":8,"key":"Ornamental Fan"},{"floor":9,"key":"Frozen Egg 2"},{"floor":11,"key":"Ninja Scroll"},{"floor":13,"key":"Centennial Puzzle"},{"floor":19,"key":"Nunchaku"},{"floor":19,"key":"Blue Candle"},{"floor":26,"key":"Bottled Lightning"},{"floor":30,"key":"Bottled Tornado"},{"floor":43,"key":"Gremlin Horn"}],"event_choices":[{"damage_healed":0,"gold_gain":0,"player_choice":"Box","damage_taken":0,"relics_obtained":["PreservedInsect"],"max_hp_gain":0,"max_hp_loss":0,"event_name":"Big Fish","floor":2,"gold_loss":0,"cards_obtained":["Regret"]},{"damage_healed":0,"gold_gain":0,"player_choice":"Forge","damage_taken":0,"max_hp_gain":0,"max_hp_loss":0,"event_name":"Accursed Blacksmith","floor":3,"gold_loss":0,"cards_upgraded":["Blind"]},{"damage_healed":0,"gold_gain":0,"player_choice":"Fight","damage_taken":0,"max_hp_gain":0,"max_hp_loss":0,"event_name":"Colosseum","floor":19,"gold_loss":0},{"damage_healed":0,"gold_gain":0,"player_choice":"Fought Nobs","damage_taken":0,"max_hp_gain":0,"max_hp_loss":0,"event_name":"Colosseum","floor":19,"gold_loss":0},{"damage_healed":0,"gold_gain":0,"player_choice":"Ignored","damage_taken":0,"max_hp_gain":0,"max_hp_loss":0,"event_name":"Vampires","floor":20,"gold_loss":0},{"damage_healed":0,"gold_gain":90,"player_choice":"GOLD ","damage_taken":14,"max_hp_gain":0,"max_hp_loss":0,"event_name":"Knowing Skull","floor":22,"potions_obtained":[],"gold_loss":0,"cards_obtained":[]},{"damage_healed":0,"gold_gain":0,"player_choice":"Ignored","damage_taken":0,"max_hp_gain":0,"max_hp_loss":0,"event_name":"Mysterious Sphere","floor":36,"gold_loss":0},{"damage_healed":0,"gold_gain":0,"player_choice":"Damaged","damage_taken":8,"max_hp_gain":0,"max_hp_loss":0,"event_name":"Wheel of Change","floor":44,"gold_loss":0}],"is_beta":false,"boss_relics":[{"not_picked":["Velvet Choker","Ectoplasm"],"picked":"Cursed Key"},{"not_picked":["Runic Dome","Calling Bell"],"picked":"Astrolabe"}],"items_purged_floors":[5,14,38],"is_endless":false,"potions_floor_spawned":[4,7,13,16,19,24,27,33,37,46],"ascension_level":0}