{"gold_per_floor":[109,123,143,71,71,71,98,98,98,124,136,136,61,81,81,178,178,197,197,75,75,94,94,112,138,138,88,88,98,98,48,48,144,144,159,90,100,15,31,63,63],"floor_reached":41,"playtime":2448,"items_purged":["Strike_G+1","Strike_G+1"],"score":584,"play_id":"4149ad58-610c-4478-ac21-e0a0a3f0a8ea","local_time":"20190313220355","is_ascension_mode":true,"campfire_choices":[{"data":"Metamorphosis","floor":6,"key":"SMITH"},{"floor":15,"key":"REST"},{"floor":23,"key":"REST"},{"floor":28,"key":"REST"},{"floor":30,"key":"REST"},{"data":"Leg Sweep","floor":32,"key":"SMITH"}],"neow_cost":"TEN_PERCENT_HP_LOSS","seed_source_timestamp":362522324974483,"circlet_count":0,"master_deck":["Defend_G+1","Defend_G+1","Defend_G+1","Defend_G+1","Defend_G+1","Strike_G+1","Survivor","Neutralize","Good Instincts","Metamorphosis+1","Deadly Poison","Deadly Poison","Leg Sweep+1","Caltrops","Prepared","Tools of the Trade+1","Blur","Well Laid Plans+1","Reflex","Corpse Explosion","Deflect","Noxious Fumes+1","Dodge and Roll","Escape Plan","Malaise","Caltrops+1","Finesse","Backflip+1"],"relics":["Ring of the Snake","Happy Flower","Frozen Egg 2","Letter Opener","Empty Cage","MawBank","Smiling Mask","Peace Pipe","Philosopher\u0027s Stone","Molten Egg 2"],"potions_floor_usage":[8,24,25,33,41,41,41,41,41],"damage_taken":[{"damage":0,"enemies":"2 Louse","floor":1,"turns":3},{"damage":4,"enemies":"Small Slimes","floor":2,"turns":3},{"damage":1,"enemies":"Cultist","floor":3,"turns":4},{"damage":22,"enemies":"3 Sentries","floor":7,"turns":7},{"damage":10,"enemies":"Lagavulin","floor":10,"turns":6},{"damage":0,"enemies":"2 Fungi Beasts","floor":11,"turns":4},{"damage":7,"enemies":"Exordium Wildlife","floor":14,"turns":3},{"damage":37,"enemies":"Slime Boss","floor":16,"turns":11},{"damage":13,"enemies":"Spheric Guardian","floor":18,"turns":5},{"damage":4,"enemies":"Shell Parasite","floor":22,"turns":6},{"damage":25,"enemies":"Snecko","floor":24,"turns":8},{"damage":26,"enemies":"Slavers","floor":25,"turns":5},{"damage":6,"enemies":"Centurion and Healer","floor":29,"turns":6},{"damage":43,"enemies":"Champ","floor":33,"turns":11},{"damage":0,"enemies":"Orb Walker","floor":35,"turns":7},{"damage":13,"enemies":"3 Shapes","floor":37,"turns":5},{"damage":2,"enemies":"Sphere and 2 Shapes","floor":39,"turns":5},{"damage":26,"enemies":"Nemesis","floor":40,"turns":11},{"damage":30,"enemies":"Jaw Worm Horde","floor":41,"turns":2}],"seed_played":"8625049160310135281","potions_obtained":[{"floor":2,"key":"LiquidBronze"},{"floor":8,"key":"Fruit Juice"},{"floor":8,"key":"EntropicBrew"},{"floor":14,"key":"Weak Potion"},{"floor":24,"key":"Block Potion"},{"floor":29,"key":"Regen Potion"},{"floor":37,"key":"Explosive Potion"}],"is_trial":false,"path_per_floor":["M","M","M","$","?","R","E","?","T","E","M","?","$","M","R","B",null,"M","?","$","?","M","R","M","E","T","$","R","M","R","$","R","B",null,"M","$","M","$","M","E","M"],"character_chosen":"THE_SILENT","items_purchased":["Caltrops","Well Laid Plans+1","Noxious Fumes+1","Dodge and Roll","Caltrops+1","Finesse"],"campfire_rested":4,"item_purchase_floors":[4,13,20,20,36,38],"current_hp_per_floor":[63,59,58,58,63,63,41,46,46,36,36,36,36,29,50,13,58,45,45,45,45,41,62,37,11,11,11,32,26,47,47,47,19,60,60,60,47,47,45,19,0],"gold":63,"neow_bonus":"RANDOM_COLORLESS_2","is_prod":false,"is_daily":false,"chose_seed":false,"campfire_upgraded":2,"win_rate":0,"timestamp":1552529035,"path_taken":["M","M","M","$","?","R","E","?","T","E","?","?","$","M","R","BOSS","M","?","$","?","M","R","M","E","T","?","R","?","R","$","R","BOSS","M","$","M","?","M","E","M"],"build_version":"2019-01-23","purchased_purges":2,"victory":false,"max_hp_per_floor":[63,63,63,63,68,68,68,73,73,73,73,73,73,73,73,73,73,73,73,73,73,73,73,73,73,73,73,73,73,73,73,73,73,73,73,73,73,73,73,73,73],"card_choices":[{"not_picked":["Poisoned Stab","All Out Attack"],"picked":"Deadly Poison","floor":1},{"not_picked":["Acrobatics","Blade Dance"],"picked":"Deadly Poison","floor":2},{"not_picked":["Prepared","Heel Hook"],"picked":"Leg Sweep","floor":3},{"not_picked":["Poisoned Stab","Finisher"],"picked":"Prepared","floor":7},{"not_picked":["Backflip","Poisoned Stab"],"picked":"Tools of the Trade+1","floor":10},{"not_picked":["Concentrate","Prepared"],"picked":"Blur","floor":11},{"not_picked":["Catalyst","Cloak And Dagger"],"picked":"Reflex","floor":14},{"not_picked":["Burst","Envenom+1"],"picked":"Corpse Explosion","floor":16},{"not_picked":["Accuracy+1","Expertise"],"picked":"Deflect","floor":18},{"not_picked":["Eviscerate","Flying Knee","Riddle With Holes"],"picked":"SKIP","floor":22},{"not_picked":["Quick Slash","Prepared"],"picked":"Escape Plan","floor":24},{"not_picked":["Skewer","Bouncing Flask+1","Finisher+1"],"picked":"SKIP","floor":25},{"not_picked":["Quick Slash","Blade Dance","Deadly Poison"],"picked":"SKIP","floor":29},{"not_picked":["Corpse Explosion","A Thousand Cuts+1"],"picked":"Malaise","floor":33},{"not_picked":["Finisher","Sucker Punch","Dodge and Roll"],"picked":"SKIP","floor":35},{"not_picked":["Eviscerate+1","Finisher+1","Deflect"],"picked":"SKIP","floor":37},{"not_picked":["Deadly Poison+1","Outmaneuver"],"picked":"Backflip+1","floor":39},{"not_picked":["Deadly Poison+1","Reflex+1","Terror+1"],"picked":"SKIP","floor":40}],"player_experience":291655,"relics_obtained":[{"floor":7,"key":"Happy Flower"},{"floor":9,"key":"Frozen Egg 2"},{"floor":10,"key":"Letter Opener"},{"floor":25,"key":"Smiling Mask"},{"floor":26,"key":"Peace Pipe"},{"floor":40,"key":"Molten Egg 2"}],"event_choices":[{"damage_healed":0,"gold_gain":0,"player_choice":"Donut","damage_taken":0,"max_hp_gain":5,"max_hp_loss":0,"event_name":"Big Fish","floor":5,"gold_loss":0},{"damage_healed":0,"gold_gain":0,"player_choice":"Got Potions","damage_taken":0,"max_hp_gain":0,"max_hp_loss":0,"event_name":"Lab","floor":8,"gold_loss":0},{"damage_healed":0,"gold_gain":0,"player_choice":"Ignored","damage_taken":0,"max_hp_gain":0,"max_hp_loss":0,"event_name":"Golden Wing","floor":12,"gold_loss":0},{"damage_healed":0,"gold_gain":0,"player_choice":"Opened","damage_taken":0,"relics_obtained":["MawBank"],"max_hp_gain":0,"max_hp_loss":0,"event_name":"The Mausoleum","floor":19,"gold_loss":0},{"damage_healed":0,"gold_gain":0,"player_choice":"Simplicity","damage_taken":0,"max_hp_gain":0,"max_hp_loss":0,"event_name":"Back to Basics","floor":21,"gold_loss":0,"cards_upgraded":["Defend_G","Defend_G","Defend_G","Defend_G","Defend_G","Strike_G","Strike_G","Strike_G"]}],"is_beta":false,"boss_relics":[{"not_picked":["Eternal Feather","Fusion Hammer"],"picked":"Empty Cage"},{"not_picked":["Calling Bell","White Beast Statue"],"picked":"Philosopher\u0027s Stone"}],"items_purged_floors":[27,31],"is_endless":false,"potions_floor_spawned":[2,14,16,22,24,29,37],"killed_by":"Jaw Worm Horde","ascension_level":6}