{"gold_per_floor":[110,123,142,156,156,156,81,81,81,81,113,129,204,222,222,222],"floor_reached":16,"playtime":458,"items_purged":["Strike_G"],"score":189,"play_id":"ae2e560d-bd49-41a9-bb7f-7204829c4101","local_time":"20190212224031","is_ascension_mode":true,"campfire_choices":[{"data":"Skewer","floor":6,"key":"SMITH"},{"data":"Concentrate","floor":8,"key":"SMITH"},{"data":"Neutralize","floor":10,"key":"SMITH"},{"data":"Terror","floor":15,"key":"SMITH"}],"neow_cost":"NONE","seed_source_timestamp":12062555114342,"circlet_count":0,"master_deck":["AscendersBane","Defend_G","Defend_G","Defend_G","Defend_G","Defend_G","Strike_G","Strike_G","Strike_G","Survivor","Neutralize+1","Skewer+1","Concentrate+1","Underhanded Strike","Underhanded Strike","Skewer","Terror+1","Flying Knee"],"relics":["Ring of the Snake","NeowsBlessing","Strawberry","Letter Opener"],"potions_floor_usage":[16],"damage_taken":[{"damage":0,"enemies":"Small Slimes","floor":1,"turns":1},{"damage":0,"enemies":"Jaw Worm","floor":2,"turns":1},{"damage":0,"enemies":"2 Louse","floor":3,"turns":1},{"damage":3,"enemies":"Looter","floor":4,"turns":3},{"damage":17,"enemies":"Lagavulin","floor":11,"turns":5},{"damage":15,"enemies":"Lots of Slimes","floor":12,"turns":6},{"damage":12,"enemies":"Large Slime","floor":14,"turns":6},{"damage":0,"enemies":"Slime Boss","floor":16,"turns":4}],"seed_played":"-8723925478205675620","potions_obtained":[{"floor":3,"key":"FearPotion"},{"floor":11,"key":"SteroidPotion"}],"is_trial":false,"path_per_floor":["M","M","M","M","?","R","$","R","T","R","E","M","?","M","R","B"],"character_chosen":"THE_SILENT","items_purchased":[],"campfire_rested":0,"item_purchase_floors":[],"current_hp_per_floor":[59,59,59,56,49,49,49,49,56,56,39,24,13,1,1,1],"gold":222,"neow_bonus":"THREE_ENEMY_KILL","is_prod":false,"is_daily":false,"chose_seed":false,"campfire_upgraded":4,"win_rate":0,"timestamp":1550040031,"path_taken":["M","M","M","M","?","R","$","R","T","R","E","M","?","M","R","BOSS"],"build_version":"2019-01-23","purchased_purges":1,"victory":false,"max_hp_per_floor":[66,66,66,66,66,66,66,66,73,73,73,73,73,73,73,73],"card_choices":[{"not_picked":["PiercingWail","Flechettes"],"picked":"Skewer","floor":1},{"not_picked":["Setup","Bane"],"picked":"Concentrate","floor":2},{"not_picked":["Quick Slash","Backflip"],"picked":"Underhanded Strike","floor":3},{"not_picked":["Blade Dance","Leg Sweep"],"picked":"Underhanded Strike","floor":4},{"not_picked":["Burst","Acrobatics"],"picked":"Skewer","floor":11},{"not_picked":["Bane","Poisoned Stab"],"picked":"Terror","floor":12},{"not_picked":["Slice","Dagger Throw"],"picked":"Flying Knee","floor":14}],"player_experience":518060,"relics_obtained":[{"floor":9,"key":"Strawberry"},{"floor":11,"key":"Letter Opener"}],"event_choices":[{"cards_removed":["Strike_G"],"damage_healed":0,"gold_gain":0,"player_choice":"Card Removal","damage_taken":7,"max_hp_gain":0,"max_hp_loss":0,"event_name":"Golden Wing","floor":5,"gold_loss":0},{"damage_healed":0,"gold_gain":75,"player_choice":"Gather Gold","damage_taken":11,"max_hp_gain":0,"max_hp_loss":0,"event_name":"World of Goop","floor":13,"gold_loss":0}],"is_beta":false,"boss_relics":[],"items_purged_floors":[7],"is_endless":false,"potions_floor_spawned":[3,11],"killed_by":"Slime Boss","ascension_level":17}