{"gold_per_floor":[118,118,68,79,97,131,131,131,131,131,56,67,77,95,95,195,195,215,215,115,145,145,157,187,187,187,62,62,80,100,114,114,217,217,233,233,233,243,1,32,32,98,121,171,188,188,219,238,238,238],"floor_reached":51,"playtime":2242,"items_purged":["Strike_R","Combust","Cleave"],"score":829,"play_id":"8f8a8ae3-f576-4649-aee4-616d167dd832","local_time":"20190304230117","is_ascension_mode":true,"campfire_choices":[{"floor":8,"key":"REST"},{"data":"Seeing Red","floor":10,"key":"SMITH"},{"data":"Intimidate","floor":15,"key":"SMITH"},{"data":"Demon Form","floor":25,"key":"SMITH"},{"data":"Thunderclap","floor":28,"key":"SMITH"},{"data":"Shockwave","floor":32,"key":"SMITH"},{"data":"Bash","floor":41,"key":"SMITH"},{"data":"Shrug It Off","floor":46,"key":"SMITH"},{"data":"Warcry","floor":49,"key":"SMITH"}],"neow_cost":"TEN_PERCENT_HP_LOSS","seed_source_timestamp":1317960648203414,"circlet_count":0,"master_deck":["Defend_R+1","Defend_R","Bash+1","Whirlwind+1","Thunderclap+1","Shrug It Off+1","Seeing Red+1","Intimidate+1","Reaper","Demon Form+1","Spot Weakness+1","Warcry+1","Seeing Red+1","Shockwave+1","Pummel","Headbutt+1","Dropkick","Warcry+1"],"relics":["Black Blood","Pear","Bronze Scales","Red Mask","Incense Burner","Bottled Lightning","Velvet Choker","SsserpentHead","Paper Frog","Thread and Needle","Strawberry","Prayer Wheel"],"potions_floor_usage":[16,24,33,33,35,47],"damage_taken":[{"damage":24,"enemies":"Jaw Worm","floor":1,"turns":5},{"damage":7,"enemies":"Small Slimes","floor":4,"turns":3},{"damage":0,"enemies":"Cultist","floor":5,"turns":4},{"damage":26,"enemies":"Gremlin Nob","floor":6,"turns":4},{"damage":2,"enemies":"Large Slime","floor":12,"turns":6},{"damage":3,"enemies":"Looter","floor":13,"turns":3},{"damage":1,"enemies":"Blue Slaver","floor":14,"turns":4},{"damage":39,"enemies":"The Guardian","floor":16,"turns":13},{"damage":34,"enemies":"2 Thieves","floor":18,"turns":3},{"damage":52,"enemies":"Masked Bandits","floor":21,"turns":4},{"damage":1,"enemies":"3 Byrds","floor":23,"turns":3},{"damage":21,"enemies":"Gremlin Leader","floor":24,"turns":7},{"damage":0,"enemies":"Snecko","floor":29,"turns":4},{"damage":5,"enemies":"Snake Plant","floor":30,"turns":3},{"damage":23,"enemies":"Shelled Parasite and Fungi","floor":31,"turns":5},{"damage":66,"enemies":"Collector","floor":33,"turns":9},{"damage":15,"enemies":"3 Shapes","floor":35,"turns":3},{"damage":26,"enemies":"3 Darklings","floor":38,"turns":3},{"damage":12,"enemies":"Reptomancer","floor":40,"turns":4},{"damage":19,"enemies":"Transient","floor":42,"turns":5},{"damage":24,"enemies":"Jaw Worm Horde","floor":45,"turns":2},{"damage":28,"enemies":"Nemesis","floor":47,"turns":7},{"damage":0,"enemies":"3 Darklings","floor":48,"turns":2},{"damage":60,"enemies":"Awakened One","floor":50,"turns":8}],"seed_played":"3958403118883569024","potions_obtained":[{"floor":4,"key":"SpeedPotion"},{"floor":5,"key":"Energy Potion"},{"floor":13,"key":"GamblersBrew"},{"floor":23,"key":"Fire Potion"},{"floor":30,"key":"BloodPotion"},{"floor":33,"key":"Block Potion"},{"floor":40,"key":"SpeedPotion"},{"floor":42,"key":"Swift Potion"}],"is_trial":false,"path_per_floor":["M","?","?","M","M","E","?","R","T","R","$","M","M","M","R","B",null,"M","?","$","?","?","M","E","R","T","$","R","M","M","M","R","B",null,"M","?","?","M","$","E","R","M","T","?","M","R","E","M","R","B",null],"character_chosen":"IRONCLAD","items_purchased":["Paper Frog"],"campfire_rested":1,"item_purchase_floors":[39],"current_hp_per_floor":[54,40,40,39,45,35,28,52,52,52,52,56,59,64,64,36,82,58,58,58,29,29,50,43,43,43,43,43,59,64,51,51,17,82,77,77,77,67,67,82,82,82,89,89,75,75,58,68,68,39],"gold":238,"neow_bonus":"TRANSFORM_TWO_CARDS","is_prod":false,"is_daily":false,"chose_seed":false,"campfire_upgraded":8,"win_rate":0,"timestamp":1551758477,"path_taken":["M","?","?","M","M","E","?","R","T","R","$","M","M","M","R","BOSS","M","?","?","?","?","M","E","R","T","$","R","M","?","M","R","BOSS","M","?","?","M","$","E","R","?","T","?","M","R","E","M","R","BOSS"],"build_version":"2019-01-23","purchased_purges":3,"victory":true,"max_hp_per_floor":[72,72,72,72,72,82,82,82,82,82,82,82,82,82,82,82,82,82,82,82,82,82,82,82,82,82,82,82,82,82,82,82,82,82,82,82,82,82,82,82,82,82,89,89,89,89,89,89,89,89],"card_choices":[{"not_picked":["Warcry","Inflame"],"picked":"Combust","floor":1},{"not_picked":["Perfected Strike","Iron Wave"],"picked":"Thunderclap","floor":4},{"not_picked":["Wild Strike","Twin Strike"],"picked":"Shrug It Off","floor":5},{"not_picked":["Rampage","Disarm"],"picked":"Seeing Red","floor":6},{"not_picked":["Thunderclap","Battle Trance"],"picked":"Intimidate","floor":12},{"not_picked":["Cleave","Rupture"],"picked":"Reaper","floor":13},{"not_picked":["Clash","Pommel Strike","Infernal Blade"],"picked":"SKIP","floor":14},{"not_picked":["Bludgeon","Limit Break"],"picked":"Demon Form","floor":16},{"not_picked":["Disarm","Rampage"],"picked":"Spot Weakness+1","floor":18},{"not_picked":["Havoc","Cleave+1"],"picked":"Warcry+1","floor":21},{"not_picked":["Searing Blow","Fire Breathing","Iron Wave"],"picked":"SKIP","floor":23},{"not_picked":["Burning Pact+1","Dark Embrace","Spot Weakness"],"picked":"SKIP","floor":24},{"not_picked":["Rampage","Feel No Pain"],"picked":"Seeing Red+1","floor":29},{"not_picked":["Clothesline","Disarm","Iron Wave"],"picked":"SKIP","floor":30},{"not_picked":["Heavy Blade+1","Infernal Blade"],"picked":"Shockwave","floor":31},{"not_picked":["Dual Wield+1","Carnage","Armaments"],"picked":"SKIP","floor":35},{"not_picked":["Clothesline+1","Second Wind","Shrug It Off"],"picked":"SKIP","floor":38},{"not_picked":["Clash+1","Dual Wield+1","Shockwave"],"picked":"SKIP","floor":40},{"not_picked":["Bloodletting","Searing Blow+1","Perfected Strike+1"],"picked":"SKIP","floor":42},{"not_picked":["Perfected Strike","Warcry"],"picked":"Headbutt+1","floor":45},{"not_picked":["Anger","Pommel Strike+1"],"picked":"Dropkick","floor":47},{"not_picked":["Body Slam","Shrug It Off"],"picked":"Warcry","floor":48},{"not_picked":["Juggernaut","Perfected Strike+1","Iron Wave+1"],"picked":"SKIP","floor":48}],"player_experience":233249,"relics_obtained":[{"floor":6,"key":"Pear"},{"floor":9,"key":"Bronze Scales"},{"floor":21,"key":"Red Mask"},{"floor":24,"key":"Incense Burner"},{"floor":26,"key":"Bottled Lightning"},{"floor":40,"key":"Thread and Needle"},{"floor":43,"key":"Strawberry"},{"floor":47,"key":"Prayer Wheel"}],"event_choices":[{"damage_healed":0,"gold_gain":0,"player_choice":"Entered Light","damage_taken":14,"max_hp_gain":0,"max_hp_loss":0,"event_name":"Shining Light","floor":2,"gold_loss":0,"cards_upgraded":["Whirlwind","Defend_R"]},{"cards_removed":["Strike_R"],"damage_healed":0,"gold_gain":0,"player_choice":"Card Removal","damage_taken":0,"max_hp_gain":0,"max_hp_loss":0,"event_name":"The Cleric","floor":3,"gold_loss":50},{"cards_removed":["Strike_R"],"damage_healed":0,"gold_gain":0,"player_choice":"Card Removal","damage_taken":7,"max_hp_gain":0,"max_hp_loss":0,"event_name":"Golden Wing","floor":7,"gold_loss":0},{"cards_removed":["Defend_R"],"damage_healed":0,"gold_gain":0,"player_choice":"Purged","damage_taken":0,"max_hp_gain":0,"max_hp_loss":0,"event_name":"Purifier","floor":19,"gold_loss":0},{"damage_healed":0,"gold_gain":0,"player_choice":"Fought Bandits","damage_taken":0,"max_hp_gain":0,"max_hp_loss":0,"event_name":"Masked Bandits","floor":21,"gold_loss":0},{"damage_healed":0,"gold_gain":0,"player_choice":"Ignored","damage_taken":0,"max_hp_gain":0,"max_hp_loss":0,"event_name":"The Mausoleum","floor":22,"gold_loss":0},{"damage_healed":0,"gold_gain":0,"player_choice":"Ignored","damage_taken":0,"max_hp_gain":0,"max_hp_loss":0,"event_name":"Mysterious Sphere","floor":36,"gold_loss":0},{"damage_healed":0,"gold_gain":0,"player_choice":"Trade","damage_taken":0,"relics_obtained":["SsserpentHead"],"max_hp_gain":0,"max_hp_loss":0,"event_name":"FaceTrader","floor":37,"gold_loss":0},{"damage_healed":0,"gold_gain":0,"cards_transformed":["Defend_R"],"player_choice":"Transformed","damage_taken":0,"max_hp_gain":0,"max_hp_loss":0,"event_name":"Transmorgrifier","floor":44,"gold_loss":0,"cards_obtained":["Pummel"]}],"is_beta":false,"boss_relics":[{"not_picked":["Runic Dome","White Beast Statue"],"picked":"Black Blood"},{"not_picked":["Lizard Tail","Calling Bell"],"picked":"Velvet Choker"}],"items_purged_floors":[11,20,27],"is_endless":false,"potions_floor_spawned":[4,5,13,23,30,31,33,40,42],"ascension_level":3}