{"gold_per_floor":[117,131,12,30,30,30,44,44,71,71,71,100,50,65,65,144,144,158,178,178,188,188],"floor_reached":22,"playtime":1127,"items_purged":["Strike_R","Strike_R"],"score":372,"play_id":"e3733442-8045-41d9-a761-f8cd440dcbc7","local_time":"20190312203246","is_ascension_mode":true,"campfire_choices":[{"data":"Uppercut","floor":6,"key":"SMITH"},{"data":"Thunderclap","floor":8,"key":"SMITH"},{"data":"Cleave","floor":10,"key":"SMITH"},{"data":"Whirlwind","floor":15,"key":"SMITH"}],"neow_cost":"NONE","seed_source_timestamp":503973363236418,"circlet_count":0,"master_deck":["AscendersBane","Strike_R","Strike_R","Defend_R","Defend_R","Defend_R","Defend_R","Bash","Uppercut+1","Spot Weakness","Battle Trance","Cleave+1","Thunderclap+1","Iron Wave","Whirlwind+1","Reaper","Evolve","Armaments","Iron Wave"],"relics":["Burning Blood","Happy Flower","Smiling Mask","Cursed Key"],"potions_floor_usage":[12,14,22],"damage_taken":[{"damage":7,"enemies":"Jaw Worm","floor":1,"turns":5},{"damage":4,"enemies":"Small Slimes","floor":2,"turns":4},{"damage":2,"enemies":"2 Louse","floor":4,"turns":3},{"damage":8,"enemies":"Large Slime","floor":7,"turns":3},{"damage":6,"enemies":"Gremlin Nob","floor":12,"turns":3},{"damage":16,"enemies":"Exordium Wildlife","floor":14,"turns":2},{"damage":31,"enemies":"Hexaghost","floor":16,"turns":7},{"damage":11,"enemies":"Spheric Guardian","floor":18,"turns":4},{"damage":7,"enemies":"Chosen","floor":19,"turns":4},{"damage":62,"enemies":"Sentry and Sphere","floor":21,"turns":6},{"damage":48,"enemies":"Shelled Parasite and Fungi","floor":22,"turns":3}],"seed_played":"-3327834680962500938","potions_obtained":[{"floor":2,"key":"Energy Potion"},{"floor":7,"key":"Ancient Potion"},{"floor":16,"key":"Dexterity Potion"},{"floor":18,"key":"FearPotion"}],"is_trial":false,"path_per_floor":["M","M","$","M","?","R","M","R","T","R","?","E","$","M","R","B",null,"M","M","?","M","M"],"character_chosen":"IRONCLAD","items_purchased":["Battle Trance"],"campfire_rested":0,"item_purchase_floors":[3],"current_hp_per_floor":[74,76,76,80,85,85,83,83,83,83,76,76,76,66,66,41,76,71,74,74,22,0],"gold":188,"neow_bonus":"TEN_PERCENT_HP_BONUS","is_prod":false,"is_daily":false,"chose_seed":false,"campfire_upgraded":4,"win_rate":0,"timestamp":1552444366,"path_taken":["M","M","$","M","?","R","M","R","T","R","?","E","?","M","R","BOSS","M","M","?","M","M"],"build_version":"2019-01-23","purchased_purges":2,"victory":false,"max_hp_per_floor":[82,82,82,82,87,87,87,87,87,87,87,87,87,87,87,87,87,87,87,87,87,87],"card_choices":[{"not_picked":["Clothesline","Dropkick"],"picked":"Uppercut","floor":1},{"not_picked":["Heavy Blade","Warcry"],"picked":"Spot Weakness","floor":2},{"not_picked":["Infernal Blade","Flex"],"picked":"Cleave","floor":4},{"not_picked":["Wild Strike","Sword Boomerang"],"picked":"Thunderclap","floor":7},{"not_picked":["Entrench","Searing Blow"],"picked":"Iron Wave","floor":12},{"not_picked":["Anger","Demon Form"],"picked":"Whirlwind","floor":14},{"not_picked":["Demon Form","Juggernaut"],"picked":"Reaper","floor":16},{"not_picked":["Searing Blow","Perfected Strike"],"picked":"Evolve","floor":18},{"not_picked":["Inflame","Hemokinesis"],"picked":"Armaments","floor":19},{"not_picked":["Wild Strike","Hemokinesis"],"picked":"Iron Wave","floor":21}],"player_experience":1405856,"relics_obtained":[{"floor":9,"key":"Happy Flower"},{"floor":12,"key":"Smiling Mask"}],"event_choices":[{"damage_healed":0,"gold_gain":0,"player_choice":"Donut","damage_taken":0,"max_hp_gain":5,"max_hp_loss":0,"event_name":"Big Fish","floor":5,"gold_loss":0},{"cards_removed":["Strike_R"],"damage_healed":0,"gold_gain":0,"player_choice":"Card Removal","damage_taken":7,"max_hp_gain":0,"max_hp_loss":0,"event_name":"Golden Wing","floor":11,"gold_loss":0},{"damage_healed":0,"gold_gain":0,"player_choice":"Ignored","damage_taken":0,"max_hp_gain":0,"max_hp_loss":0,"event_name":"Ghosts","floor":20,"gold_loss":0}],"is_beta":false,"boss_relics":[{"not_picked":["Eternal Feather","Astrolabe"],"picked":"Cursed Key"}],"items_purged_floors":[3,13],"is_endless":false,"potions_floor_spawned":[2,7,16,18,21],"killed_by":"Shelled Parasite and Fungi","ascension_level":20}