{"gold_per_floor":[109,109,121,121,121,121,147,66,66,93,93,120,120,136,136,231,231,246,133,58,148,165,165,165,165],"floor_reached":25,"playtime":1179,"items_purged":["Regret"],"score":324,"play_id":"d7cbaffc-d452-4762-9c7c-9ce3d00cfc10","local_time":"20190113122818","is_ascension_mode":true,"campfire_choices":[{"data":"Cloak And Dagger","floor":6,"key":"SMITH"},{"data":"Accuracy","floor":11,"key":"SMITH"},{"data":"Cloak And Dagger","floor":15,"key":"SMITH"},{"data":"Accuracy","floor":23,"key":"SMITH"}],"neow_cost":"NONE","seed_source_timestamp":2429922351433,"circlet_count":0,"master_deck":["Defend_G","Defend_G","Defend_G","Strike_G","Strike_G","Strike_G","Strike_G","Survivor","Neutralize","Blade Dance","Cloak And Dagger+1","Cloak And Dagger+1","Accuracy+1","Dagger Spray","Expertise","Blade Dance","Adrenaline","Infinite Blades+1","Accuracy+1","Infinite Blades"],"relics":["Ring of the Snake","NeowsBlessing","Blue Candle","Lantern","Singing Bowl","Snake Skull","Matryoshka","Blood Vial","Juzu Bracelet","Sozu"],"potions_floor_usage":[16,16,16],"damage_taken":[{"damage":0,"enemies":"Cultist","floor":1,"turns":1},{"damage":0,"enemies":"2 Louse","floor":3,"turns":1},{"damage":0,"enemies":"Gremlin Nob","floor":7,"turns":1},{"damage":11,"enemies":"Lagavulin","floor":10,"turns":6},{"damage":21,"enemies":"3 Sentries","floor":12,"turns":6},{"damage":7,"enemies":"Small Slimes","floor":14,"turns":3},{"damage":18,"enemies":"Hexaghost","floor":16,"turns":8},{"damage":9,"enemies":"2 Thieves","floor":18,"turns":4},{"damage":0,"enemies":"3 Byrds","floor":22,"turns":3},{"damage":36,"enemies":"Slavers","floor":25,"turns":3}],"seed_played":"-4163469580058662813","potions_obtained":[{"floor":3,"key":"Ancient Potion"},{"floor":12,"key":"EssenceOfSteel"},{"floor":14,"key":"Poison Potion"}],"is_trial":false,"path_per_floor":["M","?","M","?","?","R","E","$","T","E","R","E","T","M","R","B",null,"M","$","?","?","M","R","?","E"],"character_chosen":"THE_SILENT","items_purchased":["Accuracy","Accuracy"],"campfire_rested":0,"item_purchase_floors":[8,19],"current_hp_per_floor":[63,63,63,56,56,56,56,56,56,45,45,24,24,19,19,3,53,46,46,46,32,34,34,34,0],"gold":165,"neow_bonus":"THREE_ENEMY_KILL","is_prod":false,"is_daily":false,"chose_seed":false,"campfire_upgraded":4,"win_rate":0,"timestamp":1547411298,"path_taken":["M","?","M","?","?","R","E","$","T","E","R","E","?","M","R","BOSS","M","$","?","?","M","R","?","E"],"build_version":"2019-01-10","purchased_purges":1,"victory":false,"max_hp_per_floor":[70,70,70,70,70,70,70,70,70,70,70,70,70,70,70,70,70,70,70,70,70,70,70,70,70],"card_choices":[{"not_picked":["Slice","Acrobatics"],"picked":"Blade Dance","floor":1},{"not_picked":["Terror","Masterful Stab"],"picked":"Cloak And Dagger","floor":3},{"not_picked":["Underhanded Strike","Dagger Throw"],"picked":"Cloak And Dagger","floor":7},{"not_picked":["Slice","Flying Knee"],"picked":"Dagger Spray","floor":10},{"not_picked":["Masterful Stab","Grand Finale"],"picked":"Expertise","floor":12},{"not_picked":["Outmaneuver","Dodge and Roll"],"picked":"Blade Dance","floor":14},{"not_picked":["A Thousand Cuts","Die Die Die"],"picked":"Adrenaline","floor":16},{"not_picked":["Slice","PiercingWail"],"picked":"Infinite Blades+1","floor":18},{"not_picked":["Slice","Sucker Punch+1"],"picked":"Infinite Blades","floor":22}],"player_experience":252805,"relics_obtained":[{"floor":7,"key":"Lantern"},{"floor":9,"key":"Singing Bowl"},{"floor":10,"key":"Snake Skull"},{"floor":12,"key":"Matryoshka"},{"floor":13,"key":"Blood Vial"},{"floor":13,"key":"Juzu Bracelet"}],"event_choices":[{"cards_removed":["Defend_G"],"damage_healed":0,"gold_gain":0,"player_choice":"Forget","damage_taken":0,"max_hp_gain":0,"max_hp_loss":0,"event_name":"Living Wall","floor":2,"gold_loss":0},{"cards_removed":["Defend_G"],"damage_healed":0,"gold_gain":0,"player_choice":"Card Removal","damage_taken":7,"max_hp_gain":0,"max_hp_loss":0,"event_name":"Golden Wing","floor":4,"gold_loss":0},{"damage_healed":0,"gold_gain":0,"player_choice":"Box","damage_taken":0,"relics_obtained":["Blue Candle"],"max_hp_gain":0,"max_hp_loss":0,"event_name":"Big Fish","floor":5,"gold_loss":0,"cards_obtained":["Regret"]},{"cards_removed":["Strike_G"],"damage_healed":0,"gold_gain":0,"player_choice":"Gave Gold","damage_taken":0,"max_hp_gain":0,"max_hp_loss":0,"event_name":"Beggar","floor":20,"gold_loss":75},{"damage_healed":0,"gold_gain":90,"player_choice":"GOLD ","damage_taken":14,"max_hp_gain":0,"max_hp_loss":0,"event_name":"Knowing Skull","floor":21,"potions_obtained":[],"gold_loss":0,"cards_obtained":[]},{"damage_healed":0,"gold_gain":0,"player_choice":"Bought 0 Potions","damage_taken":0,"max_hp_gain":0,"max_hp_loss":0,"event_name":"The Woman in Blue","floor":24,"gold_loss":0}],"is_beta":false,"boss_relics":[{"not_picked":["Astrolabe","Eternal Feather"],"picked":"Sozu"}],"items_purged_floors":[19],"is_endless":false,"potions_floor_spawned":[3,12,14,18],"killed_by":"Slavers","ascension_level":7}