{"gold_per_floor":[116,116,116,191,17,56,76,76,76,109,150,164,164,185,185,304,304,327,327,352,373,373,414,427,460,460,480,505,131,131,152,152,273,273,297,297,397,411,429,429,498,498,498,720,70,83,104,104,104,104],"floor_reached":51,"playtime":16591,"items_purged":["Strike_R"],"score":762,"play_id":"c2343635-0832-46b6-9c5c-358b6761a7d1","local_time":"20190317024341","is_ascension_mode":false,"campfire_choices":[{"floor":8,"key":"REST"},{"data":"Double Tap","floor":13,"key":"SMITH"},{"data":"Armaments","floor":15,"key":"SMITH"},{"data":"Rage","floor":32,"key":"SMITH"},{"data":"Demon Form","floor":40,"key":"SMITH"},{"data":"Writhe","floor":49,"key":"PURGE"}],"neow_cost":"NONE","seed_source_timestamp":1114301352823484,"circlet_count":0,"master_deck":["Strike_R+1","Strike_R+1","Strike_R+1","Defend_R+1","Defend_R+1","Defend_R+1","Defend_R+1","Bash+1","Ghostly Armor+1","Headbutt+1","Inflame+1","Flash of Steel+1","Armaments+1","Shrug It Off+1","Cleave+1","Double Tap+1","Feed+1","Thunderclap+1","Headbutt+1","Barricade+1","Spot Weakness+1","Iron Wave+1","Rage+1","Iron Wave+1","RitualDagger+1","Body Slam+1","Cleave+1","Power Through+1","Inflame+1","Whirlwind+1","Finesse+1","Offering+1","Ghostly Armor+1","Demon Form+1","Heavy Blade+1","Finesse+1","Dropkick+1","Cleave+1","Body Slam+1","Metallicize+1","Impervious+1","Body Slam+1"],"relics":["Burning Blood","Golden Idol","Darkstone Periapt","WingedGreaves","Lantern","Champion Belt","Coffee Dripper","Blood Vial","Red Mask","Whetstone","Strawberry","Sozu","Nunchaku","Bird Faced Urn","Peace Pipe","Mark of the Bloom"],"potions_floor_usage":[10,20,33,33,33],"damage_taken":[{"damage":4,"enemies":"Jaw Worm","floor":1,"turns":6},{"damage":51,"enemies":"Gremlin Nob","floor":6,"turns":6},{"damage":0,"enemies":"2 Louse","floor":7,"turns":2},{"damage":7,"enemies":"3 Sentries","floor":10,"turns":7},{"damage":23,"enemies":"Lagavulin","floor":11,"turns":7},{"damage":0,"enemies":"Small Slimes","floor":12,"turns":3},{"damage":2,"enemies":"Blue Slaver","floor":14,"turns":5},{"damage":42,"enemies":"Slime Boss","floor":16,"turns":11},{"damage":20,"enemies":"Spheric Guardian","floor":18,"turns":5},{"damage":12,"enemies":"2 Thieves","floor":20,"turns":4},{"damage":33,"enemies":"Snake Plant","floor":21,"turns":6},{"damage":21,"enemies":"Slavers","floor":23,"turns":7},{"damage":16,"enemies":"Shelled Parasite and Fungi","floor":24,"turns":7},{"damage":0,"enemies":"Masked Bandits","floor":25,"turns":2},{"damage":0,"enemies":"Chosen and Byrds","floor":27,"turns":4},{"damage":0,"enemies":"Centurion and Healer","floor":28,"turns":5},{"damage":24,"enemies":"Snake Plant","floor":31,"turns":4},{"damage":17,"enemies":"Champ","floor":33,"turns":10},{"damage":6,"enemies":"3 Darklings","floor":35,"turns":3},{"damage":22,"enemies":"3 Shapes","floor":38,"turns":12},{"damage":5,"enemies":"Maw","floor":39,"turns":6},{"damage":22,"enemies":"2 Orb Walkers","floor":41,"turns":5},{"damage":9,"enemies":"Transient","floor":46,"turns":5},{"damage":14,"enemies":"Spire Growth","floor":47,"turns":4},{"damage":40,"enemies":"Donu and Deca","floor":50,"turns":7}],"seed_played":"7168571978595467007","potions_obtained":[{"floor":7,"key":"PowerPotion"},{"floor":12,"key":"Block Potion"},{"floor":14,"key":"Energy Potion"},{"floor":16,"key":"FearPotion"},{"floor":25,"key":"Swift Potion"},{"floor":27,"key":"Weak Potion"}],"is_trial":false,"path_per_floor":["M","?","?","?","$","E","M","R","T","E","E","M","R","M","R","B",null,"M","?","M","M","?","E","M","?","T","M","M","$","?","M","R","B",null,"M","?","?","M","M","R","?","?","T","?","$","M","M","?","R","B",null],"character_chosen":"IRONCLAD","items_purchased":["Inflame","Flash of Steel","Armaments","Finesse","Strawberry","Offering","Body Slam","Metallicize","Impervious","Peace Pipe"],"campfire_rested":1,"item_purchase_floors":[5,5,5,29,29,29,45,45,45,45],"current_hp_per_floor":[80,85,85,74,74,29,35,60,60,59,42,51,51,55,55,19,88,74,74,71,44,38,27,22,30,30,38,46,53,53,41,41,32,109,112,112,112,99,102,102,88,121,121,121,121,121,117,117,117,77],"gold":104,"neow_bonus":"TRANSFORM_CARD","is_prod":false,"is_daily":false,"chose_seed":false,"campfire_upgraded":4,"win_rate":0,"timestamp":1552805021,"path_taken":["M","?","?","?","$","E","M","R","T","E","E","?","R","?","R","BOSS","M","?","M","?","?","E","M","?","T","M","M","$","?","M","R","BOSS","M","?","?","?","M","R","?","?","T","?","$","M","M","?","R","BOSS"],"build_version":"2019-01-23","purchased_purges":1,"victory":true,"max_hp_per_floor":[80,85,85,85,85,85,85,85,85,85,85,88,88,88,88,88,88,88,88,91,91,91,95,98,98,98,98,98,105,105,109,109,109,109,112,112,112,115,115,115,115,121,121,121,121,121,121,121,121,121],"card_choices":[{"not_picked":["Armaments","Sword Boomerang"],"picked":"Headbutt","floor":1},{"not_picked":["Headbutt","Armaments"],"picked":"Shrug It Off","floor":6},{"not_picked":["Sever Soul","Twin Strike"],"picked":"Cleave","floor":7},{"not_picked":["Infernal Blade","Wild Strike"],"picked":"Double Tap","floor":10},{"not_picked":["Cleave","Twin Strike"],"picked":"Feed","floor":11},{"not_picked":["Feel No Pain","Wild Strike"],"picked":"Thunderclap","floor":12},{"not_picked":["True Grit","Perfected Strike"],"picked":"Headbutt","floor":14},{"not_picked":["Bludgeon","Immolate"],"picked":"Barricade","floor":16},{"not_picked":["Headbutt+1","Armaments"],"picked":"Spot Weakness+1","floor":18},{"not_picked":["Whirlwind","Clash"],"picked":"Rage","floor":20},{"not_picked":["Sword Boomerang","Cleave+1"],"picked":"Iron Wave","floor":21},{"not_picked":["Warcry","Flex"],"picked":"Body Slam","floor":23},{"not_picked":["Sever Soul+1","Wild Strike"],"picked":"Cleave","floor":24},{"not_picked":["Spot Weakness","Disarm+1"],"picked":"Power Through+1","floor":25},{"not_picked":["Thunderclap","Carnage"],"picked":"Inflame","floor":27},{"not_picked":["Clothesline","Disarm"],"picked":"Whirlwind","floor":28},{"not_picked":["Clash","Thunderclap"],"picked":"Ghostly Armor","floor":31},{"not_picked":["Feed","Immolate"],"picked":"Demon Form","floor":33},{"not_picked":["Warcry+1","Flex+1"],"picked":"Heavy Blade+1","floor":35},{"not_picked":["Deep Breath","Purity"],"picked":"Finesse","floor":36},{"not_picked":["True Grit","Hemokinesis+1","Corruption+1"],"picked":"SKIP","floor":38},{"not_picked":["Clothesline+1","True Grit"],"picked":"Dropkick+1","floor":39},{"not_picked":["Second Wind+1","Flex+1"],"picked":"Cleave+1","floor":41},{"not_picked":["Carnage","Anger","Clothesline"],"picked":"SKIP","floor":46},{"not_picked":["Anger","Iron Wave+1"],"picked":"Body Slam","floor":47}],"player_experience":33147,"relics_obtained":[{"floor":6,"key":"Darkstone Periapt"},{"floor":9,"key":"WingedGreaves"},{"floor":10,"key":"Lantern"},{"floor":11,"key":"Champion Belt"},{"floor":23,"key":"Blood Vial"},{"floor":25,"key":"Red Mask"},{"floor":26,"key":"Whetstone"},{"floor":41,"key":"Nunchaku"},{"floor":43,"key":"Bird Faced Urn"}],"event_choices":[{"damage_healed":0,"gold_gain":0,"player_choice":"Donut","damage_taken":0,"max_hp_gain":5,"max_hp_loss":0,"event_name":"Big Fish","floor":2,"gold_loss":0},{"damage_healed":0,"gold_gain":0,"player_choice":"Take Wound","damage_taken":0,"relics_obtained":["Golden Idol"],"max_hp_gain":0,"max_hp_loss":0,"event_name":"Golden Idol","floor":3,"gold_loss":0,"cards_obtained":["Injury"]},{"damage_healed":0,"gold_gain":75,"player_choice":"Gather Gold","damage_taken":11,"max_hp_gain":0,"max_hp_loss":0,"event_name":"World of Goop","floor":4,"gold_loss":0},{"cards_removed":["Injury"],"damage_healed":0,"gold_gain":0,"player_choice":"Took Card","damage_taken":0,"max_hp_gain":0,"max_hp_loss":0,"event_name":"NoteForYourself","floor":19,"gold_loss":0,"cards_obtained":["Iron Wave"]},{"damage_healed":0,"gold_gain":0,"player_choice":"Joined the Cult","damage_taken":6,"max_hp_gain":0,"max_hp_loss":0,"event_name":"Nest","floor":22,"gold_loss":0,"cards_obtained":["RitualDagger"]},{"damage_healed":0,"gold_gain":0,"player_choice":"Fought Bandits","damage_taken":0,"max_hp_gain":0,"max_hp_loss":0,"event_name":"Masked Bandits","floor":25,"gold_loss":0},{"damage_healed":0,"gold_gain":0,"player_choice":"Forge","damage_taken":0,"max_hp_gain":0,"max_hp_loss":0,"event_name":"Accursed Blacksmith","floor":30,"gold_loss":0,"cards_upgraded":["Barricade"]},{"damage_healed":0,"gold_gain":0,"player_choice":"Memory 1","damage_taken":0,"max_hp_gain":0,"max_hp_loss":0,"event_name":"SensoryStone","floor":36,"gold_loss":0},{"damage_healed":0,"gold_gain":100,"player_choice":"Pray","damage_taken":0,"max_hp_gain":0,"max_hp_loss":0,"event_name":"Golden Shrine","floor":37,"gold_loss":0},{"damage_healed":0,"gold_gain":0,"player_choice":"Fight","damage_taken":0,"max_hp_gain":0,"max_hp_loss":0,"event_name":"Mysterious Sphere","floor":41,"gold_loss":0},{"damage_healed":29,"gold_gain":0,"player_choice":"Writhe","damage_taken":0,"max_hp_gain":0,"max_hp_loss":0,"event_name":"Winding Halls","floor":42,"gold_loss":0,"cards_obtained":["Writhe"]},{"damage_healed":0,"gold_gain":222,"player_choice":"Wore Mask","damage_taken":0,"max_hp_gain":0,"max_hp_loss":0,"event_name":"Tomb of Lord Red Mask","floor":44,"gold_loss":0},{"damage_healed":0,"gold_gain":0,"player_choice":"Upgrade","damage_taken":0,"relics_obtained":["Mark of the Bloom"],"max_hp_gain":0,"max_hp_loss":0,"event_name":"MindBloom","floor":48,"gold_loss":0,"cards_upgraded":["Strike_R","Strike_R","Strike_R","Defend_R","Defend_R","Defend_R","Defend_R","Bash","Ghostly Armor","Headbutt","Inflame","Flash of Steel","Shrug It Off","Feed","Thunderclap","Headbutt","Iron Wave","Iron Wave","RitualDagger","Body Slam","Inflame","Whirlwind","Finesse","Offering","Ghostly Armor","Finesse","Body Slam","Metallicize","Impervious","Body Slam"]}],"is_beta":false,"boss_relics":[{"not_picked":["Snecko Eye","Runic Dome"],"picked":"Coffee Dripper"},{"not_picked":["Eternal Feather","Empty Cage"],"picked":"Sozu"}],"items_purged_floors":[45],"is_endless":false,"potions_floor_spawned":[7,12,14,16,25,27,28,31,38,46,47],"ascension_level":0}