{"gold_per_floor":[119,134,154,154,79,110,122,153,180,190,190,252,269,304,304,376,376,393,405,320,320,320,350,350,377,404,170,95,126,46,63,63,140,140,156,11,21,36,47,73,31,57,57,83,100,127,127,127,127,127],"floor_reached":51,"playtime":2733,"items_purged":["Writhe","Strike_G","Strike_G"],"score":2078,"play_id":"becf2c08-e2ff-4fe2-9576-75991cadfacf","local_time":"20190217190519","is_ascension_mode":true,"campfire_choices":[{"data":"Glass Knife","floor":15.0,"key":"SMITH"},{"data":"Prepared","floor":24,"key":"SMITH"},{"data":"Concentrate","floor":32,"key":"SMITH"},{"data":"Reflex","floor":47,"key":"SMITH"},{"floor":49,"key":"REST"}],"neow_cost":"NONE","seed_source_timestamp":0,"circlet_count":0,"master_deck":["AscendersBane","Defend_G","Defend_G","Defend_G","Strike_G","Strike_G","Strike_G","Survivor","Neutralize","Masterful Stab","Predator+1","Dash","Prepared+1","Underhanded Strike","Die Die Die","Dagger Spray","Glass Knife+1","Concentrate+1","Adrenaline","Finisher+1","Acrobatics+1","Doppelganger","Bullet Time","Reflex+1","Predator","Acrobatics+1","Cloak And Dagger+1","Shame","Mind Blast+1"],"special_seed":0,"relics":["Ring of the Snake","NeowsBlessing","Bag of Preparation","PreservedInsect","Bag of Marbles","The Courier","Tiny Chest","Pen Nib","Cursed Key","Ancient Tea Set","Anchor","Thread and Needle","Potion Belt","ClockworkSouvenir","Du-Vu Doll","White Beast Statue","Lantern","Molten Egg 2","Bird Faced Urn","Blood Vial","Bottled Lightning"],"potions_floor_usage":[23,33,33,38,39,40,45,45,50,50,50,50],"damage_taken":[{"damage":0.0,"enemies":"2 Louse","floor":1.0,"turns":1.0},{"damage":0.0,"enemies":"Jaw Worm","floor":2.0,"turns":1.0},{"damage":0.0,"enemies":"Small Slimes","floor":3.0,"turns":1.0},{"damage":6.0,"enemies":"Lagavulin","floor":6.0,"turns":7.0},{"damage":0.0,"enemies":"Looter","floor":7.0,"turns":3.0},{"damage":10.0,"enemies":"3 Sentries","floor":8.0,"turns":6.0},{"damage":0.0,"enemies":"Large Slime","floor":10.0,"turns":2.0},{"damage":0.0,"enemies":"Gremlin Nob","floor":12.0,"turns":2.0},{"damage":0.0,"enemies":"2 Fungi Beasts","floor":13.0,"turns":1.0},{"damage":7.0,"enemies":"Lagavulin","floor":14.0,"turns":4.0},{"damage":23.0,"enemies":"Slime Boss","floor":16.0,"turns":8.0},{"damage":0.0,"enemies":"Spheric Guardian","floor":18.0,"turns":1.0},{"damage":5.0,"enemies":"Shell Parasite","floor":19.0,"turns":3.0},{"damage":0,"enemies":"Book of Stabbing","floor":23,"turns":1},{"damage":0,"enemies":"Gremlin Leader","floor":25,"turns":2},{"damage":0,"enemies":"Slavers","floor":29,"turns":2},{"damage":0,"enemies":"Snake Plant","floor":31,"turns":1},{"damage":23,"enemies":"Collector","floor":33,"turns":3},{"damage":0,"enemies":"3 Darklings","floor":35,"turns":1},{"damage":0,"enemies":"Orb Walker","floor":37,"turns":1},{"damage":0,"enemies":"Spire Growth","floor":38,"turns":2},{"damage":0,"enemies":"Maw","floor":39,"turns":3},{"damage":0,"enemies":"Nemesis","floor":40,"turns":1},{"damage":0,"enemies":"Reptomancer","floor":42,"turns":1},{"damage":0,"enemies":"Nemesis","floor":44,"turns":1},{"damage":12,"enemies":"4 Shapes","floor":45,"turns":1},{"damage":0,"enemies":"Reptomancer","floor":46,"turns":2},{"damage":0,"enemies":"Awakened One","floor":50,"turns":4}],"seed_played":"1315444278994026432","potions_obtained":[{"floor":1.0,"key":"EntropicBrew"},{"floor":2.0,"key":"PowerPotion"},{"floor":6.0,"key":"SpeedPotion"},{"floor":13.0,"key":"Block Potion"},{"floor":19.0,"key":"SteroidPotion"},{"floor":23,"key":"FearPotion"},{"floor":29,"key":"GamblersBrew"},{"floor":31,"key":"SkillPotion"},{"floor":35,"key":"SneckoOil"},{"floor":37,"key":"Block Potion"},{"floor":38,"key":"Explosive Potion"},{"floor":39,"key":"SneckoOil"},{"floor":40,"key":"Weak Potion"},{"floor":44,"key":"Energy Potion"},{"floor":45,"key":"GhostInAJar"},{"floor":46,"key":"Dexterity Potion"}],"is_trial":false,"path_per_floor":["M","M","M","?","?","E","M","E","T","M","T","E","M","E","R","B",null,"M","M","?","?","?","E","R","E","T","$","?","E","$","M","R","B",null,"M","$","M","M","M","E","$","E","T","E","M","E","R","?","R","B",null],"character_chosen":"THE_SILENT","items_purchased":["ClockworkSouvenir","PowerPotion","Swift Potion"],"campfire_rested":1,"item_purchase_floors":[27,36,41],"current_hp_per_floor":[59,59,59,59,59,53,53,43,43,43,43,43,43,36,36,13,53,53,48,48,61,61,61,61,61,61,61,61,61,61,61,61,38,59,59,59,59,59,59,59,59,59,59,59,49,51,51,51,66,66],"gold":127,"neow_bonus":"THREE_ENEMY_KILL","is_prod":false,"is_daily":false,"chose_seed":false,"campfire_upgraded":4,"win_rate":0,"timestamp":1550459119,"path_taken":["M","M","M","?","?","E","M","E","T","M","?","E","M","E","R","BOSS","M","M","?","?","?","E","R","E","T","$","?","E","$","M","R","BOSS","M","$","M","M","M","E","$","E","T","E","M","E","R","?","R","BOSS"],"build_version":"2019-01-23","purchased_purges":3,"victory":true,"max_hp_per_floor":[66,66,66,66,66,66,66,66,66,66,66,66,66,66,66,66,66,66,66,66,66,66,66,66,66,66,66,66,66,66,66,66,66,66,66,66,66,66,66,66,66,66,66,66,66,66,66,66,66,66],"card_choices":[{"not_picked":["Quick Slash","Caltrops"],"picked":"Masterful Stab","floor":1.0},{"not_picked":["Eviscerate","Prepared"],"picked":"Predator","floor":2.0},{"not_picked":["Heel Hook","Noxious Fumes"],"picked":"Dash","floor":3.0},{"not_picked":["Bouncing Flask","Bane"],"picked":"Prepared","floor":6.0},{"not_picked":["Outmaneuver","Backflip"],"picked":"Underhanded Strike","floor":7.0},{"not_picked":["Sucker Punch","Dodge and Roll"],"picked":"Die Die Die","floor":8.0},{"not_picked":["Noxious Fumes","Backflip"],"picked":"Dagger Spray","floor":10.0},{"not_picked":["Grand Finale","Dodge and Roll"],"picked":"Glass Knife","floor":12.0},{"not_picked":["Finisher","Outmaneuver","Catalyst"],"picked":"SKIP","floor":13.0},{"not_picked":["Leg Sweep","Expertise"],"picked":"Concentrate","floor":14.0},{"not_picked":["Phantasmal Killer","Envenom"],"picked":"Adrenaline","floor":16.0},{"not_picked":["PiercingWail","Slice"],"picked":"Finisher+1","floor":18.0},{"not_picked":["Backflip","Poisoned Stab"],"picked":"Acrobatics+1","floor":19.0},{"not_picked":["Concentrate","Prepared","Crippling Poison"],"picked":"SKIP","floor":23},{"not_picked":["Caltrops","Outmaneuver","PiercingWail"],"picked":"SKIP","floor":25},{"not_picked":["Flechettes","Venomology"],"picked":"Doppelganger","floor":29},{"not_picked":["Dagger Spray+1","Flying Knee","Concentrate"],"picked":"SKIP","floor":31},{"not_picked":["Doppelganger","Grand Finale"],"picked":"Bullet Time","floor":33},{"not_picked":["Poisoned Stab","Dagger Spray","Quick Slash"],"picked":"SKIP","floor":35},{"not_picked":["Heel Hook","Backflip+1","Calculated Gamble"],"picked":"SKIP","floor":37},{"not_picked":["Prepared","Eviscerate"],"picked":"Reflex","floor":38},{"not_picked":["Poisoned Stab","Bane+1"],"picked":"Predator","floor":39},{"not_picked":["Slice+1","Endless Agony"],"picked":"Acrobatics+1","floor":40},{"not_picked":["Escape Plan+1","Venomology"],"picked":"Cloak And Dagger+1","floor":42},{"not_picked":["Sucker Punch+1","Blade Dance","Acrobatics"],"picked":"SKIP","floor":44},{"not_picked":["Dodge and Roll","Catalyst","Dagger Spray+1"],"picked":"SKIP","floor":45},{"not_picked":["Setup","Tactician","Eviscerate+1"],"picked":"SKIP","floor":46},{"not_picked":["Impatience","Madness"],"picked":"Mind Blast+1","floor":48}],"player_experience":545853,"relics_obtained":[{"floor":6.0,"key":"Bag of Preparation"},{"floor":8.0,"key":"PreservedInsect"},{"floor":9.0,"key":"Bag of Marbles"},{"floor":11.0,"key":"The Courier"},{"floor":12.0,"key":"Tiny Chest"},{"floor":14.0,"key":"Pen Nib"},{"floor":23,"key":"Anchor"},{"floor":25,"key":"Thread and Needle"},{"floor":26,"key":"Potion Belt"},{"floor":29,"key":"Du-Vu Doll"},{"floor":40,"key":"Lantern"},{"floor":42,"key":"Molten Egg 2"},{"floor":43,"key":"Bird Faced Urn"},{"floor":44,"key":"Blood Vial"},{"floor":46,"key":"Bottled Lightning"}],"event_choices":[{"damage_healed":0.0,"max_hp_gain":0.0,"max_hp_loss":0.0,"gold_gain":0.0,"event_name":"Living Wall","player_choice":"Grow","floor":4.0,"gold_loss":0.0,"damage_taken":0.0,"cards_upgraded":["Predator"]},{"cards_removed":["Defend_G"],"damage_healed":0.0,"max_hp_gain":0.0,"max_hp_loss":0.0,"gold_gain":0.0,"event_name":"The Cleric","player_choice":"Card Removal","floor":5.0,"gold_loss":75.0,"damage_taken":0.0},{"damage_healed":0.0,"max_hp_gain":0.0,"max_hp_loss":0.0,"gold_gain":0.0,"event_name":"Addict","player_choice":"Obtained Relic","floor":20.0,"gold_loss":85.0,"damage_taken":0.0,"relics_obtained":["Ancient Tea Set"]},{"damage_healed":13.0,"max_hp_gain":0.0,"max_hp_loss":0.0,"gold_gain":0.0,"event_name":"The Library","player_choice":"Heal","floor":21.0,"gold_loss":0.0,"damage_taken":0.0},{"damage_healed":0.0,"max_hp_gain":0.0,"max_hp_loss":0.0,"gold_gain":0.0,"event_name":"The Mausoleum","player_choice":"Ignored","floor":22.0,"gold_loss":0.0,"damage_taken":0.0},{"cards_removed":["Defend_G"],"damage_healed":0,"gold_gain":0,"player_choice":"Gave Gold","damage_taken":0,"max_hp_gain":0,"max_hp_loss":0,"event_name":"Beggar","floor":28,"gold_loss":75},{"damage_healed":0,"gold_gain":0,"player_choice":"Memory 1","damage_taken":0,"max_hp_gain":0,"max_hp_loss":0,"event_name":"SensoryStone","floor":48,"gold_loss":0}],"is_beta":false,"boss_relics":[{"not_picked":["Sozu","Velvet Choker"],"picked":"Cursed Key"},{"not_picked":["Lizard Tail","Fusion Hammer"],"picked":"White Beast Statue"}],"items_purged_floors":[27,30,36],"is_endless":false,"potions_floor_spawned":[1,2,6,13,19,23,29,31,35,37,38,39,40,42,44,45,46],"ascension_level":19}