{"gold_per_floor":[110,122,122,138,138,138,170,170,195,195],"floor_reached":10,"playtime":385,"items_purged":[],"score":102,"play_id":"34f91398-3283-4bc4-907d-b757e9743af7","local_time":"20190318031636","is_ascension_mode":true,"campfire_choices":[{"data":"Body Slam","floor":6,"key":"SMITH"}],"neow_cost":"TEN_PERCENT_HP_LOSS","seed_source_timestamp":344556655497131,"circlet_count":0,"master_deck":["AscendersBane","Strike_R","Strike_R","Strike_R","Strike_R","Strike_R","Defend_R","Defend_R","Defend_R","Defend_R","Bash","Master of Strategy","Deep Breath","Body Slam+1","Battle Trance","Entrench"],"relics":["Burning Blood","Du-Vu Doll","Pantograph","Omamori","Red Skull"],"potions_floor_usage":[2,10],"damage_taken":[{"damage":11,"enemies":"Cultist","floor":1,"turns":4},{"damage":16,"enemies":"Jaw Worm","floor":2,"turns":4},{"damage":6,"enemies":"Small Slimes","floor":4,"turns":3},{"damage":43,"enemies":"3 Sentries","floor":7,"turns":10},{"damage":23,"enemies":"Exordium Thugs","floor":10,"turns":5}],"seed_played":"3432627405782918938","potions_obtained":[{"floor":1,"key":"Weak Potion"},{"floor":7,"key":"SkillPotion"}],"is_trial":false,"path_per_floor":["M","M","?","M","T","R","E","?","T","M"],"character_chosen":"IRONCLAD","items_purchased":[],"campfire_rested":0,"item_purchase_floors":[],"current_hp_per_floor":[67,57,57,57,57,57,20,20,20,0],"gold":195,"neow_bonus":"RANDOM_COLORLESS_2","is_prod":false,"is_daily":false,"chose_seed":false,"campfire_upgraded":1,"win_rate":0,"timestamp":1552846596,"path_taken":["M","?","?","M","?","R","E","?","T","?"],"build_version":"2019-01-23","purchased_purges":0,"victory":false,"max_hp_per_floor":[72,72,72,72,72,72,72,72,72,72],"card_choices":[{"not_picked":["Perfected Strike","Rupture","Havoc"],"picked":"SKIP","floor":1},{"not_picked":["Metallicize","Burning Pact"],"picked":"Body Slam","floor":2},{"not_picked":["Body Slam","Cleave"],"picked":"Battle Trance","floor":4},{"not_picked":["Havoc","Cleave"],"picked":"Entrench","floor":7}],"player_experience":554023,"relics_obtained":[{"floor":5,"key":"Pantograph"},{"floor":7,"key":"Omamori"},{"floor":9,"key":"Red Skull"}],"event_choices":[{"damage_healed":0,"gold_gain":0,"player_choice":"Box","damage_taken":0,"relics_obtained":["Du-Vu Doll"],"max_hp_gain":0,"max_hp_loss":0,"event_name":"Big Fish","floor":3,"gold_loss":0,"cards_obtained":["Regret"]},{"cards_removed":["Regret"],"damage_healed":0,"gold_gain":0,"player_choice":"Purged","damage_taken":0,"max_hp_gain":0,"max_hp_loss":0,"event_name":"Purifier","floor":8,"gold_loss":0}],"is_beta":false,"boss_relics":[],"items_purged_floors":[],"is_endless":false,"potions_floor_spawned":[1,7],"killed_by":"Exordium Thugs","ascension_level":11}