{"gold_per_floor":[109,109,126,126,51,51,51,51,74,5,36,55,70,90,90,187,187,200,218,233,148,68,81,81,6,6,6,35,35,49,7,7,103,103,121,135,135,135],"floor_reached":38,"playtime":4730,"items_purged":["Strike_B","Dualcast"],"score":419,"play_id":"be93d90b-d238-48ee-9489-d4e9917ff38d","local_time":"20190204200743","is_ascension_mode":false,"campfire_choices":[{"data":"Coolheaded","floor":6.0,"key":"SMITH"},{"floor":8.0,"key":"RECALL"},{"data":"Defragment","floor":15.0,"key":"SMITH"},{"data":"Scrape","floor":24.0,"key":"SMITH"},{"data":"Beam Cell","floor":27.0,"key":"SMITH"},{"data":"Strike_B","floor":32,"key":"PURGE"}],"neow_cost":"NONE","seed_source_timestamp":0,"circlet_count":0,"master_deck":["Strike_B+1","Defend_B","Defend_B+1","Defend_B","Defend_B","Zap","Coolheaded+1","Beam Cell+1","Defragment+1","White Noise","Turbo","Double Energy","Self Repair","Creative AI","Go for the Eyes","Beam Cell+1","Scrape+1","Gash+1","J.A.X.","FTL","Gash","FTL+1"],"special_seed":0,"relics":["Cracked Core","NeowsBlessing","Kunai","Ornamental Fan","Sozu","The Courier","Bottled Flame","Peace Pipe","Nuclear Battery"],"potions_floor_usage":[33],"damage_taken":[{"damage":0.0,"enemies":"Cultist","floor":1.0,"turns":1.0},{"damage":0.0,"enemies":"Small Slimes","floor":3.0,"turns":1.0},{"damage":0.0,"enemies":"Gremlin Nob","floor":11.0,"turns":1.0},{"damage":0.0,"enemies":"Jaw Worm","floor":12.0,"turns":3.0},{"damage":0.0,"enemies":"Large Slime","floor":13.0,"turns":3.0},{"damage":1.0,"enemies":"Blue Slaver","floor":14.0,"turns":3.0},{"damage":30.0,"enemies":"Slime Boss","floor":16.0,"turns":8.0},{"damage":11.0,"enemies":"Chosen","floor":18.0,"turns":5.0},{"damage":12.0,"enemies":"Shell Parasite","floor":19.0,"turns":5.0},{"damage":20.0,"enemies":"Shelled Parasite and Fungi","floor":20.0,"turns":8.0},{"damage":5.0,"enemies":"3 Cultists","floor":23.0,"turns":6.0},{"damage":23.0,"enemies":"Gremlin Leader","floor":28.0,"turns":9.0},{"damage":10.0,"enemies":"Centurion and Healer","floor":30.0,"turns":5.0},{"damage":7,"enemies":"Automaton","floor":33,"turns":9},{"damage":28,"enemies":"Orb Walker","floor":35,"turns":4},{"damage":39,"enemies":"3 Darklings","floor":36,"turns":5},{"damage":22,"enemies":"Writhing Mass","floor":38,"turns":1}],"seed_played":"-4142204852522464872","potions_obtained":[{"floor":3.0,"key":"Swift Potion"},{"floor":11.0,"key":"SpeedPotion"},{"floor":12.0,"key":"Explosive Potion"},{"floor":16.0,"key":"GamblersBrew"}],"is_trial":false,"path_per_floor":["M","?","M","?","$","R","?","R","T","$","E","M","M","M","R","B",null,"M","M","M","?","$","M","R","?","T","R","E","?","M","$","R","B",null,"M","M","?","M"],"character_chosen":"DEFECT","items_purchased":["Defragment","Gash"],"campfire_rested":0,"item_purchase_floors":[10,31],"current_hp_per_floor":[75,60,60,48,48,48,48,48,48,48,48,48,48,47,47,17,75,71,66,53,53,53,55,55,55,55,55,39,39,29,29,29,29,75,54,22,22,0],"gold":135,"neow_bonus":"THREE_ENEMY_KILL","is_prod":false,"is_daily":false,"chose_seed":false,"campfire_upgraded":4,"win_rate":0,"timestamp":1549328863,"path_taken":["M","?","M","?","$","R","?","R","T","$","E","?","M","M","R","BOSS","M","?","M","?","$","M","R","?","T","R","E","?","M","?","R","BOSS","M","M","?","M"],"build_version":"2019-01-23","purchased_purges":2,"victory":false,"max_hp_per_floor":[75,75,75,75,75,75,75,75,75,75,75,75,75,75,75,75,75,75,75,75,75,75,75,75,75,75,75,75,75,75,75,75,75,75,75,75,75,75],"card_choices":[{"not_picked":["Undo","Hologram"],"picked":"Coolheaded","floor":1.0},{"not_picked":["Steam","Redo"],"picked":"Beam Cell","floor":3.0},{"not_picked":["Multi-Cast","Tempest"],"picked":"White Noise","floor":11.0},{"not_picked":["Genetic Algorithm","FTL"],"picked":"Turbo","floor":12.0},{"not_picked":["Force Field","Darkness"],"picked":"Double Energy","floor":13.0},{"not_picked":["Double Energy","Hologram"],"picked":"Self Repair","floor":14.0},{"not_picked":["Amplify","Electrodynamics"],"picked":"Creative AI","floor":16.0},{"not_picked":["Rebound","Aggregate+1"],"picked":"Go for the Eyes","floor":18.0},{"not_picked":["Skim+1","Rebound"],"picked":"Beam Cell","floor":19.0},{"not_picked":["Hologram","Leap"],"picked":"Scrape","floor":20.0},{"not_picked":["Rebound","Barrage+1"],"picked":"Gash+1","floor":23.0},{"not_picked":["Streamline","Aggregate+1","Fusion"],"picked":"SKIP","floor":28.0},{"not_picked":["Buffer","Redo"],"picked":"FTL","floor":30.0},{"not_picked":["Stack+1","Streamline+1","Coolheaded+1"],"picked":"SKIP","floor":35},{"not_picked":["Hologram","Beam Cell+1"],"picked":"FTL+1","floor":36}],"player_experience":149376,"relics_obtained":[{"floor":11.0,"key":"Ornamental Fan"},{"floor":26.0,"key":"Bottled Flame"},{"floor":28.0,"key":"Peace Pipe"}],"event_choices":[{"damage_healed":0.0,"max_hp_gain":0.0,"max_hp_loss":0.0,"gold_gain":0.0,"event_name":"Shining Light","player_choice":"Entered Light","floor":2.0,"gold_loss":0.0,"damage_taken":15.0,"cards_upgraded":["Strike_B","Defend_B"]},{"damage_healed":0.0,"max_hp_gain":0.0,"max_hp_loss":0.0,"gold_gain":0.0,"event_name":"Scrap Ooze","player_choice":"Success","floor":4.0,"gold_loss":0.0,"damage_taken":12.0,"relics_obtained":["Kunai"]},{"damage_healed":0.0,"max_hp_gain":0.0,"max_hp_loss":0.0,"gold_gain":0.0,"event_name":"Upgrade Shrine","player_choice":"Upgraded","floor":7.0,"gold_loss":0.0,"damage_taken":0.0,"cards_upgraded":["Beam Cell"]},{"damage_healed":0.0,"max_hp_gain":0.0,"max_hp_loss":0.0,"gold_gain":0.0,"event_name":"Addict","player_choice":"Obtained Relic","floor":21.0,"gold_loss":85.0,"damage_taken":0.0,"relics_obtained":["The Courier"]},{"cards_removed":["Strike_B"],"damage_healed":0.0,"max_hp_gain":0.0,"max_hp_loss":0.0,"gold_gain":0.0,"event_name":"Beggar","player_choice":"Gave Gold","floor":25.0,"gold_loss":75.0,"damage_taken":0.0},{"damage_healed":0.0,"max_hp_gain":0.0,"max_hp_loss":0.0,"gold_gain":0.0,"event_name":"Drug Dealer","player_choice":"Obtain J.A.X.","floor":29.0,"gold_loss":0.0,"damage_taken":0.0,"cards_obtained":["J.A.X."]},{"damage_healed":0,"gold_gain":0,"player_choice":"Got Potions","damage_taken":0,"max_hp_gain":0,"max_hp_loss":0,"event_name":"Lab","floor":37,"gold_loss":0}],"is_beta":false,"boss_relics":[{"not_picked":["White Beast Statue","Runic Pyramid"],"picked":"Sozu"},{"not_picked":["Philosopher\u0027s Stone","Calling Bell"],"picked":"Nuclear Battery"}],"items_purged_floors":[5,22],"is_endless":false,"potions_floor_spawned":[3,11,12,16,19,23,30,35],"killed_by":"Writhing Mass","ascension_level":0}