{"gold_per_floor":[110,129,148,148,148,148,178,178,178,190,48,80,94,94],"floor_reached":14,"playtime":373,"items_purged":[],"score":195,"play_id":"f8b00a32-54c9-40d2-a343-c54f832b4654","local_time":"20190216232528","is_ascension_mode":true,"campfire_choices":[{"data":"Predator","floor":6,"key":"SMITH"}],"neow_cost":"NONE","seed_source_timestamp":44330274199166,"circlet_count":0,"master_deck":["AscendersBane","Defend_G","Defend_G","Defend_G","Defend_G","Defend_G","Strike_G","Strike_G","Strike_G","Strike_G","Strike_G","Survivor","Neutralize","Dagger Spray","Predator+1","Sucker Punch","Glass Knife","Predator","Deflect","Blade Dance"],"relics":["Ring of the Snake","NeowsBlessing","Darkstone Periapt","Nunchaku","Calipers","Kunai","Bird Faced Urn"],"potions_floor_usage":[7,12,12],"damage_taken":[{"damage":0,"enemies":"2 Louse","floor":1,"turns":1},{"damage":0,"enemies":"Small Slimes","floor":2,"turns":1},{"damage":0,"enemies":"Cultist","floor":3,"turns":1},{"damage":49,"enemies":"Lagavulin","floor":7,"turns":8},{"damage":6,"enemies":"Looter","floor":10,"turns":3},{"damage":6,"enemies":"Gremlin Nob","floor":12,"turns":3},{"damage":0,"enemies":"Blue Slaver","floor":13,"turns":3},{"damage":5,"enemies":"Exordium Wildlife","floor":14,"turns":3}],"seed_played":"3932204088370356232","potions_obtained":[{"floor":2,"key":"Block Potion"}],"is_trial":false,"path_per_floor":["M","M","M","?","?","R","E","?","T","M","$","E","M","M"],"character_chosen":"THE_SILENT","items_purchased":["Regen Potion","PowerPotion"],"campfire_rested":0,"item_purchase_floors":[11,11],"current_hp_per_floor":[59,59,59,54,60,60,11,11,11,5,5,8,8,3],"gold":94,"neow_bonus":"THREE_ENEMY_KILL","is_prod":false,"is_daily":false,"chose_seed":false,"campfire_upgraded":1,"win_rate":0,"timestamp":1550388328,"path_taken":["M","M","M","?","?","R","E","?","T","M","$","E","M","M"],"build_version":"2019-01-23","purchased_purges":0,"victory":false,"max_hp_per_floor":[66,66,66,66,72,72,72,72,72,72,72,72,72,72],"card_choices":[{"not_picked":["Prepared","Masterful Stab"],"picked":"Dagger Spray","floor":1},{"not_picked":["Slice","Sucker Punch"],"picked":"Predator","floor":2},{"not_picked":["Acrobatics","Masterful Stab"],"picked":"Sucker Punch","floor":3},{"not_picked":["Calculated Gamble","Catalyst"],"picked":"Glass Knife","floor":7},{"not_picked":["Reflex","Underhanded Strike"],"picked":"Predator","floor":10},{"not_picked":["Blur","Tactician"],"picked":"Deflect","floor":12},{"not_picked":["Prepared","Deadly Poison"],"picked":"Blade Dance","floor":13}],"player_experience":540864,"relics_obtained":[{"floor":7,"key":"Calipers"},{"floor":9,"key":"Kunai"},{"floor":12,"key":"Bird Faced Urn"}],"event_choices":[{"damage_healed":0,"gold_gain":0,"player_choice":"Success","damage_taken":5,"relics_obtained":["Darkstone Periapt"],"max_hp_gain":0,"max_hp_loss":0,"event_name":"Scrap Ooze","floor":4,"gold_loss":0},{"damage_healed":0,"gold_gain":0,"player_choice":"Box","damage_taken":0,"relics_obtained":["Nunchaku"],"max_hp_gain":0,"max_hp_loss":0,"event_name":"Big Fish","floor":5,"gold_loss":0,"cards_obtained":["Regret"]},{"cards_removed":["Regret"],"damage_healed":0,"gold_gain":0,"player_choice":"Removed Curses","damage_taken":0,"max_hp_gain":0,"max_hp_loss":0,"event_name":"Fountain of Cleansing","floor":8,"gold_loss":0}],"is_beta":false,"boss_relics":[],"items_purged_floors":[],"is_endless":false,"potions_floor_spawned":[2],"killed_by":"Exordium Wildlife","ascension_level":19}