{"gold_per_floor":[118,68,84,8,8,8,18,18,18,53,53,70,70],"floor_reached":13,"playtime":626,"items_purged":[],"score":166,"play_id":"058e8840-3705-4bcc-a536-971b4810fa83","local_time":"20190315223957","is_ascension_mode":true,"campfire_choices":[{"data":"Quick Slash","floor":6.0,"key":"SMITH"},{"data":"Quick Slash","floor":8.0,"key":"SMITH"},{"floor":11.0,"key":"REST"}],"neow_cost":"PERCENT_DAMAGE","seed_source_timestamp":98017817761398,"circlet_count":0,"master_deck":["AscendersBane","Defend_G","Defend_G","Defend_G","Defend_G","Defend_G","Strike_G","Strike_G","Strike_G","Survivor","Neutralize","Quick Slash+1","Quick Slash+1","PiercingWail","Well Laid Plans","Infinite Blades","Blur"],"special_seed":0,"relics":["Ring of the Snake","Peace Pipe","Snake Skull"],"potions_floor_usage":[12,13],"damage_taken":[{"damage":17.0,"enemies":"Cultist","floor":1.0,"turns":6.0},{"damage":0.0,"enemies":"2 Louse","floor":3.0,"turns":2.0},{"damage":0.0,"enemies":"Jaw Worm","floor":7.0,"turns":3.0},{"damage":19.0,"enemies":"3 Sentries","floor":10.0,"turns":15.0},{"damage":13,"enemies":"Gremlin Gang","floor":12,"turns":6},{"damage":30,"enemies":"Gremlin Nob","floor":13,"turns":3}],"seed_played":"-5615689395385782104","potions_obtained":[{"floor":1.0,"key":"Dexterity Potion"},{"floor":3.0,"key":"FearPotion"},{"floor":12,"key":"FearPotion"}],"is_trial":false,"path_per_floor":["M","$","M","$","?","R","M","R","T","E","R","M","E"],"character_chosen":"THE_SILENT","items_purchased":["Quick Slash","Well Laid Plans"],"campfire_rested":1,"item_purchase_floors":[2,4],"current_hp_per_floor":[27,27,27,27,27,27,27,27,27,8,27,14,0],"gold":70,"neow_bonus":"REMOVE_TWO","is_prod":false,"is_daily":false,"chose_seed":false,"campfire_upgraded":2,"win_rate":0,"timestamp":1552714797,"path_taken":["M","$","?","?","?","R","?","R","T","E","R","M","E"],"build_version":"2019-02-06","purchased_purges":0,"victory":false,"max_hp_per_floor":[66,66,66,66,66,66,66,66,66,66,66,66,66],"card_choices":[{"not_picked":["Accuracy","Distraction"],"picked":"Quick Slash","floor":1.0},{"not_picked":["Dodge and Roll","Flying Knee"],"picked":"PiercingWail","floor":3.0},{"not_picked":["Blade Dance","Prepared","Underhanded Strike"],"picked":"SKIP","floor":7.0},{"not_picked":["Dagger Spray","Backflip"],"picked":"Infinite Blades","floor":10.0},{"not_picked":["Dodge and Roll","Choke"],"picked":"Blur","floor":12}],"player_experience":1372744,"relics_obtained":[{"floor":9.0,"key":"Peace Pipe"},{"floor":10.0,"key":"Snake Skull"}],"event_choices":[{"damage_healed":0.0,"max_hp_gain":0.0,"max_hp_loss":0.0,"gold_gain":0.0,"event_name":"Lab","player_choice":"Got Potions","floor":5.0,"gold_loss":0.0,"damage_taken":0.0}],"is_beta":true,"boss_relics":[],"items_purged_floors":[],"is_endless":false,"potions_floor_spawned":[1,3,12],"killed_by":"Gremlin Nob","ascension_level":20}