{"gold_per_floor":[111,123,123,140,65,65,82,110,110,121,131,131,59,29,29,29],"floor_reached":16,"playtime":1083,"items_purged":["Defend_B"],"score":102,"play_id":"8d24edbd-58cf-4ed8-a83b-b7a82409445a","local_time":"20190130111057","is_ascension_mode":false,"campfire_choices":[{"data":"Hologram","floor":6,"key":"SMITH"},{"floor":15,"key":"REST"}],"neow_cost":"TEN_PERCENT_HP_LOSS","seed_source_timestamp":1641437000224273,"circlet_count":0,"master_deck":["Strike_B","Strike_B","Defend_B","Defend_B","Defend_B","Zap","Dualcast","Sweeping Beam","Hologram+1","Sweeping Beam","Beam Cell","FTL"],"relics":["Cracked Core","Happy Flower","Golden Idol"],"potions_floor_usage":[8,8,16,16],"damage_taken":[{"damage":0,"enemies":"Cultist","floor":1,"turns":2},{"damage":2,"enemies":"Small Slimes","floor":2,"turns":3},{"damage":4,"enemies":"2 Louse","floor":4,"turns":2},{"damage":8,"enemies":"Lots of Slimes","floor":7,"turns":3},{"damage":34,"enemies":"Lagavulin","floor":8,"turns":6},{"damage":0,"enemies":"Gremlin Gang","floor":10,"turns":2},{"damage":3,"enemies":"3 Louse","floor":11,"turns":2},{"damage":60,"enemies":"The Guardian","floor":16,"turns":9}],"seed_played":"1226175822839036318","potions_obtained":[{"floor":1,"key":"Regen Potion"},{"floor":3,"key":"FearPotion"},{"floor":3,"key":"AttackPotion"},{"floor":8,"key":"Swift Potion"},{"floor":10,"key":"Ancient Potion"},{"floor":14,"key":"FairyPotion"},{"floor":14,"key":"Swift Potion"}],"is_trial":false,"path_per_floor":["M","M","?","M","$","R","M","E","T","M","M","?","$","?","R","B"],"character_chosen":"DEFECT","items_purchased":["FTL"],"campfire_rested":1,"item_purchase_floors":[13],"current_hp_per_floor":[68,66,66,62,62,62,54,34,34,34,31,31,31,31,49,0],"gold":29,"neow_bonus":"REMOVE_TWO","is_prod":false,"is_daily":false,"chose_seed":false,"campfire_upgraded":1,"win_rate":0,"timestamp":1548864657,"path_taken":["M","M","?","M","$","R","M","E","T","M","?","?","$","?","R","BOSS"],"build_version":"2019-01-23","purchased_purges":1,"victory":false,"max_hp_per_floor":[68,68,68,68,68,68,68,68,68,68,68,63,63,63,63,63],"card_choices":[{"not_picked":["BootSequence","Self Repair"],"picked":"Sweeping Beam","floor":1},{"not_picked":["Barrage","Streamline"],"picked":"Hologram","floor":2},{"not_picked":["Leap","Ball Lightning","Blizzard"],"picked":"SKIP","floor":4},{"not_picked":["Redo","Force Field","Aggregate"],"picked":"SKIP","floor":7},{"not_picked":["Sunder","Compile Driver","Turbo"],"picked":"SKIP","floor":8},{"not_picked":["Sunder","Force Field"],"picked":"Sweeping Beam","floor":10},{"not_picked":["Redo","Fusion"],"picked":"Beam Cell","floor":11}],"player_experience":91629,"relics_obtained":[{"floor":8,"key":"Happy Flower"}],"event_choices":[{"damage_healed":0,"gold_gain":0,"player_choice":"Got Potions","damage_taken":0,"max_hp_gain":0,"max_hp_loss":0,"event_name":"Lab","floor":3,"gold_loss":0},{"damage_healed":0,"gold_gain":0,"player_choice":"Lose Max HP","damage_taken":0,"relics_obtained":["Golden Idol"],"max_hp_gain":0,"max_hp_loss":5,"event_name":"Golden Idol","floor":12,"gold_loss":0},{"damage_healed":0,"gold_gain":0,"player_choice":"Bought 2 Potions","damage_taken":0,"max_hp_gain":0,"max_hp_loss":0,"event_name":"The Woman in Blue","floor":14,"gold_loss":0}],"is_beta":false,"boss_relics":[],"items_purged_floors":[5],"is_endless":false,"potions_floor_spawned":[1,8,10],"killed_by":"The Guardian","ascension_level":0}