{"gold_per_floor":[111,122,47,64,139,139,165,181,181,200,29,48,48,62,62,141,141,161,178,58,73,73,73,85,85],"floor_reached":25,"playtime":1458,"items_purged":["Strike_R"],"score":414,"play_id":"9ceb266c-0e55-43b1-9390-102eb6d1eaba","local_time":"20190312215019","is_ascension_mode":true,"campfire_choices":[{"floor":6,"key":"REST"},{"floor":13,"key":"REST"},{"floor":15,"key":"REST"},{"floor":23,"key":"REST"}],"neow_cost":"PERCENT_DAMAGE","seed_source_timestamp":508295371892631,"circlet_count":0,"master_deck":["AscendersBane","Strike_R","Strike_R","Strike_R","Defend_R","Defend_R","Defend_R","Defend_R","Bash","Seeing Red","Hemokinesis","Ghostly Armor","Double Tap","Second Wind","Armaments","Flame Barrier","Inflame","Immolate","Body Slam","Inflame","Feel No Pain","Headbutt","Flame Barrier"],"relics":["Burning Blood","Bronze Scales","Bottled Flame","Vajra","Mark of Pain"],"potions_floor_usage":[8,14,16,19,21],"damage_taken":[{"damage":18,"enemies":"Jaw Worm","floor":1,"turns":6},{"damage":3,"enemies":"2 Louse","floor":2,"turns":4},{"damage":7,"enemies":"Cultist","floor":4,"turns":3},{"damage":39,"enemies":"Lagavulin","floor":7,"turns":5},{"damage":19,"enemies":"Large Slime","floor":8,"turns":7},{"damage":22,"enemies":"Exordium Thugs","floor":10,"turns":6},{"damage":3,"enemies":"Looter","floor":12,"turns":3},{"damage":6,"enemies":"Large Slime","floor":14,"turns":5},{"damage":53,"enemies":"Hexaghost","floor":16,"turns":10},{"damage":30,"enemies":"Chosen","floor":18,"turns":4},{"damage":24,"enemies":"Shell Parasite","floor":19,"turns":6},{"damage":20,"enemies":"Snake Plant","floor":21,"turns":2},{"damage":29,"enemies":"Centurion and Healer","floor":24,"turns":7},{"damage":25,"enemies":"3 Cultists","floor":25,"turns":3}],"seed_played":"5724063557329950040","potions_obtained":[{"floor":4,"key":"Ancient Potion"},{"floor":7,"key":"LiquidBronze"},{"floor":10,"key":"Ancient Potion"},{"floor":16,"key":"EssenceOfSteel"},{"floor":18,"key":"LiquidBronze"},{"floor":19,"key":"Fire Potion"}],"is_trial":false,"path_per_floor":["M","M","?","M","?","R","E","M","T","M","$","M","R","M","R","B",null,"M","M","$","M","?","R","M","M"],"character_chosen":"IRONCLAD","items_purchased":["Vajra","Feel No Pain"],"campfire_rested":4,"item_purchase_floors":[11,20],"current_hp_per_floor":[52,55,55,54,43,69,36,23,23,7,7,10,36,36,62,15,71,47,29,29,15,15,41,18,0],"gold":85,"neow_bonus":"TWENTY_PERCENT_HP_BONUS","is_prod":false,"is_daily":false,"chose_seed":false,"campfire_upgraded":0,"win_rate":0,"timestamp":1552449019,"path_taken":["M","M","?","M","?","R","E","M","T","M","?","M","R","M","R","BOSS","M","?","$","M","?","R","M","M"],"build_version":"2019-01-23","purchased_purges":1,"victory":false,"max_hp_per_floor":[89,89,89,89,89,89,89,89,89,89,89,89,89,89,89,89,89,89,89,89,89,89,89,89,89],"card_choices":[{"not_picked":["Havoc","Dual Wield"],"picked":"Seeing Red","floor":1},{"not_picked":["Burning Pact","Sword Boomerang"],"picked":"Hemokinesis","floor":2},{"not_picked":["Heavy Blade","Warcry"],"picked":"Ghostly Armor","floor":4},{"not_picked":["Warcry","True Grit"],"picked":"Double Tap","floor":7},{"not_picked":["Pommel Strike","Warcry"],"picked":"Second Wind","floor":8},{"not_picked":["Second Wind","Corruption"],"picked":"Armaments","floor":10},{"not_picked":["Whirlwind","Warcry"],"picked":"Flame Barrier","floor":12},{"not_picked":["Dark Embrace","Heavy Blade"],"picked":"Inflame","floor":14},{"not_picked":["Brutality","Double Tap"],"picked":"Immolate","floor":16},{"not_picked":["Metallicize","Shrug It Off"],"picked":"Body Slam","floor":18},{"not_picked":["Shockwave","Twin Strike"],"picked":"Inflame","floor":19},{"not_picked":["Intimidate","Flex"],"picked":"Headbutt","floor":21},{"not_picked":["Clothesline","Flex+1"],"picked":"Flame Barrier","floor":24}],"player_experience":1410127,"relics_obtained":[{"floor":7,"key":"Bronze Scales"},{"floor":9,"key":"Bottled Flame"}],"event_choices":[{"cards_removed":["Strike_R"],"damage_healed":0,"gold_gain":0,"player_choice":"Card Removal","damage_taken":0,"max_hp_gain":0,"max_hp_loss":0,"event_name":"The Cleric","floor":3,"gold_loss":75},{"damage_healed":0,"gold_gain":75,"player_choice":"Gather Gold","damage_taken":11,"max_hp_gain":0,"max_hp_loss":0,"event_name":"World of Goop","floor":5,"gold_loss":0},{"damage_healed":0,"gold_gain":0,"player_choice":"Ignored","damage_taken":0,"max_hp_gain":0,"max_hp_loss":0,"event_name":"Cursed Tome","floor":22,"gold_loss":0}],"is_beta":false,"boss_relics":[{"not_picked":["Busted Crown","Runic Cube"],"picked":"Mark of Pain"}],"items_purged_floors":[20],"is_endless":false,"potions_floor_spawned":[4,7,10,16,18,19],"killed_by":"3 Cultists","ascension_level":20}