{"gold_per_floor":[119,130,140,140,158,187,187,219,243,253,253,278,2,2],"floor_reached":14,"playtime":814,"items_purged":["Strike_R"],"score":220,"play_id":"51526f09-3458-4f76-845c-592dd724fdf2","local_time":"20190311223944","is_ascension_mode":true,"campfire_choices":[{"floor":7,"key":"REST"}],"neow_cost":"NONE","seed_source_timestamp":425501944348535,"circlet_count":0,"master_deck":["AscendersBane","Strike_R","Strike_R","Defend_R","Defend_R+1","Defend_R","Defend_R","Bash+1","Hemokinesis+1","Second Wind+1","Cleave","Shrug It Off","Rupture","Barricade","Evolve","Heavy Blade","Magnetism"],"relics":["Burning Blood","PreservedInsect","Whetstone","Juzu Bracelet","War Paint","Blood Vial"],"potions_floor_usage":[10,12],"damage_taken":[{"damage":6,"enemies":"Cultist","floor":1,"turns":3},{"damage":17,"enemies":"Jaw Worm","floor":2,"turns":4},{"damage":11,"enemies":"Small Slimes","floor":3,"turns":4},{"damage":8,"enemies":"3 Louse","floor":5,"turns":4},{"damage":33,"enemies":"Lagavulin","floor":6,"turns":5},{"damage":3,"enemies":"Gremlin Nob","floor":8,"turns":3},{"damage":37,"enemies":"Gremlin Gang","floor":10,"turns":5},{"damage":5,"enemies":"3 Sentries","floor":12,"turns":7},{"damage":30,"enemies":"Gremlin Nob","floor":14,"turns":3}],"seed_played":"1407114737548623567","potions_obtained":[{"floor":1,"key":"Swift Potion"},{"floor":2,"key":"EssenceOfSteel"},{"floor":8,"key":"Energy Potion"}],"is_trial":false,"path_per_floor":["M","M","M","?","M","E","R","E","T","M","?","E","$","E"],"character_chosen":"IRONCLAD","items_purchased":["Magnetism"],"campfire_rested":1,"item_purchase_floors":[13],"current_hp_per_floor":[68,57,52,52,50,23,45,48,48,17,17,18,18,0],"gold":2,"neow_bonus":"RANDOM_COMMON_RELIC","is_prod":false,"is_daily":false,"chose_seed":false,"campfire_upgraded":0,"win_rate":0,"timestamp":1552365584,"path_taken":["M","M","?","?","?","E","R","E","T","M","?","E","$","E"],"build_version":"2019-01-23","purchased_purges":1,"victory":false,"max_hp_per_floor":[75,75,75,75,75,75,75,75,75,75,75,75,75,75],"card_choices":[{"not_picked":["Sever Soul","Clash"],"picked":"Hemokinesis","floor":1},{"not_picked":["Carnage","Infernal Blade"],"picked":"Second Wind","floor":2},{"not_picked":["Dual Wield","Power Through"],"picked":"Cleave","floor":3},{"not_picked":["Clothesline","True Grit"],"picked":"Shrug It Off","floor":5},{"not_picked":["Headbutt","Metallicize"],"picked":"Rupture","floor":6},{"not_picked":["Reckless Charge","Battle Trance"],"picked":"Barricade","floor":8},{"not_picked":["Flex","Combust"],"picked":"Evolve","floor":10},{"not_picked":["Dropkick","Bloodletting"],"picked":"Heavy Blade","floor":12}],"player_experience":1395407,"relics_obtained":[{"floor":6,"key":"Whetstone"},{"floor":8,"key":"Juzu Bracelet"},{"floor":9,"key":"War Paint"},{"floor":12,"key":"Blood Vial"}],"event_choices":[{"cards_removed":["Strike_R"],"damage_healed":0,"gold_gain":0,"player_choice":"Purged","damage_taken":0,"max_hp_gain":0,"max_hp_loss":0,"event_name":"Purifier","floor":4,"gold_loss":0},{"cards_removed":["Strike_R"],"damage_healed":0,"gold_gain":0,"player_choice":"Forget","damage_taken":0,"max_hp_gain":0,"max_hp_loss":0,"event_name":"Living Wall","floor":11,"gold_loss":0}],"is_beta":false,"boss_relics":[],"items_purged_floors":[13],"is_endless":false,"potions_floor_spawned":[1,2,8],"killed_by":"Gremlin Nob","ascension_level":20}