{"gold_per_floor":[210,220,19,19,34,34,70,70,70,89,122,122,47,85,85,184,184,204,240,240,1,24,60,60,93,93,117,117,133,133,146,146,239,239,255,2,2,2,27,60,60,60,60,85,85,210,230,251,251,251,251,251,251,22,22],"floor_reached":55,"playtime":7755,"items_purged":["Strike_B","Defend_B"],"score":1941,"play_id":"d3d3959e-e394-4860-9966-9bbe9297dd31","local_time":"20190306203237","is_ascension_mode":true,"campfire_choices":[{"data":"Zap","floor":6.0,"key":"SMITH"},{"data":"Glacier","floor":8.0,"key":"SMITH"},{"data":"Cold Snap","floor":12.0,"key":"SMITH"},{"data":"Go for the Eyes","floor":15.0,"key":"SMITH"},{"floor":24.0,"key":"REST"},{"data":"Hologram","floor":28.0,"key":"SMITH"},{"floor":32.0,"key":"REST"},{"floor":41.0,"key":"RECALL"},{"data":"Barrage","floor":45.0,"key":"SMITH"},{"data":"Barrage","floor":49.0,"key":"SMITH"},{"data":"Go for the Eyes","floor":53.0,"key":"SMITH"}],"neow_cost":"NONE","seed_source_timestamp":518526344002034,"circlet_count":0,"master_deck":["AscendersBane","Strike_B","Strike_B+1","Defend_B","Defend_B","Defend_B","Zap+1","Dualcast","Cold Snap+1","Steam+1","Rip and Tear","Leap","Glacier+1","Cold Snap+1","Coolheaded","Go for the Eyes+1","Creative AI","Hologram+1","Gash","Darkness+1","Coolheaded","Compile Driver","Go for the Eyes+1","Loop","Recycle","Biased Cognition","Barrage+1","Defragment+1","Dark Shackles","Genetic Algorithm+1","Loop+1","Stack+1","Barrage+1","Conserve Battery+1","Steam+1","Defragment"],"special_seed":0,"relics":["Cracked Core","Golden Idol","Bottled Lightning","Kunai","Whetstone","Meat on the Bone","Inserter","Red Mask","DataDisk","Orichalcum","Mercury Hourglass","Nuclear Battery","War Paint","Toxic Egg 2","Letter Opener","Bird Faced Urn"],"potions_floor_usage":[55],"damage_taken":[{"damage":1.0,"enemies":"Cultist","floor":1.0,"turns":3.0},{"damage":14.0,"enemies":"Small Slimes","floor":2.0,"turns":4.0},{"damage":0.0,"enemies":"2 Louse","floor":5.0,"turns":1.0},{"damage":2.0,"enemies":"Gremlin Nob","floor":7.0,"turns":3.0},{"damage":0.0,"enemies":"Red Slaver","floor":10.0,"turns":4.0},{"damage":4.0,"enemies":"3 Sentries","floor":11.0,"turns":11.0},{"damage":19.0,"enemies":"Gremlin Nob","floor":14.0,"turns":4.0},{"damage":3.0,"enemies":"The Guardian","floor":16.0,"turns":14.0},{"damage":0.0,"enemies":"Chosen","floor":18.0,"turns":5.0},{"damage":32.0,"enemies":"Masked Bandits","floor":19.0,"turns":6.0},{"damage":3.0,"enemies":"2 Thieves","floor":22.0,"turns":5.0},{"damage":31.0,"enemies":"Slavers","floor":23.0,"turns":9.0},{"damage":27.0,"enemies":"Book of Stabbing","floor":25.0,"turns":8.0},{"damage":1.0,"enemies":"Snecko","floor":27.0,"turns":8.0},{"damage":4.0,"enemies":"Centurion and Healer","floor":29.0,"turns":9.0},{"damage":8.0,"enemies":"Shelled Parasite and Fungi","floor":31.0,"turns":8.0},{"damage":42.0,"enemies":"Automaton","floor":33.0,"turns":15.0},{"damage":3.0,"enemies":"3 Shapes","floor":35.0,"turns":9.0},{"damage":1.0,"enemies":"Orb Walker","floor":39.0,"turns":5.0},{"damage":17.0,"enemies":"Giant Head","floor":40.0,"turns":13.0},{"damage":0.0,"enemies":"Reptomancer","floor":42.0,"turns":2.0},{"damage":8.0,"enemies":"4 Shapes","floor":44.0,"turns":6.0},{"damage":0.0,"enemies":"Mind Bloom Boss Battle","floor":46.0,"turns":14.0},{"damage":7.0,"enemies":"Writhing Mass","floor":47.0,"turns":12.0},{"damage":15.0,"enemies":"Spire Growth","floor":48.0,"turns":9.0},{"damage":23.0,"enemies":"Awakened One","floor":50.0,"turns":24.0},{"damage":22.0,"enemies":"Time Eater","floor":51.0,"turns":17.0},{"damage":68,"enemies":"Shield and Spear","floor":55,"turns":6}],"seed_played":"3140936572388541810","potions_obtained":[{"floor":7.0,"key":"Dexterity Potion"},{"floor":10.0,"key":"Energy Potion"},{"floor":16.0,"key":"Fire Potion"},{"floor":18.0,"key":"GamblersBrew"},{"floor":27.0,"key":"FearPotion"},{"floor":29.0,"key":"Energy Potion"},{"floor":31.0,"key":"Strength Potion"},{"floor":40.0,"key":"SmokeBomb"},{"floor":47.0,"key":"LiquidBronze"},{"floor":48.0,"key":"Block Potion"}],"is_trial":false,"path_per_floor":["M","M","$","?","M","R","E","R","T","M","E","R","?","E","R","B",null,"M","?","?","$","M","E","R","E","T","M","R","M","?","M","R","B",null,"M","$","?","?","M","E","R","E","T","M","R","?","M","M","R","B","B",null,"R","$","E"],"character_chosen":"DEFECT","items_purchased":["Rip and Tear","Explosive Potion","Explosive Potion","DataDisk","Defragment","War Paint","FocusPotion","Defragment"],"campfire_rested":2,"item_purchase_floors":[3,3,3,21,36,36,54,54],"current_hp_per_floor":[63,49,49,49,49,49,47,47,47,47,43,43,43,24,24,33,56,56,36,30,30,39,20,39,24,24,35,35,43,43,35,54,24,54,51,51,41,41,40,35,35,35,35,39,39,39,40,53,53,54,64,64,64,64,0],"gold":22,"neow_bonus":"HUNDRED_GOLD","is_prod":false,"is_daily":false,"chose_seed":false,"campfire_upgraded":8,"win_rate":0,"timestamp":1551933157,"path_taken":["M","M","$","?","M","R","E","R","T","M","E","R","?","E","R","BOSS","M","?","?","$","M","E","R","E","T","?","R","M","?","?","R","BOSS","M","$","?","?","M","E","R","E","T","?","R","?","M","M","R","BOSS","BOSS","R","$","E"],"build_version":"2019-02-06","purchased_purges":2,"victory":false,"max_hp_per_floor":[71,71,71,64,64,64,64,64,64,64,64,64,64,64,64,64,64,64,64,64,64,64,64,64,64,64,64,64,64,64,64,64,64,64,64,64,64,64,64,64,64,64,64,64,64,64,64,64,64,64,64,64,64,64,64],"card_choices":[{"not_picked":["Gash","Leap"],"picked":"Cold Snap","floor":1.0},{"not_picked":["Stack","Hologram"],"picked":"Steam","floor":2.0},{"not_picked":["Hello World","Stack"],"picked":"Leap","floor":5.0},{"not_picked":["Barrage","Lockon"],"picked":"Glacier","floor":7.0},{"not_picked":["Stack","Auto Shields"],"picked":"Cold Snap","floor":10.0},{"not_picked":["Leap","Rebound"],"picked":"Coolheaded","floor":11.0},{"not_picked":["Sweeping Beam","BootSequence"],"picked":"Go for the Eyes","floor":14.0},{"not_picked":["Meteor Strike","Multi-Cast"],"picked":"Creative AI","floor":16.0},{"not_picked":["Lockon","Beam Cell"],"picked":"Hologram","floor":18.0},{"not_picked":["Capacitor","Redo"],"picked":"Gash","floor":19.0},{"not_picked":["Coolheaded","Gash"],"picked":"Darkness","floor":22.0},{"not_picked":["Turbo","Steam"],"picked":"Coolheaded","floor":23.0},{"not_picked":["Rebound","Scrape+1"],"picked":"Compile Driver","floor":25.0},{"not_picked":["White Noise","Steam"],"picked":"Go for the Eyes","floor":27.0},{"not_picked":["Redo","Compile Driver"],"picked":"Loop","floor":29.0},{"not_picked":["Coolheaded","Cold Snap"],"picked":"Recycle","floor":31.0},{"not_picked":["Creative AI","Thunder Strike"],"picked":"Biased Cognition","floor":33.0},{"not_picked":["Rebound","Go for the Eyes"],"picked":"Barrage","floor":35.0},{"not_picked":["Deep Breath","Secret Weapon"],"picked":"Dark Shackles","floor":37.0},{"not_picked":["Cold Snap+1","Ball Lightning+1"],"picked":"Genetic Algorithm+1","floor":39.0},{"not_picked":["Force Field","Gash"],"picked":"Loop+1","floor":40.0},{"not_picked":["Gash","Genetic Algorithm+1"],"picked":"Stack+1","floor":44.0},{"not_picked":["Sunder","Steam+1"],"picked":"Barrage","floor":46.0},{"not_picked":["Go for the Eyes","Force Field+1"],"picked":"Conserve Battery+1","floor":47.0},{"not_picked":["Self Repair","Sweeping Beam"],"picked":"Steam+1","floor":48.0}],"player_experience":1355382,"relics_obtained":[{"floor":7.0,"key":"Bottled Lightning"},{"floor":9.0,"key":"Kunai"},{"floor":11.0,"key":"Whetstone"},{"floor":14.0,"key":"Meat on the Bone"},{"floor":19.0,"key":"Red Mask"},{"floor":23.0,"key":"Orichalcum"},{"floor":25.0,"key":"Mercury Hourglass"},{"floor":40.0,"key":"Toxic Egg 2"},{"floor":43.0,"key":"Letter Opener"},{"floor":46.0,"key":"Bird Faced Urn"}],"event_choices":[{"damage_healed":0.0,"max_hp_gain":0.0,"max_hp_loss":7.0,"gold_gain":0.0,"event_name":"Golden Idol","player_choice":"Lose Max HP","floor":4.0,"gold_loss":0.0,"damage_taken":0.0,"relics_obtained":["Golden Idol"]},{"cards_removed":["Strike_B"],"damage_healed":0.0,"max_hp_gain":0.0,"max_hp_loss":0.0,"gold_gain":0.0,"event_name":"The Cleric","player_choice":"Card Removal","floor":13.0,"gold_loss":75.0,"damage_taken":0.0},{"damage_healed":0.0,"max_hp_gain":0.0,"max_hp_loss":0.0,"gold_gain":0.0,"event_name":"Masked Bandits","player_choice":"Fought Bandits","floor":19.0,"gold_loss":0.0,"damage_taken":0.0},{"damage_healed":0.0,"max_hp_gain":0.0,"max_hp_loss":0.0,"gold_gain":0.0,"event_name":"Knowing Skull","player_choice":"","floor":20.0,"potions_obtained":[],"gold_loss":0.0,"damage_taken":6.0,"cards_obtained":[]},{"damage_healed":0.0,"max_hp_gain":0.0,"max_hp_loss":0.0,"gold_gain":0.0,"event_name":"FaceTrader","player_choice":"Leave","floor":30.0,"gold_loss":0.0,"damage_taken":0.0},{"damage_healed":0.0,"max_hp_gain":0.0,"max_hp_loss":0.0,"gold_gain":0.0,"event_name":"SensoryStone","player_choice":"Memory 3","floor":37.0,"gold_loss":0.0,"damage_taken":10.0},{"damage_healed":0.0,"max_hp_gain":0.0,"max_hp_loss":0.0,"gold_gain":0.0,"event_name":"Accursed Blacksmith","player_choice":"Forge","floor":38.0,"gold_loss":0.0,"damage_taken":0.0,"cards_upgraded":["Defragment"]},{"damage_healed":0.0,"max_hp_gain":0.0,"max_hp_loss":0.0,"gold_gain":0.0,"event_name":"MindBloom","player_choice":"Fight","floor":46.0,"gold_loss":0.0,"damage_taken":0.0}],"is_beta":true,"boss_relics":[{"not_picked":["White Beast Statue","Runic Dome"],"picked":"Inserter"},{"not_picked":["Black Star","Cursed Key"],"picked":"Nuclear Battery"}],"items_purged_floors":[21,54],"is_endless":false,"potions_floor_spawned":[7,10,16,18,27,29,31,40,42,47,48],"killed_by":"Shield and Spear","ascension_level":20}