{"gold_per_floor":[115,134,61,236,311,341,358,385,441,473,473,508,508,169,169,273,273,285,301,201,213,10,42,52,82,121,133,145,167,179,191,203,312,324,350,40,1039,1059,1059,1059],"floor_reached":40,"playtime":3398,"items_purged":["Doubt","Strike_G","Strike_G","Strike_G"],"score":750,"play_id":"8fb26f6d-3319-474e-93bc-7457129ca431","local_time":"20190121140911","is_ascension_mode":true,"campfire_choices":[{"floor":11,"key":"REST"},{"floor":15,"key":"REST"},{"floor":28,"key":"REST"},{"floor":32,"key":"REST"}],"neow_cost":"NONE","seed_source_timestamp":7889486408024,"circlet_count":0,"master_deck":["Defend_G","Defend_G","Defend_G","Defend_G","Defend_G","Strike_G","Strike_G","Survivor","Neutralize","Footwork","Flying Knee","Noxious Fumes","Bouncing Flask","Footwork","Infinite Blades","Calculated Gamble","Backflip","Adrenaline","Well Laid Plans+1","Footwork+1","Blur","Expertise+1","Doppelganger","Malaise","Normality","Normality"],"relics":["Ring of the Snake","NeowsBlessing","Orichalcum","Pen Nib","Tiny Chest","Paper Crane","Mummified Hand","Molten Egg 2","Fusion Hammer","Question Card","MawBank","PreservedInsect","The Courier","Dead Branch","Sozu","Blue Candle"],"potions_floor_usage":[8,10,16,16,16,18,23,25,25,33],"damage_taken":[{"damage":0,"enemies":"2 Louse","floor":1,"turns":1},{"damage":0,"enemies":"Cultist","floor":2,"turns":1},{"damage":0,"enemies":"Lagavulin","floor":6,"turns":1},{"damage":4,"enemies":"Jaw Worm","floor":7,"turns":3},{"damage":23,"enemies":"3 Sentries","floor":8,"turns":9},{"damage":18,"enemies":"Lagavulin","floor":10,"turns":9},{"damage":22,"enemies":"Gremlin Nob","floor":12,"turns":6},{"damage":13,"enemies":"Slime Boss","floor":16,"turns":8},{"damage":0,"enemies":"Spheric Guardian","floor":18,"turns":5},{"damage":6,"enemies":"3 Byrds","floor":19,"turns":6},{"damage":4,"enemies":"Shelled Parasite and Fungi","floor":21,"turns":7},{"damage":3,"enemies":"Book of Stabbing","floor":23,"turns":6},{"damage":0,"enemies":"Centurion and Healer","floor":24,"turns":7},{"damage":0,"enemies":"Slavers","floor":25,"turns":8},{"damage":8,"enemies":"3 Cultists","floor":29,"turns":6},{"damage":15,"enemies":"Automaton","floor":33,"turns":11},{"damage":0,"enemies":"Orb Walker","floor":35,"turns":5},{"damage":3,"enemies":"3 Shapes","floor":38,"turns":6},{"damage":75,"enemies":"Reptomancer","floor":40,"turns":2}],"seed_played":"7170075879813527636","potions_obtained":[{"floor":2,"key":"FearPotion"},{"floor":6,"key":"PowerPotion"},{"floor":12,"key":"Swift Potion"},{"floor":13,"key":"Regen Potion"},{"floor":13,"key":"Strength Potion"},{"floor":16,"key":"Poison Potion"},{"floor":18,"key":"Weak Potion"},{"floor":21,"key":"PowerPotion"},{"floor":23,"key":"EssenceOfSteel"},{"floor":25,"key":"Dexterity Potion"}],"is_trial":false,"path_per_floor":["M","M","$","?","?","E","M","E","T","E","R","E","?","$","R","B",null,"M","M","$","M","$","E","M","E","T","T","R","M","?","?","R","B",null,"M","$","?","M","?","E"],"character_chosen":"THE_SILENT","items_purchased":["Noxious Fumes","Molten Egg 2","Backflip","Blur","Blue Candle"],"campfire_rested":4,"item_purchase_floors":[3,14,14,22,36],"current_hp_per_floor":[63,63,63,63,52,52,48,25,25,7,28,6,6,6,27,29,60,60,54,54,50,50,47,47,47,47,47,68,60,47,47,69,54,70,70,70,70,67,67,0],"gold":1059,"neow_bonus":"THREE_ENEMY_KILL","is_prod":false,"is_daily":false,"chose_seed":false,"campfire_upgraded":0,"win_rate":0,"timestamp":1548108551,"path_taken":["M","M","$","?","?","E","M","E","T","E","R","E","?","$","R","BOSS","M","M","$","M","$","E","M","E","T","?","R","M","?","?","R","BOSS","M","$","?","M","?","E"],"build_version":"2019-01-17v2","purchased_purges":4,"victory":false,"max_hp_per_floor":[70,70,70,70,70,70,70,70,70,70,70,70,70,70,70,70,70,70,70,70,70,70,70,70,70,70,70,70,70,75,75,75,75,75,75,75,75,75,75,75],"card_choices":[{"not_picked":["Cloak And Dagger","Distraction"],"picked":"Footwork","floor":1},{"not_picked":["Acrobatics","Slice"],"picked":"Flying Knee","floor":2},{"not_picked":["Sucker Punch","Blade Dance"],"picked":"Bouncing Flask","floor":6},{"not_picked":["Bane","Poisoned Stab"],"picked":"Footwork","floor":7},{"not_picked":["Slice","Sucker Punch"],"picked":"Infinite Blades","floor":8},{"not_picked":["Finisher","Slice"],"picked":"Calculated Gamble","floor":10},{"not_picked":["Flying Knee","Calculated Gamble","Expertise"],"picked":"SKIP","floor":12},{"not_picked":["Venomology","Wraith Form v2"],"picked":"Adrenaline","floor":16},{"not_picked":["Bouncing Flask","Riddle With Holes+1"],"picked":"Well Laid Plans+1","floor":18},{"not_picked":["PiercingWail","Distraction"],"picked":"Footwork+1","floor":19},{"not_picked":["Acrobatics","PiercingWail"],"picked":"Bane+1","floor":21},{"not_picked":["Well Laid Plans","Dagger Spray+1","Outmaneuver"],"picked":"SKIP","floor":23},{"not_picked":["Well Laid Plans","Dagger Spray+1","Outmaneuver"],"picked":"SKIP","floor":23},{"not_picked":["Quick Slash+1","Dash+1","Poisoned Stab+1"],"picked":"Expertise+1","floor":24},{"not_picked":["Dodge and Roll","Tactician","Outmaneuver","Quick Slash+1"],"picked":"SKIP","floor":25},{"not_picked":["Backflip+1","Terror","Dagger Spray+1"],"picked":"Doppelganger","floor":29},{"not_picked":["Unload+1","Burst","After Image"],"picked":"Malaise","floor":33},{"not_picked":["Dagger Throw+1","Backstab+1","Deflect+1","Tactician"],"picked":"SKIP","floor":35},{"not_picked":["Deadly Poison+1","All Out Attack+1","Blade Dance","Backstab+1"],"picked":"SKIP","floor":38}],"player_experience":307952,"relics_obtained":[{"floor":6,"key":"Orichalcum"},{"floor":8,"key":"Pen Nib"},{"floor":9,"key":"Tiny Chest"},{"floor":10,"key":"Paper Crane"},{"floor":12,"key":"Mummified Hand"},{"floor":23,"key":"Question Card"},{"floor":25,"key":"MawBank"},{"floor":26,"key":"PreservedInsect"},{"floor":27,"key":"The Courier"}],"event_choices":[{"damage_healed":0,"gold_gain":175,"player_choice":"AGREE","damage_taken":0,"max_hp_gain":0,"max_hp_loss":0,"event_name":"Liars Game","floor":4,"gold_loss":0,"cards_obtained":["Doubt"]},{"damage_healed":0,"gold_gain":75,"player_choice":"Gather Gold","damage_taken":11,"max_hp_gain":0,"max_hp_loss":0,"event_name":"World of Goop","floor":5,"gold_loss":0},{"damage_healed":0,"gold_gain":0,"player_choice":"Got Potions","damage_taken":0,"max_hp_gain":0,"max_hp_loss":0,"event_name":"Lab","floor":13,"gold_loss":0},{"damage_healed":0,"gold_gain":0,"player_choice":"Shed Blood","damage_taken":18,"max_hp_gain":5,"max_hp_loss":0,"event_name":"Forgotten Altar","floor":30,"gold_loss":0},{"cards_removed":["Bane"],"damage_healed":0,"gold_gain":0,"player_choice":"Gave Card","damage_taken":0,"relics_obtained":["Dead Branch"],"max_hp_gain":0,"max_hp_loss":0,"event_name":"WeMeetAgain","floor":31,"gold_loss":0},{"damage_healed":0,"gold_gain":999,"player_choice":"Gold","damage_taken":0,"max_hp_gain":0,"max_hp_loss":0,"event_name":"MindBloom","floor":37,"gold_loss":0,"cards_obtained":["Normality","Normality"]},{"damage_healed":0,"gold_gain":0,"player_choice":"Ignored","damage_taken":0,"max_hp_gain":0,"max_hp_loss":0,"event_name":"Mysterious Sphere","floor":39,"gold_loss":0}],"is_beta":false,"boss_relics":[{"not_picked":["Lizard Tail","White Beast Statue"],"picked":"Fusion Hammer"},{"not_picked":["Ring of the Serpent","Runic Dome"],"picked":"Sozu"}],"items_purged_floors":[14,20,22,36],"is_endless":false,"potions_floor_spawned":[2,6,12,16,18,21,23,25,35,38],"killed_by":"Reptomancer","ascension_level":9}