{"gold_per_floor":[116,133,208,225,239,239,259,259,313,337,349,349,349,367,367,472,472,488,502,160,160,171,171,190,190,190,190,219,232,83,8,8,110,110,121,0,11,11,24,24,34,52,52,52,52,66,66,86,86,86,86,86,12,43,43],"floor_reached":56,"playtime":6289,"items_purged":["Strike_G"],"score":1163,"play_id":"20709610-3acf-46c1-b71c-44f66858255b","local_time":"20190317010736","is_ascension_mode":false,"campfire_choices":[{"data":"Footwork","floor":6,"key":"SMITH"},{"data":"Neutralize","floor":8,"key":"SMITH"},{"data":"Crippling Poison","floor":15,"key":"SMITH"},{"data":"Backflip","floor":23,"key":"SMITH"},{"data":"Backflip","floor":25,"key":"SMITH"},{"data":"Bane","floor":32,"key":"SMITH"},{"data":"Adrenaline","floor":40,"key":"SMITH"},{"floor":49,"key":"RECALL"}],"neow_cost":"NONE","seed_source_timestamp":280224506262199,"circlet_count":0,"master_deck":["Defend_G+1","Defend_G+1","Defend_G+1","Survivor+1","Neutralize+1","Acrobatics+1","Crippling Poison+1","Backflip+1","Footwork+1","Blur+1","Backflip+1","Adrenaline+1","Dagger Spray+1","Sucker Punch+1","Deflect+1","Prepared+1","Crippling Poison+1","Bane+1","Bouncing Flask+1","Blur+1","Corpse Explosion+1","Storm of Steel+1","Well Laid Plans+1","Blade Dance+1","Cloak And Dagger+1","PiercingWail+1","Noxious Fumes+1","Deflect+1","Catalyst+1"],"relics":["Ring of the Snake","PreservedInsect","Coffee Dripper","TwistedFunnel","Bag of Preparation","Paper Crane","Shuriken","Astrolabe","Red Mask","Pear","Mark of the Bloom","Bag of Marbles"],"potions_floor_usage":[5,7,16,54,55,55,55],"damage_taken":[{"damage":0,"enemies":"Cultist","floor":1,"turns":5},{"damage":0,"enemies":"Small Slimes","floor":2,"turns":4},{"damage":0,"enemies":"2 Louse","floor":4,"turns":5},{"damage":3,"enemies":"Lots of Slimes","floor":5,"turns":3},{"damage":2,"enemies":"Gremlin Gang","floor":7,"turns":6},{"damage":4,"enemies":"2 Fungi Beasts","floor":11,"turns":4},{"damage":1,"enemies":"Red Slaver","floor":14,"turns":9},{"damage":27,"enemies":"The Guardian","floor":16,"turns":24},{"damage":0,"enemies":"3 Byrds","floor":18,"turns":4},{"damage":2,"enemies":"Spheric Guardian","floor":19,"turns":9},{"damage":0,"enemies":"Centurion and Healer","floor":22,"turns":7},{"damage":1,"enemies":"Snecko","floor":24,"turns":6},{"damage":16,"enemies":"Slavers","floor":28,"turns":3},{"damage":0,"enemies":"3 Cultists","floor":29,"turns":3},{"damage":16,"enemies":"Champ","floor":33,"turns":13},{"damage":6,"enemies":"3 Shapes","floor":35,"turns":3},{"damage":2,"enemies":"Orb Walker","floor":37,"turns":4},{"damage":12,"enemies":"Writhing Mass","floor":39,"turns":5},{"damage":3,"enemies":"Jaw Worm Horde","floor":41,"turns":2},{"damage":0,"enemies":"Maw","floor":42,"turns":7},{"damage":7,"enemies":"Writhing Mass","floor":46,"turns":5},{"damage":0,"enemies":"Transient","floor":48,"turns":5},{"damage":2,"enemies":"Time Eater","floor":50,"turns":13},{"damage":0,"enemies":"Shield and Spear","floor":54,"turns":4},{"damage":16,"enemies":"The Heart","floor":55,"turns":10}],"seed_played":"498301472733263733","potions_obtained":[{"floor":1,"key":"Poison Potion"},{"floor":2,"key":"Explosive Potion"},{"floor":4,"key":"Strength Potion"},{"floor":5,"key":"SkillPotion"},{"floor":24,"key":"Block Potion"},{"floor":29,"key":"SkillPotion"},{"floor":37,"key":"Weak Potion"},{"floor":39,"key":"EntropicBrew"}],"is_trial":false,"path_per_floor":["M","M","?","M","M","R","M","R","T","T","M","?","?","M","R","B",null,"M","M","$","?","M","R","M","R","T","?","E","M","$","?","R","B",null,"M","?","M","?","M","R","M","M","T","$","?","M","?","M","R","B",null,"R","$","E","B",null],"character_chosen":"THE_SILENT","items_purchased":["TwistedFunnel","Bag of Preparation","Blur","GhostInAJar"],"campfire_rested":0,"item_purchase_floors":[20,20,30,53],"current_hp_per_floor":[70,70,63,63,60,60,58,58,58,58,54,47,52,51,51,24,70,70,68,68,68,68,68,67,67,67,67,51,51,51,51,51,35,70,64,64,62,62,50,50,47,47,57,57,57,50,50,50,50,48,48,48,48,48,32],"gold":43,"neow_bonus":"THREE_CARDS","is_prod":false,"is_daily":false,"chose_seed":false,"campfire_upgraded":7,"win_rate":0,"timestamp":1552802856,"path_taken":["M","M","?","?","M","R","M","R","T","?","M","?","?","?","R","BOSS","M","?","$","?","?","R","M","R","T","?","E","M","?","?","R","BOSS","M","?","M","?","M","R","M","M","T","?","?","?","?","M","R","BOSS","R","$","E","BOSS"],"build_version":"2019-01-23","purchased_purges":1,"victory":true,"max_hp_per_floor":[70,70,70,70,70,70,70,70,70,70,70,70,70,70,70,70,70,70,70,70,70,70,70,70,70,70,70,70,70,70,70,70,70,70,70,70,70,66,66,66,66,66,76,76,76,76,76,76,76,76,76,76,76,76,76],"card_choices":[{"not_picked":["Choke","Slice"],"picked":"Acrobatics","floor":0},{"not_picked":["Expertise","Acrobatics"],"picked":"Blade Dance","floor":1},{"not_picked":["Expertise","Eviscerate"],"picked":"Crippling Poison","floor":2},{"not_picked":["Underhanded Strike","Choke"],"picked":"Backflip","floor":4},{"not_picked":["Outmaneuver","Deflect"],"picked":"Footwork","floor":5},{"not_picked":["Endless Agony","Underhanded Strike","Reflex"],"picked":"SKIP","floor":7},{"not_picked":["Endless Agony","Underhanded Strike","Reflex"],"picked":"SKIP","floor":7},{"not_picked":["Bane","Endless Agony"],"picked":"Blur","floor":11},{"not_picked":["Finisher","Eviscerate"],"picked":"Backflip","floor":14},{"not_picked":["Venomology","Doppelganger"],"picked":"Adrenaline","floor":16},{"not_picked":["Backflip","Finisher"],"picked":"Dagger Spray","floor":18},{"not_picked":["Dodge and Roll","Bane+1"],"picked":"Sucker Punch","floor":19},{"not_picked":["Heel Hook","Underhanded Strike"],"picked":"Deflect+1","floor":22},{"not_picked":["Dash","Choke+1"],"picked":"Prepared+1","floor":24},{"not_picked":["Night Terror","Dagger Throw"],"picked":"Bane","floor":28},{"not_picked":["Masterful Stab","Infinite Blades"],"picked":"Bouncing Flask","floor":29},{"not_picked":["Burst","Storm of Steel"],"picked":"Corpse Explosion","floor":33},{"not_picked":["Dodge and Roll+1","Bane+1"],"picked":"Cloak And Dagger+1","floor":35},{"not_picked":["Calculated Gamble+1","Dagger Spray+1"],"picked":"PiercingWail+1","floor":37},{"not_picked":["Outmaneuver","Flying Knee"],"picked":"Noxious Fumes+1","floor":39},{"not_picked":["Blade Dance","Flying Knee","Bane+1"],"picked":"SKIP","floor":41},{"not_picked":["Well Laid Plans","Dodge and Roll+1"],"picked":"Deflect+1","floor":42},{"not_picked":["Deflect","Bouncing Flask+1"],"picked":"Catalyst+1","floor":46},{"not_picked":["Deflect+1","Quick Slash","Sucker Punch+1"],"picked":"SKIP","floor":48},{"not_picked":["Sucker Punch","Prepared+1","Expertise+1"],"picked":"SKIP","floor":54}],"player_experience":53924,"relics_obtained":[{"floor":10,"key":"PreservedInsect"},{"floor":26,"key":"Paper Crane"},{"floor":28,"key":"Shuriken"},{"floor":43,"key":"Pear"},{"floor":54,"key":"Bag of Marbles"}],"event_choices":[{"damage_healed":0,"gold_gain":75,"player_choice":"Touch","damage_taken":7,"max_hp_gain":0,"max_hp_loss":0,"event_name":"FaceTrader","floor":3,"gold_loss":0},{"cards_removed":["Strike_G"],"damage_healed":0,"gold_gain":0,"player_choice":"Card Removal","damage_taken":7,"max_hp_gain":0,"max_hp_loss":0,"event_name":"Golden Wing","floor":12,"gold_loss":0},{"cards_removed":["Blade Dance"],"damage_healed":5,"gold_gain":0,"player_choice":"Offered Common","damage_taken":0,"max_hp_gain":0,"max_hp_loss":0,"event_name":"Bonfire Elementals","floor":13,"gold_loss":0},{"cards_removed":["Blade Dance"],"damage_healed":5,"gold_gain":0,"player_choice":"Offered Special","damage_taken":0,"max_hp_gain":0,"max_hp_loss":0,"event_name":"Bonfire Elementals","floor":13,"gold_loss":0},{"damage_healed":0,"gold_gain":0,"player_choice":"Forge","damage_taken":0,"max_hp_gain":0,"max_hp_loss":0,"event_name":"Accursed Blacksmith","floor":21,"gold_loss":0,"cards_upgraded":["Dagger Spray"]},{"damage_healed":0,"gold_gain":0,"player_choice":"Copied","damage_taken":0,"max_hp_gain":0,"max_hp_loss":0,"event_name":"Duplicator","floor":27,"gold_loss":0,"cards_obtained":["Crippling Poison"]},{"cards_removed":["Strike_G"],"damage_healed":0,"gold_gain":0,"player_choice":"Gave Gold","damage_taken":0,"max_hp_gain":0,"max_hp_loss":0,"event_name":"Beggar","floor":31,"gold_loss":75},{"damage_healed":0,"gold_gain":0,"player_choice":"Paid","damage_taken":0,"relics_obtained":["Red Mask"],"max_hp_gain":0,"max_hp_loss":0,"event_name":"Tomb of Lord Red Mask","floor":36,"gold_loss":121},{"damage_healed":0,"gold_gain":0,"player_choice":"Max HP","damage_taken":0,"max_hp_gain":0,"max_hp_loss":4,"event_name":"Winding Halls","floor":38,"gold_loss":0},{"cards_removed":["Defend_G"],"damage_healed":0,"gold_gain":0,"player_choice":"Removed Skill","damage_taken":0,"max_hp_gain":0,"max_hp_loss":0,"event_name":"Falling","floor":45,"gold_loss":0},{"damage_healed":0,"gold_gain":0,"player_choice":"Upgrade","damage_taken":0,"relics_obtained":["Mark of the Bloom"],"max_hp_gain":0,"max_hp_loss":0,"event_name":"MindBloom","floor":47,"gold_loss":0,"cards_upgraded":["Defend_G","Defend_G","Defend_G","Survivor","Acrobatics","Blur","Sucker Punch","Bouncing Flask","Blur","Corpse Explosion"]}],"is_beta":false,"boss_relics":[{"not_picked":["Ectoplasm","HoveringKite"],"picked":"Coffee Dripper"},{"not_picked":["Ring of the Serpent","White Beast Statue"],"picked":"Astrolabe"}],"items_purged_floors":[30],"is_endless":false,"potions_floor_spawned":[1,2,4,5,24,29,37,39],"ascension_level":0}