{"gold_per_floor":[114,133,151,151,226,267,267,267,267,192,213,213,213,213,213,332,332,348,371,371,395,416,416,432,445,445,445,464,464,489,353,353,478,478,496,142,162,185,198,233,233,251,251,251,265,265,280,0,0,0],"floor_reached":50,"playtime":4009,"items_purged":["Strike_G","Strike_G","Strike_G"],"score":537,"play_id":"6c91f76b-0cef-4898-88be-894473e73d7c","local_time":"20190223144804","is_ascension_mode":true,"campfire_choices":[{"floor":8,"key":"REST"},{"data":"Dagger Spray","floor":12,"key":"SMITH"},{"floor":15,"key":"REST"},{"data":"Skewer","floor":23,"key":"SMITH"},{"data":"Neutralize","floor":27,"key":"SMITH"},{"data":"Acrobatics","floor":29,"key":"SMITH"},{"data":"Phantasmal Killer","floor":32,"key":"SMITH"},{"data":"Metamorphosis","floor":41,"key":"SMITH"},{"data":"Cloak And Dagger","floor":46,"key":"SMITH"},{"floor":49,"key":"REST"}],"neow_cost":"TEN_PERCENT_HP_LOSS","seed_source_timestamp":10069361908300,"circlet_count":0,"master_deck":["Defend_G","Defend_G","Defend_G","Defend_G","Defend_G","Survivor","Neutralize+1","Dagger Spray+1","Endless Agony","After Image","Skewer+1","Backflip+1","Backstab","PiercingWail","Acrobatics+1","Phantasmal Killer+1","Accuracy","Die Die Die","Well Laid Plans+1","Metamorphosis+1","Escape Plan","Dash+1","Cloak And Dagger+1","Madness","Madness"],"relics":["Ring of the Snake","Dead Branch","Golden Idol","Ice Cream","Incense Burner","Sozu","Tough Bandages","Black Star","Sundial","Dream Catcher","Dodecahedron","Red Mask"],"potions_floor_usage":[6,6,6,14,18],"damage_taken":[{"damage":0,"enemies":"Small Slimes","floor":1,"turns":3},{"damage":1,"enemies":"2 Louse","floor":2,"turns":2},{"damage":0,"enemies":"Jaw Worm","floor":3,"turns":1},{"damage":33,"enemies":"Lagavulin","floor":6,"turns":11},{"damage":0,"enemies":"2 Fungi Beasts","floor":11,"turns":2},{"damage":0,"enemies":"Gremlin Nob","floor":14,"turns":2},{"damage":27,"enemies":"Slime Boss","floor":16,"turns":12},{"damage":0,"enemies":"Spheric Guardian","floor":18,"turns":4},{"damage":0,"enemies":"3 Byrds","floor":19,"turns":4},{"damage":11,"enemies":"Snecko","floor":21,"turns":6},{"damage":12,"enemies":"Cultist and Chosen","floor":22,"turns":7},{"damage":0,"enemies":"3 Cultists","floor":24,"turns":4},{"damage":0,"enemies":"Centurion and Healer","floor":25,"turns":7},{"damage":0,"enemies":"Snake Plant","floor":28,"turns":3},{"damage":0,"enemies":"Snecko","floor":30,"turns":3},{"damage":16,"enemies":"Automaton","floor":33,"turns":8},{"damage":0,"enemies":"Orb Walker","floor":35,"turns":3},{"damage":0,"enemies":"3 Darklings","floor":37,"turns":2},{"damage":0,"enemies":"Maw","floor":38,"turns":8},{"damage":0,"enemies":"Spire Growth","floor":39,"turns":5},{"damage":18,"enemies":"Giant Head","floor":40,"turns":9},{"damage":0,"enemies":"Sphere and 2 Shapes","floor":42,"turns":4},{"damage":20,"enemies":"Transient","floor":45,"turns":5},{"damage":4,"enemies":"Spire Growth","floor":47,"turns":3},{"damage":31,"enemies":"Awakened One","floor":50,"turns":3}],"seed_played":"-9054553249372210058","potions_obtained":[{"floor":3,"key":"EntropicBrew"},{"floor":16,"key":"SkillPotion"}],"is_trial":false,"path_per_floor":["?","?","?","$","?","?","M","?","?"],"character_chosen":"THE_SILENT","items_purchased":["Accuracy","Metamorphosis","Escape Plan"],"campfire_rested":3,"item_purchase_floors":[31,36,36],"current_hp_per_floor":[63,62,62,47,36,3,3,21,21,21,21,21,14,14,32,5,63,63,63,63,52,40,40,40,40,40,40,40,40,40,40,40,24,63,63,63,63,63,63,45,45,45,45,37,17,17,13,13,31,0],"gold":0,"neow_bonus":"ONE_RARE_RELIC","is_prod":false,"is_daily":false,"chose_seed":false,"campfire_upgraded":7,"win_rate":0,"timestamp":1550951284,"path_taken":["M","M","M","?","?","E","?","R","T","?","M","R","?","E","R","BOSS","M","M","?","M","M","R","M","M","T","R","M","R","?","$","R","BOSS","M","$","M","M","M","E","R","M","T","?","M","R","M","?","R","BOSS"],"build_version":"2019-01-23","purchased_purges":3,"victory":false,"max_hp_per_floor":[63,63,63,63,63,63,63,63,63,63,63,63,63,63,63,63,63,63,63,63,63,63,63,63,63,63,63,63,63,63,63,63,63,63,63,63,63,63,63,63,63,63,63,63,63,63,63,63,63,63],"card_choices":[{"not_picked":["Blade Dance","Prepared"],"picked":"Dagger Spray","floor":1},{"not_picked":["Bane","Deflect"],"picked":"Endless Agony","floor":2},{"not_picked":["Caltrops","Crippling Poison","Quick Slash"],"picked":"SKIP","floor":3},{"not_picked":["Caltrops","Quick Slash","Choke"],"picked":"SKIP","floor":6},{"not_picked":["Concentrate","Deadly Poison","Dagger Spray"],"picked":"SKIP","floor":11},{"not_picked":["Glass Knife","Corpse Explosion"],"picked":"After Image","floor":16},{"not_picked":["Deadly Poison","Dash"],"picked":"Skewer","floor":18},{"not_picked":["Choke+1","Calculated Gamble"],"picked":"Backflip+1","floor":19},{"not_picked":["Leg Sweep","Underhanded Strike+1"],"picked":"Backstab","floor":21},{"not_picked":["Prepared","Dagger Throw+1","Slice"],"picked":"SKIP","floor":22},{"not_picked":["Outmaneuver","Masterful Stab"],"picked":"PiercingWail","floor":24},{"not_picked":["Outmaneuver+1","Sucker Punch","Bane"],"picked":"SKIP","floor":25},{"not_picked":["Deflect","Dagger Spray"],"picked":"Acrobatics","floor":28},{"not_picked":["Skewer","Flying Knee"],"picked":"Phantasmal Killer","floor":30},{"not_picked":["Glass Knife","Grand Finale"],"picked":"Die Die Die","floor":33},{"not_picked":["Prepared+1","Bane"],"picked":"Well Laid Plans+1","floor":35},{"not_picked":["Acrobatics+1","Bane+1","Backflip"],"picked":"SKIP","floor":37},{"not_picked":["Backflip","Bullet Time","Leg Sweep"],"picked":"SKIP","floor":38},{"not_picked":["Outmaneuver+1","Predator"],"picked":"Dash+1","floor":39},{"not_picked":["Dagger Throw","Poisoned Stab+1"],"picked":"Cloak And Dagger","floor":40},{"not_picked":["Underhanded Strike+1","Quick Slash","Tactician"],"picked":"SKIP","floor":42},{"not_picked":["Slice","Bouncing Flask","PiercingWail"],"picked":"SKIP","floor":45},{"not_picked":["Bane","Dash+1","Dodge and Roll+1"],"picked":"SKIP","floor":47}],"player_experience":112726,"relics_obtained":[{"floor":6,"key":"Ice Cream"},{"floor":9,"key":"Incense Burner"},{"floor":26,"key":"Tough Bandages"},{"floor":40,"key":"Sundial"},{"floor":40,"key":"Dream Catcher"},{"floor":43,"key":"Dodecahedron"}],"event_choices":[{"damage_healed":0,"gold_gain":0,"player_choice":"Take Damage","damage_taken":15,"relics_obtained":["Golden Idol"],"max_hp_gain":0,"max_hp_loss":0,"event_name":"Golden Idol","floor":4,"gold_loss":0},{"damage_healed":0,"gold_gain":75,"player_choice":"Gather Gold","damage_taken":11,"max_hp_gain":0,"max_hp_loss":0,"event_name":"World of Goop","floor":5,"gold_loss":0},{"damage_healed":0,"gold_gain":0,"player_choice":"Fled","damage_taken":0,"max_hp_gain":0,"max_hp_loss":0,"event_name":"Scrap Ooze","floor":7,"gold_loss":0},{"cards_removed":["Strike_G"],"damage_healed":0,"gold_gain":0,"player_choice":"Card Removal","damage_taken":7,"max_hp_gain":0,"max_hp_loss":0,"event_name":"Golden Wing","floor":13,"gold_loss":0},{"cards_removed":["Strike_G"],"damage_healed":0,"gold_gain":0,"player_choice":"Purged","damage_taken":0,"max_hp_gain":0,"max_hp_loss":0,"event_name":"Purifier","floor":20,"gold_loss":0},{"damage_healed":0,"gold_gain":0,"player_choice":"Embrace Madness","damage_taken":8,"max_hp_gain":0,"max_hp_loss":0,"event_name":"Winding Halls","floor":44,"gold_loss":0,"cards_obtained":["Madness","Madness"]},{"damage_healed":0,"gold_gain":0,"player_choice":"Paid","damage_taken":0,"relics_obtained":["Red Mask"],"max_hp_gain":0,"max_hp_loss":0,"event_name":"Tomb of Lord Red Mask","floor":48,"gold_loss":280}],"is_beta":false,"boss_relics":[{"not_picked":["Velvet Choker","Coffee Dripper"],"picked":"Sozu"},{"not_picked":["Snecko Eye","Calling Bell"],"picked":"Black Star"}],"items_purged_floors":[10,31,36],"is_endless":false,"potions_floor_spawned":[3,14,16,19,21,22,28,30,39,40],"killed_by":"Awakened One","ascension_level":2}