{"gold_per_floor":[110,130,130,130,144,175,175,244,269,269,285,610,172,237,237,237],"floor_reached":16,"playtime":471,"items_purged":["Strike_G"],"score":179,"play_id":"c2cb6499-a9bb-4d1c-a78d-1c20be0521f3","local_time":"20190224203307","is_ascension_mode":true,"campfire_choices":[{"floor":7,"key":"REST"},{"data":"Corpse Explosion","floor":10,"key":"SMITH"},{"floor":15,"key":"REST"}],"neow_cost":"NONE","seed_source_timestamp":850258976899595,"circlet_count":0,"master_deck":["AscendersBane","Defend_G","Defend_G","Defend_G","Defend_G","Defend_G","Strike_G","Strike_G","Strike_G","Strike_G","Survivor","Neutralize","Dagger Spray","Deflect","Quick Slash","Corpse Explosion+1","Leg Sweep","After Image","Dodge and Roll"],"relics":["Ring of the Snake","NeowsBlessing","SsserpentHead","Omamori","Blood Vial","Turnip"],"potions_floor_usage":[6,8],"damage_taken":[{"damage":0,"enemies":"Cultist","floor":1,"turns":1},{"damage":0,"enemies":"2 Louse","floor":2,"turns":1},{"damage":0,"enemies":"Jaw Worm","floor":5,"turns":1},{"damage":43,"enemies":"Lagavulin","floor":6,"turns":8},{"damage":0,"enemies":"Gremlin Gang","floor":8,"turns":2},{"damage":11,"enemies":"Looter","floor":11,"turns":3},{"damage":9,"enemies":"Red Slaver","floor":14,"turns":4},{"damage":50,"enemies":"Slime Boss","floor":16,"turns":10}],"seed_played":"-2777440394383256879","potions_obtained":[{"floor":1,"key":"SkillPotion"},{"floor":5,"key":"SteroidPotion"},{"floor":6,"key":"FearPotion"}],"is_trial":false,"path_per_floor":["M","M","?","?","M","E","R","M","T","R","M","?","$","M","R","B"],"character_chosen":"THE_SILENT","items_purchased":["After Image","Turnip"],"campfire_rested":2,"item_purchase_floors":[13,13],"current_hp_per_floor":[59,59,64,64,64,21,42,42,42,42,33,33,33,26,47,0],"gold":237,"neow_bonus":"THREE_ENEMY_KILL","is_prod":false,"is_daily":false,"chose_seed":false,"campfire_upgraded":1,"win_rate":0,"timestamp":1551061987,"path_taken":["M","?","?","?","M","E","R","?","T","R","M","?","$","?","R","BOSS"],"build_version":"2019-01-23","purchased_purges":1,"victory":false,"max_hp_per_floor":[66,66,71,71,71,71,71,71,71,71,71,71,71,71,71,71],"card_choices":[{"not_picked":["Eviscerate","Accuracy"],"picked":"Dagger Spray","floor":1},{"not_picked":["Outmaneuver","Flying Knee"],"picked":"Deflect","floor":2},{"not_picked":["Outmaneuver","Masterful Stab"],"picked":"Quick Slash","floor":5},{"not_picked":["Eviscerate","Dagger Throw"],"picked":"Corpse Explosion","floor":6},{"not_picked":["Prepared","Choke","Underhanded Strike"],"picked":"SKIP","floor":8},{"not_picked":["Poisoned Stab","Flying Knee"],"picked":"Leg Sweep","floor":11},{"not_picked":["Distraction","Bane"],"picked":"Dodge and Roll","floor":14}],"player_experience":599724,"relics_obtained":[{"floor":6,"key":"Omamori"},{"floor":9,"key":"Blood Vial"}],"event_choices":[{"damage_healed":0,"gold_gain":0,"player_choice":"Donut","damage_taken":0,"max_hp_gain":5,"max_hp_loss":0,"event_name":"Big Fish","floor":3,"gold_loss":0},{"damage_healed":0,"gold_gain":0,"player_choice":"Trade","damage_taken":0,"relics_obtained":["SsserpentHead"],"max_hp_gain":0,"max_hp_loss":0,"event_name":"FaceTrader","floor":4,"gold_loss":0},{"damage_healed":0,"gold_gain":275,"player_choice":"Desecrate","damage_taken":0,"max_hp_gain":0,"max_hp_loss":0,"event_name":"Golden Shrine","floor":12,"gold_loss":0,"cards_obtained":["Regret"]}],"is_beta":false,"boss_relics":[],"items_purged_floors":[13],"is_endless":false,"potions_floor_spawned":[1,5,6],"killed_by":"Slime Boss","ascension_level":15}