{"gold_per_floor":[111,125,50,50,100,100,128,128,128,157,157,170,186,197,197,197],"floor_reached":16,"playtime":817,"items_purged":[],"score":204,"play_id":"0b49a53b-5be4-454b-b15d-d1e02ad039cb","local_time":"20190212223225","is_ascension_mode":true,"campfire_choices":[{"data":"Neutralize","floor":6,"key":"SMITH"},{"floor":8,"key":"REST"},{"data":"Cloak And Dagger","floor":11,"key":"SMITH"},{"data":"Dagger Spray","floor":15,"key":"SMITH"}],"neow_cost":"TEN_PERCENT_HP_LOSS","seed_source_timestamp":11216489065796,"circlet_count":0,"master_deck":["AscendersBane","Defend_G","Defend_G","Defend_G","Defend_G","Strike_G","Strike_G","Strike_G","Strike_G","Survivor","Neutralize+1","Dagger Throw","PiercingWail","Endless Agony","Cloak And Dagger+1","Dagger Throw","Skewer","Dagger Spray+1"],"relics":["Ring of the Snake","Thread and Needle","Blue Candle","Paper Crane","Bronze Scales"],"potions_floor_usage":[10,16,16],"damage_taken":[{"damage":0,"enemies":"Small Slimes","floor":1,"turns":4},{"damage":3,"enemies":"2 Louse","floor":2,"turns":3},{"damage":33,"enemies":"3 Sentries","floor":7,"turns":17},{"damage":29,"enemies":"Gremlin Nob","floor":10,"turns":6},{"damage":0,"enemies":"Cultist","floor":12,"turns":3},{"damage":0,"enemies":"Red Slaver","floor":13,"turns":4},{"damage":3,"enemies":"3 Louse","floor":14,"turns":3},{"damage":2,"enemies":"Slime Boss","floor":16,"turns":10}],"seed_played":"-4742567870928368037","potions_obtained":[{"floor":7,"key":"Energy Potion"},{"floor":12,"key":"Weak Potion"},{"floor":13,"key":"SpeedPotion"}],"is_trial":false,"path_per_floor":["M","M","?","?","?","R","E","R","T","E","R","M","M","M","R","B"],"character_chosen":"THE_SILENT","items_purchased":[],"campfire_rested":1,"item_purchase_floors":[],"current_hp_per_floor":[59,56,56,56,56,56,23,41,41,12,12,12,12,9,9,7],"gold":197,"neow_bonus":"ONE_RARE_RELIC","is_prod":false,"is_daily":false,"chose_seed":false,"campfire_upgraded":3,"win_rate":0,"timestamp":1550039545,"path_taken":["M","M","?","?","?","R","E","R","T","E","R","M","M","M","R","BOSS"],"build_version":"2019-01-23","purchased_purges":0,"victory":false,"max_hp_per_floor":[60,60,60,60,60,60,60,60,60,60,60,60,60,60,60,60],"card_choices":[{"not_picked":["Underhanded Strike","Acrobatics"],"picked":"Dagger Throw","floor":1},{"not_picked":["Deflect","Prepared"],"picked":"PiercingWail","floor":2},{"not_picked":["Slice","Poisoned Stab"],"picked":"Endless Agony","floor":7},{"not_picked":["Accuracy","Backflip"],"picked":"Cloak And Dagger","floor":10},{"not_picked":["Deadly Poison","Outmaneuver"],"picked":"Dagger Throw","floor":12},{"not_picked":["Night Terror","Setup"],"picked":"Skewer","floor":13},{"not_picked":["Reflex","Noxious Fumes"],"picked":"Dagger Spray","floor":14}],"player_experience":517232,"relics_obtained":[{"floor":7,"key":"Blue Candle"},{"floor":9,"key":"Paper Crane"},{"floor":10,"key":"Bronze Scales"}],"event_choices":[{"cards_removed":["Strike_G"],"damage_healed":0,"gold_gain":0,"player_choice":"Card Removal","damage_taken":0,"max_hp_gain":0,"max_hp_loss":0,"event_name":"The Cleric","floor":3,"gold_loss":75},{"cards_removed":["Defend_G"],"damage_healed":0,"gold_gain":0,"player_choice":"Forget","damage_taken":0,"max_hp_gain":0,"max_hp_loss":0,"event_name":"Living Wall","floor":4,"gold_loss":0},{"damage_healed":0,"gold_gain":50,"player_choice":"Pray","damage_taken":0,"max_hp_gain":0,"max_hp_loss":0,"event_name":"Golden Shrine","floor":5,"gold_loss":0}],"is_beta":false,"boss_relics":[],"items_purged_floors":[],"is_endless":false,"potions_floor_spawned":[7,12,13],"killed_by":"Slime Boss","ascension_level":17}