{"gold_per_floor":[116,135,135,210,225,241,268,33,33,50,67,78,104,104,104,178,178,195,195,215,231,243,243,278,278,278,278],"floor_reached":27,"playtime":2993,"items_purged":[],"score":474,"play_id":"71cc951b-b389-4df9-975d-5f0b579642a2","local_time":"20190315180112","is_ascension_mode":true,"campfire_choices":[{"floor":15.0,"key":"REST"},{"floor":23,"key":"REST"}],"neow_cost":"NONE","seed_source_timestamp":0,"circlet_count":0,"master_deck":["AscendersBane","Bash","True Grit","Armaments+1","Pommel Strike","Ghostly Armor","Juggernaut","Inflame","Ghostly Armor","Armaments","Body Slam","Bludgeon","Juggernaut","Flame Barrier","Corruption","Berserk","Impervious","Wild Strike","Clash","True Grit","Exhume","Spot Weakness","Immolate","Warcry+1","Body Slam"],"special_seed":0,"relics":["Burning Blood","Bottled Flame","Anchor","StoneCalendar","Odd Mushroom","Gremlin Horn","Pandora\u0027s Box","WingedGreaves","Frozen Egg 2"],"potions_floor_usage":[24,27,27],"damage_taken":[{"damage":2.0,"enemies":"Cultist","floor":1.0,"turns":4.0},{"damage":0.0,"enemies":"2 Louse","floor":2.0,"turns":3.0},{"damage":7.0,"enemies":"Jaw Worm","floor":5.0,"turns":7.0},{"damage":0.0,"enemies":"Exordium Wildlife","floor":6.0,"turns":3.0},{"damage":56.0,"enemies":"Gremlin Nob","floor":7.0,"turns":5.0},{"damage":17.0,"enemies":"Exordium Thugs","floor":10.0,"turns":7.0},{"damage":6.0,"enemies":"Looter","floor":11.0,"turns":4.0},{"damage":4.0,"enemies":"Exordium Wildlife","floor":12.0,"turns":5.0},{"damage":9.0,"enemies":"The Mushroom Lair","floor":13.0,"turns":5.0},{"damage":28.0,"enemies":"Slime Boss","floor":16.0,"turns":7.0},{"damage":15.0,"enemies":"Shell Parasite","floor":18.0,"turns":5.0},{"damage":12,"enemies":"2 Thieves","floor":20,"turns":4},{"damage":8,"enemies":"Snecko","floor":21,"turns":5},{"damage":24,"enemies":"Cultist and Chosen","floor":22,"turns":6},{"damage":4,"enemies":"Gremlin Leader","floor":24,"turns":6},{"damage":70,"enemies":"Slavers","floor":27,"turns":5}],"seed_played":"2145320438916272979","potions_obtained":[{"floor":2.0,"key":"GamblersBrew"},{"floor":10.0,"key":"Fire Potion"},{"floor":12.0,"key":"Poison Potion"},{"floor":16.0,"key":"Energy Potion"},{"floor":21,"key":"SkillPotion"},{"floor":24,"key":"Weak Potion"}],"is_trial":false,"path_per_floor":["M","M","?","?","M","M","E","$","T","M","M","M","?","T","R","B",null,"M","?","M","M","M","R","E","?","T","E"],"character_chosen":"IRONCLAD","items_purchased":["Inflame","Anchor"],"campfire_rested":2,"item_purchase_floors":[8,8],"current_hp_per_floor":[79,82,75,64,63,69,19,19,19,8,8,10,7,7,31,9,64,55,55,49,47,29,53,55,55,55,0],"gold":278,"neow_bonus":"TEN_PERCENT_HP_BONUS","is_prod":false,"is_daily":false,"chose_seed":false,"campfire_upgraded":0,"win_rate":0,"timestamp":1552665672,"path_taken":["M","?","?","?","M","M","E","?","T","M","M","?","?","?","R","BOSS","M","?","M","M","?","R","E","?","T","E"],"build_version":"2019-02-06","purchased_purges":0,"victory":false,"max_hp_per_floor":[82,82,82,82,82,82,82,82,82,82,82,82,82,82,82,82,82,82,82,82,82,82,82,82,82,82,82],"card_choices":[{"not_picked":["Thunderclap","Warcry"],"picked":"True Grit","floor":1.0},{"not_picked":["Flex","Thunderclap"],"picked":"Armaments","floor":2.0},{"not_picked":["Flex","Thunderclap"],"picked":"Pommel Strike","floor":5.0},{"not_picked":["Carnage","Wild Strike"],"picked":"Ghostly Armor","floor":6.0},{"not_picked":["Armaments","Headbutt"],"picked":"Juggernaut","floor":7.0},{"not_picked":["Corruption","Flex"],"picked":"Ghostly Armor","floor":10.0},{"not_picked":["Dropkick","Perfected Strike"],"picked":"Armaments","floor":11.0},{"not_picked":["Cleave","Havoc"],"picked":"Body Slam","floor":12.0},{"not_picked":["Thunderclap","Sword Boomerang"],"picked":"Bludgeon","floor":13.0},{"not_picked":["Dark Embrace","Bludgeon"],"picked":"Juggernaut","floor":16.0},{"not_picked":["Twin Strike+1","Clash"],"picked":"Spot Weakness","floor":18.0},{"not_picked":["True Grit+1","Clothesline"],"picked":"Immolate","floor":20},{"not_picked":["Armaments","Clash"],"picked":"Warcry+1","floor":21},{"not_picked":["Intimidate","Pommel Strike","Dropkick"],"picked":"SKIP","floor":22},{"not_picked":["Reaper","Hemokinesis"],"picked":"Body Slam","floor":24}],"player_experience":683850,"relics_obtained":[{"floor":7.0,"key":"Bottled Flame"},{"floor":9.0,"key":"StoneCalendar"},{"floor":13.0,"key":"Odd Mushroom"},{"floor":14.0,"key":"Gremlin Horn"},{"floor":24,"key":"WingedGreaves"},{"floor":26,"key":"Frozen Egg 2"}],"event_choices":[{"cards_removed":["Defend_R"],"damage_healed":0.0,"max_hp_gain":0.0,"max_hp_loss":0.0,"gold_gain":0.0,"event_name":"Golden Wing","player_choice":"Card Removal","floor":3.0,"gold_loss":0.0,"damage_taken":7.0},{"damage_healed":0.0,"max_hp_gain":0.0,"max_hp_loss":0.0,"gold_gain":75.0,"event_name":"World of Goop","player_choice":"Gather Gold","floor":4.0,"gold_loss":0.0,"damage_taken":11.0},{"damage_healed":0.0,"max_hp_gain":0.0,"max_hp_loss":0.0,"gold_gain":0.0,"event_name":"Mushrooms","player_choice":"Fought Mushrooms","floor":13.0,"gold_loss":0.0,"damage_taken":0.0},{"damage_healed":0.0,"max_hp_gain":0.0,"max_hp_loss":0.0,"gold_gain":0.0,"event_name":"Match and Keep!","player_choice":"0 cards matched","floor":19.0,"gold_loss":0.0,"damage_taken":0.0,"cards_obtained":[]},{"damage_healed":0,"gold_gain":0,"player_choice":"Upgraded","damage_taken":0,"max_hp_gain":0,"max_hp_loss":0,"event_name":"Upgrade Shrine","floor":25,"gold_loss":0,"cards_upgraded":["Armaments"]}],"is_beta":true,"boss_relics":[{"not_picked":["Philosopher\u0027s Stone","Calling Bell"],"picked":"Pandora\u0027s Box"}],"items_purged_floors":[],"is_endless":false,"potions_floor_spawned":[2,10,12,16,21,24],"killed_by":"Slavers","ascension_level":20}