{"gold_per_floor":[115,125,136,148,158,158,174,200,250,250,267,302,302,302,302,302],"floor_reached":16,"playtime":919,"items_purged":[],"score":228,"play_id":"ab6cb505-be52-4413-a777-d6fda5048b0d","local_time":"20190314201115","is_ascension_mode":true,"campfire_choices":[{"data":"Uppercut","floor":6,"key":"SMITH"},{"floor":10,"key":"REST"},{"floor":13,"key":"REST"},{"data":"Armaments","floor":15,"key":"SMITH"}],"neow_cost":"NONE","seed_source_timestamp":89143383913222,"circlet_count":0,"master_deck":["AscendersBane","Strike_R","Strike_R","Strike_R","Strike_R","Strike_R","Defend_R","Defend_R","Defend_R","Defend_R","Bash","True Grit","Headbutt","Thunderclap","Battle Trance","Uppercut+1","Armaments+1","Feel No Pain","Dropkick","Immolate"],"relics":["Burning Blood","Centennial Puzzle","Ancient Tea Set","PreservedInsect","Dodecahedron"],"potions_floor_usage":[5,16,16],"damage_taken":[{"damage":7,"enemies":"2 Louse","floor":1,"turns":4},{"damage":6,"enemies":"Cultist","floor":2,"turns":4},{"damage":5,"enemies":"Small Slimes","floor":3,"turns":3},{"damage":26,"enemies":"3 Louse","floor":4,"turns":3},{"damage":2,"enemies":"2 Fungi Beasts","floor":5,"turns":4},{"damage":9,"enemies":"Looter","floor":7,"turns":3},{"damage":29,"enemies":"Gremlin Nob","floor":8,"turns":4},{"damage":19,"enemies":"Lots of Slimes","floor":11,"turns":4},{"damage":22,"enemies":"3 Sentries","floor":12,"turns":6},{"damage":46,"enemies":"Hexaghost","floor":16,"turns":10}],"seed_played":"3332685189759582466","potions_obtained":[{"floor":2,"key":"FearPotion"},{"floor":4,"key":"GamblersBrew"},{"floor":5,"key":"Fruit Juice"},{"floor":11,"key":"Dexterity Potion"}],"is_trial":false,"path_per_floor":["M","M","M","M","M","R","M","E","T","R","M","E","R","?","R","B"],"character_chosen":"IRONCLAD","items_purchased":[],"campfire_rested":2,"item_purchase_floors":[],"current_hp_per_floor":[67,67,68,48,57,57,54,31,31,55,42,26,50,46,46,0],"gold":302,"neow_bonus":"RANDOM_COMMON_RELIC","is_prod":false,"is_daily":false,"chose_seed":false,"campfire_upgraded":2,"win_rate":0,"timestamp":1552615875,"path_taken":["M","M","M","M","M","R","M","E","T","R","M","E","R","?","R","BOSS"],"build_version":"2019-01-23","purchased_purges":0,"victory":false,"max_hp_per_floor":[75,75,75,75,80,80,80,80,80,80,80,80,80,80,80,80],"card_choices":[{"not_picked":["Clothesline","Perfected Strike"],"picked":"True Grit","floor":1},{"not_picked":["Twin Strike","Sever Soul"],"picked":"Headbutt","floor":2},{"not_picked":["Anger","True Grit"],"picked":"Thunderclap","floor":3},{"not_picked":["Shrug It Off","Corruption"],"picked":"Battle Trance","floor":4},{"not_picked":["Combust","Whirlwind"],"picked":"Uppercut","floor":5},{"not_picked":["Hemokinesis","Anger"],"picked":"Armaments","floor":7},{"not_picked":["Limit Break","Body Slam"],"picked":"Feel No Pain","floor":8},{"not_picked":["Anger","Reckless Charge"],"picked":"Dropkick","floor":11},{"not_picked":["Hemokinesis","Anger"],"picked":"Immolate","floor":12}],"player_experience":1428402,"relics_obtained":[{"floor":8,"key":"Ancient Tea Set"},{"floor":9,"key":"PreservedInsect"},{"floor":12,"key":"Dodecahedron"}],"event_choices":[{"damage_healed":0,"gold_gain":0,"player_choice":"Bought 0 Potions","damage_taken":0,"max_hp_gain":0,"max_hp_loss":0,"event_name":"The Woman in Blue","floor":14,"gold_loss":0}],"is_beta":false,"boss_relics":[],"items_purged_floors":[],"is_endless":false,"potions_floor_spawned":[2,4,5,11],"killed_by":"Hexaghost","ascension_level":20}