{"gold_per_floor":[118,68,243,18,30,57,57,73,73,88,100,100,100,135,135,256,256,276,276,290,290,190,190,239,263,286,89,89,102,140,165,165,294,294,314,647,647,647,657,687,687,787,839,839,749,763,775,792,792,792],"floor_reached":50,"playtime":2463,"items_purged":["Doubt","All For One","Hello World"],"score":600,"play_id":"c621d806-8697-4c25-9fcc-73b252f2f89d","local_time":"20190102084602","is_ascension_mode":false,"campfire_choices":[{"data":"Defragment","floor":7,"key":"SMITH"},{"data":"Loop","floor":15,"key":"SMITH"},{"data":"Double Energy","floor":23,"key":"SMITH"},{"floor":32,"key":"REST"},{"floor":41,"key":"REST"},{"data":"Defragment","floor":44,"key":"SMITH"},{"data":"Madness","floor":49,"key":"SMITH"}],"neow_cost":"NONE","seed_source_timestamp":1085502666376644,"circlet_count":0,"master_deck":["Zap","Dualcast+1","Cold Snap","Defragment+1","Glacier","Loop+1","Conserve Battery+1","Cold Snap","Melter","FTL+1","Go for the Eyes","Core Surge","Defragment+1","Sunder","Double Energy+1","Streamline","Ball Lightning","Redo+1","Capacitor","Capacitor","Self Repair+1","Beam Cell+1","Madness+1","Madness+1","Leap+1","Chaos+1","Heatsinks+1"],"relics":["Cracked Core","NeowsBlessing","Orichalcum","Meat on the Bone","Darkstone Periapt","Pandora\u0027s Box","Nilry\u0027s Codex","Lantern","Dream Catcher","Calipers","Black Star","War Paint","Centennial Puzzle","Gambling Chip","Omamori"],"potions_floor_usage":[11,14,20,29,40,40,50],"damage_taken":[{"damage":0,"enemies":"2 Louse","floor":1,"turns":1},{"damage":0,"enemies":"Small Slimes","floor":5,"turns":1},{"damage":0,"enemies":"Lagavulin","floor":6,"turns":1},{"damage":0,"enemies":"Cultist","floor":8,"turns":3},{"damage":3,"enemies":"Blue Slaver","floor":10,"turns":4},{"damage":15,"enemies":"Exordium Thugs","floor":11,"turns":3},{"damage":0,"enemies":"Gremlin Nob","floor":14,"turns":5},{"damage":21,"enemies":"Hexaghost","floor":16,"turns":13},{"damage":0,"enemies":"Spheric Guardian","floor":18,"turns":3},{"damage":0,"enemies":"Shell Parasite","floor":20,"turns":4},{"damage":1,"enemies":"Centurion and Healer","floor":25,"turns":5},{"damage":4,"enemies":"Cultist and Chosen","floor":29,"turns":3},{"damage":24,"enemies":"Slavers","floor":30,"turns":4},{"damage":16,"enemies":"Shelled Parasite and Fungi","floor":31,"turns":6},{"damage":8,"enemies":"Champ","floor":33,"turns":11},{"damage":5,"enemies":"Orb Walker","floor":35,"turns":5},{"damage":42,"enemies":"3 Shapes","floor":39,"turns":6},{"damage":31,"enemies":"Giant Head","floor":40,"turns":12},{"damage":4,"enemies":"Mind Bloom Boss Battle","floor":42,"turns":8},{"damage":29,"enemies":"Writhing Mass","floor":46,"turns":5},{"damage":13,"enemies":"3 Darklings","floor":47,"turns":6},{"damage":4,"enemies":"4 Shapes","floor":48,"turns":6},{"damage":57,"enemies":"Awakened One","floor":50,"turns":4}],"seed_played":"-9067603342770380537","potions_obtained":[{"floor":1,"key":"Explosive Potion"},{"floor":6,"key":"GamblersBrew"},{"floor":8,"key":"SkillPotion"},{"floor":18,"key":"Weak Potion"},{"floor":20,"key":"Poison Potion"},{"floor":31,"key":"SpeedPotion"},{"floor":42,"key":"Fire Potion"},{"floor":46,"key":"SpeedPotion"},{"floor":48,"key":"SteroidPotion"}],"is_trial":false,"path_per_floor":["M","?","?","$","M","E","R","M","T","M","M","?","?","E","R","B",null,"M","?","M","?","$","R","T","M","T","$","?","M","E","M","R","B",null,"M","?","?","?","M","E","R","?","T","R","?","M","M","M","R","B"],"character_chosen":"DEFECT","items_purchased":["Defragment","Glacier","Capacitor"],"campfire_rested":2,"item_purchase_floors":[4,4,27],"current_hp_per_floor":[75,75,75,75,75,75,75,75,75,72,57,57,57,57,57,36,69,69,53,53,53,53,53,53,52,52,52,52,48,36,32,52,54,69,69,69,60,60,40,31,51,57,57,57,57,50,47,53,53,0],"gold":792,"neow_bonus":"THREE_ENEMY_KILL","is_prod":false,"is_daily":false,"chose_seed":false,"campfire_upgraded":5,"win_rate":0,"timestamp":1546386362,"path_taken":["M","?","?","$","M","E","R","M","T","M","M","?","?","E","R","BOSS","M","?","M","?","$","R","?","?","T","$","?","M","E","M","R","BOSS","M","?","?","?","?","E","R","?","T","R","?","M","M","M","R","BOSS"],"build_version":"2018-12-20","purchased_purges":3,"victory":false,"max_hp_per_floor":[75,75,75,75,75,75,75,75,75,75,75,69,69,69,69,69,69,69,69,69,69,69,69,69,69,69,69,69,69,69,69,69,69,69,69,69,69,69,69,69,69,69,69,69,69,69,69,69,69,69],"card_choices":[{"not_picked":["Fusion","Self Repair"],"picked":"Cold Snap","floor":1},{"not_picked":["Stack","Chill"],"picked":"Loop","floor":5},{"not_picked":["Cold Snap","Steam"],"picked":"Conserve Battery","floor":6},{"not_picked":["Barrage","Rebound"],"picked":"Cold Snap","floor":8},{"not_picked":["Lockon","Ball Lightning"],"picked":"Melter","floor":10},{"not_picked":["Barrage","BootSequence"],"picked":"FTL","floor":11},{"not_picked":["Genetic Algorithm","Turbo"],"picked":"Go for the Eyes","floor":14},{"not_picked":["Creative AI","Biased Cognition"],"picked":"Core Surge","floor":16},{"not_picked":["Steam","Stack"],"picked":"Hello World","floor":18},{"not_picked":["Force Field","Streamline","Hologram"],"picked":"SKIP","floor":20},{"not_picked":["Ball Lightning","Coolheaded"],"picked":"Redo+1","floor":25},{"not_picked":["Beam Cell","Compile Driver","Streamline"],"picked":"SKIP","floor":29},{"not_picked":["Steam","Leap"],"picked":"Capacitor","floor":30},{"not_picked":["Heatsinks","Reprogram+1"],"picked":"Self Repair+1","floor":31},{"not_picked":["Biased Cognition","Buffer"],"picked":"Machine Learning","floor":33},{"not_picked":["Double Energy","Steam"],"picked":"Beam Cell+1","floor":35},{"not_picked":["Double Energy","Cold Snap","Redo"],"picked":"SKIP","floor":39},{"not_picked":["Coolheaded","Storm"],"picked":"Leap+1","floor":40},{"not_picked":["Cold Snap","Recycle","Turbo+1"],"picked":"SKIP","floor":46},{"not_picked":["Genetic Algorithm+1","Gash+1"],"picked":"Chaos+1","floor":47},{"not_picked":["Static Discharge","Recycle+1"],"picked":"Heatsinks+1","floor":48}],"player_experience":309251,"relics_obtained":[{"floor":6,"key":"Orichalcum"},{"floor":9,"key":"Meat on the Bone"},{"floor":14,"key":"Darkstone Periapt"},{"floor":19,"key":"Nilry\u0027s Codex"},{"floor":24,"key":"Lantern"},{"floor":26,"key":"Dream Catcher"},{"floor":30,"key":"Calipers"},{"floor":40,"key":"War Paint"},{"floor":40,"key":"Centennial Puzzle"},{"floor":42,"key":"Gambling Chip"},{"floor":43,"key":"Omamori"}],"event_choices":[{"cards_removed":["Strike_B"],"damage_healed":0,"gold_gain":0,"player_choice":"Card Removal","damage_taken":0,"max_hp_gain":0,"max_hp_loss":0,"event_name":"The Cleric","floor":2,"gold_loss":50},{"damage_healed":0,"gold_gain":175,"player_choice":"AGREE","damage_taken":0,"max_hp_gain":0,"max_hp_loss":0,"event_name":"Liars Game","floor":3,"gold_loss":0,"cards_obtained":["Doubt"]},{"damage_healed":0,"gold_gain":0,"player_choice":"Lose Max HP","damage_taken":0,"relics_obtained":["Golden Idol"],"max_hp_gain":0,"max_hp_loss":6,"event_name":"Golden Idol","floor":12,"gold_loss":0},{"damage_healed":0,"gold_gain":0,"player_choice":"Forge","damage_taken":0,"max_hp_gain":0,"max_hp_loss":0,"event_name":"Accursed Blacksmith","floor":13,"gold_loss":0,"cards_upgraded":["Conserve Battery"]},{"damage_healed":0,"gold_gain":0,"player_choice":"Obtained Book","damage_taken":16,"max_hp_gain":0,"max_hp_loss":0,"event_name":"Cursed Tome","floor":19,"gold_loss":0},{"damage_healed":0,"gold_gain":0,"player_choice":"Ignored","damage_taken":0,"max_hp_gain":0,"max_hp_loss":0,"event_name":"Vampires","floor":21,"gold_loss":0},{"cards_removed":["Undo"],"damage_healed":0,"gold_gain":0,"player_choice":"Elegance","damage_taken":0,"max_hp_gain":0,"max_hp_loss":0,"event_name":"Back to Basics","floor":28,"gold_loss":0},{"damage_healed":0,"gold_gain":333,"player_choice":"Gave Idol","damage_taken":0,"max_hp_gain":0,"max_hp_loss":0,"event_name":"The Moai Head","floor":36,"relics_lost":["Golden Idol"],"gold_loss":0},{"damage_healed":0,"gold_gain":0,"player_choice":"Embrace Madness","damage_taken":9,"max_hp_gain":0,"max_hp_loss":0,"event_name":"Winding Halls","floor":37,"gold_loss":0,"cards_obtained":["Madness","Madness"]},{"cards_removed":["Machine Learning"],"damage_healed":0,"gold_gain":0,"player_choice":"Took Card","damage_taken":0,"max_hp_gain":0,"max_hp_loss":0,"event_name":"NoteForYourself","floor":38,"gold_loss":0,"cards_obtained":["Expertise"]},{"damage_healed":0,"gold_gain":0,"player_choice":"Fight","damage_taken":0,"max_hp_gain":0,"max_hp_loss":0,"event_name":"MindBloom","floor":42,"gold_loss":0},{"cards_removed":["Expertise"],"damage_healed":0,"gold_gain":0,"player_choice":"Upgrade and Remove","damage_taken":0,"max_hp_gain":0,"max_hp_loss":0,"event_name":"Designer","floor":45,"gold_loss":90,"cards_upgraded":["FTL"]}],"is_beta":false,"boss_relics":[{"not_picked":["Tiny House","White Beast Statue"],"picked":"Pandora\u0027s Box"},{"not_picked":["Coffee Dripper","Orrery"],"picked":"Black Star"}],"items_purged_floors":[4,22,27],"is_endless":false,"potions_floor_spawned":[1,6,8,10,18,20,31,42,46,48],"killed_by":"Awakened One","ascension_level":0}