{"gold_per_floor":[16,30,0,0,50,50,68,68,147,161,191,230,230,243,243,321,321,341,321,321,17,28,28,28,28,54,54,90,90,30,30],"floor_reached":31,"playtime":1796,"items_purged":["Strike_R"],"score":470,"play_id":"cec04e91-af15-4deb-87cf-e9af1efb86e5","local_time":"20190315191313","is_ascension_mode":true,"campfire_choices":[{"data":"Magnetism","floor":6,"key":"SMITH"},{"data":"Thunderclap","floor":8,"key":"SMITH"},{"data":"Flame Barrier","floor":13,"key":"SMITH"},{"floor":15,"key":"REST"},{"floor":23,"key":"REST"},{"floor":25,"key":"REST"},{"data":"Double Tap","floor":27,"key":"SMITH"}],"neow_cost":"NO_GOLD","seed_source_timestamp":171185793314832,"circlet_count":0,"master_deck":["AscendersBane","Strike_R","Strike_R","Strike_R","Defend_R","Defend_R","Defend_R","Defend_R","Bash","Purity","Magnetism+1","Rage","Flame Barrier+1","Thunderclap+1","Cleave","Impervious","Intimidate","Ghostly Armor","Uppercut","Double Tap+1","Spot Weakness","Heavy Blade","Decay","Mayhem","Power Through","Shame","Inflame+1","Ghostly","Ghostly","Ghostly"],"relics":["Burning Blood","The Courier","Shuriken","Lizard Tail","Ancient Tea Set","Torii","Anchor"],"potions_floor_usage":[2,11,16,16,22,31],"damage_taken":[{"damage":14,"enemies":"2 Louse","floor":1,"turns":5},{"damage":11,"enemies":"Small Slimes","floor":2,"turns":6},{"damage":1,"enemies":"Cultist","floor":7,"turns":4},{"damage":8,"enemies":"3 Louse","floor":10,"turns":3},{"damage":15,"enemies":"3 Sentries","floor":11,"turns":8},{"damage":15,"enemies":"Exordium Wildlife","floor":12,"turns":5},{"damage":11,"enemies":"Exordium Thugs","floor":14,"turns":6},{"damage":28,"enemies":"Hexaghost","floor":16,"turns":13},{"damage":13,"enemies":"Spheric Guardian","floor":18,"turns":6},{"damage":16,"enemies":"2 Thieves","floor":19,"turns":4},{"damage":44,"enemies":"Snecko","floor":22,"turns":6},{"damage":15,"enemies":"Centurion and Healer","floor":28,"turns":8},{"damage":60,"enemies":"Gremlin Leader","floor":31,"turns":7}],"seed_played":"2333762559994677561","potions_obtained":[{"floor":1,"key":"Block Potion"},{"floor":7,"key":"SkillPotion"},{"floor":12,"key":"SkillPotion"},{"floor":14,"key":"GamblersBrew"},{"floor":16,"key":"SpeedPotion"},{"floor":18,"key":"Weak Potion"}],"is_trial":false,"path_per_floor":["M","M","$","?","?","R","M","R","T","M","E","M","R","M","R","B",null,"M","M","?","$","M","R","?","R","T","R","M","?","$","E"],"character_chosen":"IRONCLAD","items_purchased":["Thunderclap","Mayhem","Ancient Tea Set"],"campfire_rested":3,"item_purchase_floors":[3,21,21],"current_hp_per_floor":[60,55,55,55,55,55,60,60,60,58,49,40,40,35,57,35,65,58,48,48,48,10,32,32,54,54,54,45,37,37,0],"gold":30,"neow_bonus":"RANDOM_COLORLESS_2","is_prod":false,"is_daily":false,"chose_seed":false,"campfire_upgraded":4,"win_rate":0,"timestamp":1552698793,"path_taken":["M","M","$","?","?","R","M","R","T","M","E","?","R","M","R","BOSS","M","M","?","$","M","R","?","R","T","R","M","?","$","E"],"build_version":"2019-01-23","purchased_purges":1,"victory":false,"max_hp_per_floor":[75,75,75,75,75,75,75,75,75,75,75,75,75,75,75,75,75,75,75,75,75,75,75,75,75,75,75,75,37,37,37],"card_choices":[{"not_picked":["Wild Strike","Shrug It Off"],"picked":"Rage","floor":1},{"not_picked":["Shockwave","Pummel"],"picked":"Flame Barrier","floor":2},{"not_picked":["Anger","Hemokinesis"],"picked":"Cleave","floor":7},{"not_picked":["Havoc","Iron Wave"],"picked":"Impervious","floor":10},{"not_picked":["Heavy Blade","Thunderclap"],"picked":"Intimidate","floor":11},{"not_picked":["Havoc","Pommel Strike"],"picked":"Ghostly Armor","floor":12},{"not_picked":["Wild Strike","Sever Soul"],"picked":"Uppercut","floor":14},{"not_picked":["Immolate","Dark Embrace"],"picked":"Double Tap","floor":16},{"not_picked":["Havoc","Anger"],"picked":"Spot Weakness","floor":18},{"not_picked":["Dropkick","Flex"],"picked":"Heavy Blade","floor":19},{"not_picked":["Dropkick","Iron Wave"],"picked":"Power Through","floor":22},{"not_picked":["Heavy Blade","Armaments"],"picked":"Inflame+1","floor":28}],"player_experience":1434566,"relics_obtained":[{"floor":9,"key":"The Courier"},{"floor":11,"key":"Shuriken"},{"floor":26,"key":"Anchor"}],"event_choices":[{"cards_removed":["Strike_R"],"damage_healed":0,"gold_gain":0,"player_choice":"Forget","damage_taken":0,"max_hp_gain":0,"max_hp_loss":0,"event_name":"Living Wall","floor":4,"gold_loss":0},{"damage_healed":0,"gold_gain":50,"player_choice":"Pray","damage_taken":0,"max_hp_gain":0,"max_hp_loss":0,"event_name":"Golden Shrine","floor":5,"gold_loss":0},{"damage_healed":0,"gold_gain":0,"player_choice":"Smashed Altar","damage_taken":0,"max_hp_gain":0,"max_hp_loss":0,"event_name":"Forgotten Altar","floor":20,"gold_loss":0,"cards_obtained":["Decay"]},{"damage_healed":0,"gold_gain":0,"player_choice":"Stole Relic","damage_taken":0,"relics_obtained":["Torii"],"max_hp_gain":0,"max_hp_loss":0,"event_name":"Addict","floor":24,"gold_loss":0,"cards_obtained":["Shame"]},{"damage_healed":0,"gold_gain":0,"player_choice":"Became a Ghost","damage_taken":0,"max_hp_gain":0,"max_hp_loss":38,"event_name":"Ghosts","floor":29,"gold_loss":0,"cards_obtained":["Ghostly","Ghostly","Ghostly"]}],"is_beta":false,"boss_relics":[{"not_picked":["Runic Cube","Runic Pyramid"],"picked":"Lizard Tail"}],"items_purged_floors":[30],"is_endless":false,"potions_floor_spawned":[1,7,12,14,16,18],"killed_by":"Gremlin Leader","ascension_level":20}