{"gold_per_floor":[111,286,286,306,306,337,13,13,13,33,49,66,66,79,79,180,180,191,191,207,207,223,223,233,247,247,262,262,66,78,78],"floor_reached":31,"playtime":1165,"items_purged":["Defend_G","Strike_G"],"score":266,"play_id":"a1cb5d09-b24f-4175-9e4b-16ae7631d696","local_time":"20190102071241","is_ascension_mode":false,"campfire_choices":[{"data":"Neutralize","floor":8,"key":"SMITH"},{"data":"Bane","floor":13,"key":"SMITH"},{"floor":15,"key":"REST"},{"floor":23,"key":"REST"},{"floor":28,"key":"REST"}],"neow_cost":"NONE","seed_source_timestamp":1081200269831695,"circlet_count":0,"master_deck":["Defend_G","Defend_G","Defend_G","Defend_G","Strike_G","Strike_G","Strike_G","Survivor","Neutralize+1","Catalyst","Acrobatics","Bane+1","Bouncing Flask+1","Flying Knee","Setup+1","Night Terror+1","Catalyst+1","Bouncing Flask+1","Crippling Poison+1","Crippling Poison+1","Noxious Fumes","Forethought+1","Outmaneuver+1"],"relics":["Ring of the Serpent","NeowsBlessing","Ornamental Fan","Toxic Egg 2","Happy Flower","Letter Opener"],"potions_floor_usage":[12,16,16,27,30],"damage_taken":[{"damage":0,"enemies":"Small Slimes","floor":1,"turns":1},{"damage":0,"enemies":"Jaw Worm","floor":4,"turns":1},{"damage":0,"enemies":"3 Sentries","floor":6,"turns":1},{"damage":0,"enemies":"2 Louse","floor":10,"turns":4},{"damage":10,"enemies":"Exordium Wildlife","floor":11,"turns":5},{"damage":18,"enemies":"Exordium Thugs","floor":12,"turns":5},{"damage":13,"enemies":"Gremlin Gang","floor":14,"turns":4},{"damage":10,"enemies":"The Guardian","floor":16,"turns":8},{"damage":12,"enemies":"Shell Parasite","floor":18,"turns":5},{"damage":24,"enemies":"Spheric Guardian","floor":20,"turns":5},{"damage":36,"enemies":"3 Cultists","floor":22,"turns":5},{"damage":13,"enemies":"Shelled Parasite and Fungi","floor":24,"turns":4},{"damage":22,"enemies":"Centurion and Healer","floor":25,"turns":4},{"damage":0,"enemies":"Chosen and Byrds","floor":27,"turns":6},{"damage":16,"enemies":"Snake Plant","floor":30,"turns":3},{"damage":6,"enemies":"Sentry and Sphere","floor":31,"turns":3}],"seed_played":"5194757449893418205","potions_obtained":[{"floor":1,"key":"FearPotion"},{"floor":4,"key":"Weak Potion"},{"floor":14,"key":"Dexterity Potion"},{"floor":16,"key":"FairyPotion"},{"floor":25,"key":"GhostInAJar"},{"floor":27,"key":"Fire Potion"}],"is_trial":false,"path_per_floor":["M","?","?","M","?","E","$","R","T","M","M","M","R","M","R","B",null,"M","?","M","?","M","R","M","M","T","M","R","$","M","M"],"character_chosen":"THE_SILENT","items_purchased":["Toxic Egg 2","Forethought+1"],"campfire_rested":3,"item_purchase_floors":[7,29],"current_hp_per_floor":[70,70,75,75,68,68,68,68,68,68,58,40,40,27,49,39,75,63,63,39,39,3,25,12,1,1,1,23,23,7,1],"gold":78,"neow_bonus":"THREE_ENEMY_KILL","is_prod":false,"is_daily":false,"chose_seed":false,"campfire_upgraded":2,"win_rate":0,"timestamp":1546380761,"path_taken":["M","?","?","M","?","E","$","R","T","M","?","M","R","M","R","BOSS","M","?","?","?","M","R","M","?","T","M","R","$","M","M"],"build_version":"2018-12-20","purchased_purges":2,"victory":false,"max_hp_per_floor":[70,70,75,75,75,75,75,75,75,75,75,75,75,75,75,75,75,75,75,75,75,75,75,75,75,75,75,75,75,75,75],"card_choices":[{"not_picked":["Riddle With Holes","Prepared"],"picked":"Catalyst","floor":1},{"not_picked":["Sucker Punch","Dagger Throw"],"picked":"Acrobatics","floor":4},{"not_picked":["Cloak And Dagger","Storm of Steel"],"picked":"Bane","floor":6},{"not_picked":["Acrobatics+1","Cloak And Dagger+1"],"picked":"Bouncing Flask+1","floor":10},{"not_picked":["Blade Dance+1","Accuracy"],"picked":"Flying Knee","floor":11},{"not_picked":["Bane","Dodge and Roll+1","Eviscerate"],"picked":"SKIP","floor":12},{"not_picked":["Deadly Poison+1","Wraith Form v2"],"picked":"Setup+1","floor":14},{"not_picked":["Doppelganger+1","Die Die Die"],"picked":"Night Terror+1","floor":16},{"not_picked":["Blade Dance+1","Dagger Throw"],"picked":"Catalyst+1","floor":18},{"not_picked":["Quick Slash","Poisoned Stab","Deadly Poison+1"],"picked":"SKIP","floor":20},{"not_picked":["Dodge and Roll+1","Poisoned Stab"],"picked":"Crippling Poison+1","floor":22},{"not_picked":["Prepared+1","Acrobatics+1"],"picked":"Crippling Poison+1","floor":24},{"not_picked":["After Image","Dagger Throw+1","Deadly Poison+1"],"picked":"SKIP","floor":25},{"not_picked":["Poisoned Stab","Flying Knee"],"picked":"Noxious Fumes","floor":27},{"not_picked":["Dagger Spray","Deflect+1"],"picked":"Outmaneuver+1","floor":30}],"player_experience":304997,"relics_obtained":[{"floor":6,"key":"Ornamental Fan"},{"floor":9,"key":"Happy Flower"},{"floor":26,"key":"Letter Opener"}],"event_choices":[{"damage_healed":0,"gold_gain":175,"player_choice":"AGREE","damage_taken":0,"max_hp_gain":0,"max_hp_loss":0,"event_name":"Liars Game","floor":2,"gold_loss":0,"cards_obtained":["Doubt"]},{"damage_healed":0,"gold_gain":0,"player_choice":"Donut","damage_taken":0,"max_hp_gain":5,"max_hp_loss":0,"event_name":"Big Fish","floor":3,"gold_loss":0},{"cards_removed":["Doubt"],"damage_healed":0,"gold_gain":0,"player_choice":"Card Removal","damage_taken":7,"max_hp_gain":0,"max_hp_loss":0,"event_name":"Golden Wing","floor":5,"gold_loss":0},{"damage_healed":0,"gold_gain":0,"player_choice":"Copied","damage_taken":0,"max_hp_gain":0,"max_hp_loss":0,"event_name":"Duplicator","floor":19,"gold_loss":0,"cards_obtained":["Bouncing Flask"]},{"cards_removed":["Strike_G"],"damage_healed":0,"gold_gain":0,"player_choice":"Purged","damage_taken":0,"max_hp_gain":0,"max_hp_loss":0,"event_name":"Purifier","floor":21,"gold_loss":0}],"is_beta":false,"boss_relics":[{"not_picked":["Calling Bell","WristBlade"],"picked":"Ring of the Serpent"}],"items_purged_floors":[7,29],"is_endless":false,"potions_floor_spawned":[1,4,14,16,25,27],"killed_by":"Sentry and Sphere","ascension_level":0}