{"gold_per_floor":[111,36,36,46,121,121,21,56,56,67,67,77,102,113,113],"floor_reached":15,"playtime":749,"items_purged":["Defend_G","Strike_G"],"score":173,"play_id":"fc7377d3-069b-479a-93f4-b9cd9e153f3d","local_time":"20190208192053","is_ascension_mode":true,"campfire_choices":[{"data":"Noxious Fumes","floor":6,"key":"SMITH"}],"neow_cost":"TEN_PERCENT_HP_LOSS","seed_source_timestamp":31686467688446,"circlet_count":0,"master_deck":["AscendersBane","Defend_G","Defend_G","Defend_G","Defend_G","Strike_G","Strike_G","Strike_G","Strike_G","Survivor","Neutralize","Die Die Die","Crippling Poison","Noxious Fumes+1","Catalyst","Backflip"],"relics":["Ring of the Snake","Meat on the Bone","Anchor","Blue Candle","Mercury Hourglass"],"potions_floor_usage":[8,12],"damage_taken":[{"damage":3,"enemies":"Jaw Worm","floor":1,"turns":5},{"damage":0,"enemies":"Small Slimes","floor":4,"turns":2},{"damage":23,"enemies":"3 Sentries","floor":8,"turns":5},{"damage":0,"enemies":"Cultist","floor":10,"turns":4},{"damage":8,"enemies":"Large Slime","floor":12,"turns":5},{"damage":22,"enemies":"Lagavulin","floor":13,"turns":9},{"damage":0,"enemies":"2 Fungi Beasts","floor":14,"turns":2}],"seed_played":"160628234910794668","potions_obtained":[{"floor":1,"key":"Regen Potion"},{"floor":8,"key":"Explosive Potion"}],"is_trial":false,"path_per_floor":["M","$","?","M","?","R","$","E","T","M","$","M","E","M","R"],"character_chosen":"THE_SILENT","items_purchased":[],"campfire_rested":0,"item_purchase_floors":[],"current_hp_per_floor":[60,60,57,57,46,46,46,38,38,38,38,42,32,32,32],"gold":113,"neow_bonus":"THREE_RARE_CARDS","is_prod":false,"is_daily":false,"chose_seed":false,"campfire_upgraded":1,"win_rate":0,"timestamp":1549682453,"path_taken":["M","$","?","M","?","R","?","E","T","M","$","M","E","M","R"],"build_version":"2019-01-23","purchased_purges":2,"victory":false,"max_hp_per_floor":[63,63,63,63,63,63,63,63,63,63,63,63,63,63,63],"card_choices":[{"not_picked":["Wraith Form v2","Venomology"],"picked":"Die Die Die","floor":0},{"not_picked":["Catalyst","Bane"],"picked":"Crippling Poison","floor":1},{"not_picked":["Dodge and Roll","Flying Knee"],"picked":"Noxious Fumes","floor":4},{"not_picked":["Bane","Skewer"],"picked":"Catalyst","floor":8},{"not_picked":["Predator","Blade Dance","Prepared"],"picked":"SKIP","floor":10},{"not_picked":["Bane","Concentrate","Riddle With Holes"],"picked":"SKIP","floor":12},{"not_picked":["Accuracy","Tools of the Trade"],"picked":"Backflip","floor":13},{"not_picked":["Riddle With Holes","Outmaneuver","Blade Dance"],"picked":"SKIP","floor":14}],"player_experience":426694,"relics_obtained":[{"floor":8,"key":"Anchor"},{"floor":9,"key":"Blue Candle"},{"floor":13,"key":"Mercury Hourglass"}],"event_choices":[{"damage_healed":0,"gold_gain":0,"player_choice":"Success","damage_taken":3,"relics_obtained":["Meat on the Bone"],"max_hp_gain":0,"max_hp_loss":0,"event_name":"Scrap Ooze","floor":3,"gold_loss":0},{"damage_healed":0,"gold_gain":75,"player_choice":"Gather Gold","damage_taken":11,"max_hp_gain":0,"max_hp_loss":0,"event_name":"World of Goop","floor":5,"gold_loss":0}],"is_beta":false,"boss_relics":[],"items_purged_floors":[2,7],"is_endless":false,"potions_floor_spawned":[1,8],"ascension_level":13}