{"gold_per_floor":[113,128,147,167,178,178,210,210,279,204,231,248,277,295,295,399,399,412,16,33,44,63,63,83,83],"floor_reached":25,"playtime":1908,"items_purged":["Strike_R","Strike_R"],"score":229,"play_id":"7106fbca-124d-441e-8137-fec3749a92b7","local_time":"20190129222023","is_ascension_mode":false,"campfire_choices":[{"data":"Anger","floor":6,"key":"SMITH"},{"data":"Rage","floor":15,"key":"SMITH"},{"data":"Strike_R","floor":23,"key":"PURGE"}],"neow_cost":"TEN_PERCENT_HP_LOSS","seed_source_timestamp":41271032320883,"circlet_count":0,"master_deck":["Strike_R","Strike_R+1","Defend_R","Defend_R","Bash+1","Anger+1","Clash","Rage+1","Fire Breathing","Inflame","Berserk","Warcry","Warcry"],"relics":["Burning Blood","Mango","Question Card","Bird Faced Urn","Whetstone","White Beast Statue","Peace Pipe"],"potions_floor_usage":[4,7,13,20,22,24,25,25,25],"damage_taken":[{"damage":1,"enemies":"Cultist","floor":1,"turns":3},{"damage":8,"enemies":"Jaw Worm","floor":2,"turns":4},{"damage":0,"enemies":"Small Slimes","floor":3,"turns":3},{"damage":8,"enemies":"Exordium Wildlife","floor":4,"turns":6},{"damage":12,"enemies":"Large Slime","floor":5,"turns":6},{"damage":22,"enemies":"3 Sentries","floor":7,"turns":7},{"damage":23,"enemies":"Gremlin Nob","floor":11,"turns":4},{"damage":0,"enemies":"2 Fungi Beasts","floor":12,"turns":3},{"damage":8,"enemies":"Lagavulin","floor":13,"turns":4},{"damage":3,"enemies":"Lots of Slimes","floor":14,"turns":3},{"damage":2,"enemies":"Slime Boss","floor":16,"turns":8},{"damage":24,"enemies":"Spheric Guardian","floor":18,"turns":4},{"damage":16,"enemies":"Shell Parasite","floor":20,"turns":4},{"damage":46,"enemies":"Snecko","floor":21,"turns":7},{"damage":9,"enemies":"3 Cultists","floor":22,"turns":4},{"damage":42,"enemies":"Snake Plant","floor":24,"turns":4},{"damage":25,"enemies":"Slavers","floor":25,"turns":1}],"seed_played":"4934257881757930139","potions_obtained":[{"floor":2,"key":"Block Potion"},{"floor":4,"key":"Block Potion"},{"floor":12,"key":"Block Potion"},{"floor":13,"key":"Explosive Potion"},{"floor":18,"key":"Regen Potion"},{"floor":20,"key":"Strength Potion"},{"floor":21,"key":"Poison Potion"},{"floor":22,"key":"Poison Potion"},{"floor":24,"key":"Block Potion"}],"is_trial":false,"path_per_floor":["M","?"],"character_chosen":"IRONCLAD","items_purchased":["Peace Pipe"],"campfire_rested":0,"item_purchase_floors":[19],"current_hp_per_floor":[72,70,72,70,64,64,62,62,62,62,45,51,49,54,54,62,86,68,68,73,39,42,42,10,0],"gold":83,"neow_bonus":"REMOVE_TWO","is_prod":false,"is_daily":false,"chose_seed":false,"campfire_upgraded":2,"win_rate":0.0,"timestamp":1548818423,"path_taken":["M","?","M","M","M","R","E","?","T","$","E","M","E","M","R","BOSS","M","$","M","M","M","R","M","E"],"build_version":"2019-01-23","purchased_purges":2,"victory":false,"max_hp_per_floor":[72,72,72,72,72,72,86,86,86,86,86,86,86,86,86,86,86,86,86,86,86,86,86,86,86],"card_choices":[{"not_picked":["Clash","True Grit","Twin Strike"],"picked":"SKIP","floor":1},{"not_picked":["Armaments","Pommel Strike","Clash"],"picked":"SKIP","floor":2},{"not_picked":["Metallicize","Corruption","Whirlwind"],"picked":"SKIP","floor":3},{"not_picked":["Perfected Strike","Feel No Pain"],"picked":"Anger","floor":4},{"not_picked":["Shrug It Off","Warcry"],"picked":"Clash","floor":5},{"not_picked":["Perfected Strike","Combust"],"picked":"Rage","floor":7},{"not_picked":["Bludgeon","Uppercut","Shrug It Off","Entrench"],"picked":"SKIP","floor":11},{"not_picked":["True Grit","Flex","Headbutt","Armaments"],"picked":"SKIP","floor":12},{"not_picked":["Clash","True Grit","Carnage"],"picked":"Fire Breathing","floor":13},{"not_picked":["Flex","Flame Barrier","Pummel"],"picked":"Inflame","floor":14},{"not_picked":["Impervious","Feed","Offering"],"picked":"Berserk","floor":16},{"not_picked":["Clothesline","Reckless Charge","Seeing Red+1"],"picked":"Warcry","floor":18},{"not_picked":["Sword Boomerang","Entrench","Bloodletting","Iron Wave"],"picked":"SKIP","floor":20},{"not_picked":["Twin Strike","Cleave","Ghostly Armor","Brutality"],"picked":"SKIP","floor":21},{"not_picked":["Hemokinesis+1","Perfected Strike+1","Clash"],"picked":"Warcry","floor":22},{"not_picked":["Pommel Strike","Blood for Blood","Anger","Shrug It Off+1"],"picked":"SKIP","floor":24}],"player_experience":7532,"relics_obtained":[{"floor":7,"key":"Mango"},{"floor":9,"key":"Question Card"},{"floor":11,"key":"Bird Faced Urn"},{"floor":13,"key":"Whetstone"}],"event_choices":[{"damage_healed":0,"gold_gain":0,"player_choice":"Ignored","damage_taken":0,"max_hp_gain":0,"max_hp_loss":0,"event_name":"Shining Light","floor":8,"gold_loss":0}],"is_beta":false,"boss_relics":[{"not_picked":["Coffee Dripper","Lizard Tail"],"picked":"White Beast Statue"}],"items_purged_floors":[10,19],"is_endless":false,"potions_floor_spawned":[2,4,12,13,18,20,21,22,24],"killed_by":"Slavers","ascension_level":0}