{"gold_per_floor":[112,112,130,305,84,84,447,467,467,481,514,531,550,564,564,660,660,675,686,160,85,85,85,120,120,120,151,151,151,182,208,208,304,304,338,390,300,318,169,169,202,202,202,202,237,254,25,62,62,62],"floor_reached":51,"playtime":5369,"items_purged":["Doubt","Strike_R","Sever Soul"],"score":745,"play_id":"68957a29-9e56-4f24-b802-35768f82342c","local_time":"20190128084018","is_ascension_mode":false,"campfire_choices":[{"data":"Rage","floor":6.0,"key":"SMITH"},{"floor":15.0,"key":"REST"},{"data":"RitualDagger","floor":23.0,"key":"SMITH"},{"floor":25.0,"key":"REST"},{"floor":28.0,"key":"REST"},{"data":"J.A.X.","floor":32.0,"key":"SMITH"},{"data":"Exhume","floor":40.0,"key":"SMITH"},{"floor":49.0,"key":"REST"}],"neow_cost":"NONE","seed_source_timestamp":0,"circlet_count":0,"master_deck":["Strike_R","Strike_R","Strike_R+1","Strike_R","Defend_R","Defend_R","Bash+1","Rage+1","Thunderclap","Clash","Thunderclap","Flex","Limit Break","HandOfGreed","Bandage Up","RitualDagger+1","Headbutt+1","J.A.X.+1","Clash+1","Pommel Strike+1","Exhume+1","Perfected Strike+1","Perfected Strike+1","Warcry","Doubt","Searing Blow+1","Perfected Strike+1","Impervious"],"special_seed":0,"relics":["Busted Crown","Oddly Smooth Stone","Old Coin","Magic Flower","Centennial Puzzle","Black Star","Potion Belt","Bottled Flame","Gremlin Horn","Vajra","Bronze Scales","Molten Egg 2","Runic Cube","FossilizedHelix","StoneCalendar","PreservedInsect","Nunchaku","Regal Pillow","Bottled Lightning","Lantern"],"potions_floor_usage":[50,50,50,50,50],"damage_taken":[{"damage":0.0,"enemies":"Small Slimes","floor":1.0,"turns":3.0},{"damage":0.0,"enemies":"Jaw Worm","floor":3.0,"turns":3.0},{"damage":0.0,"enemies":"Gremlin Nob","floor":7.0,"turns":4.0},{"damage":0.0,"enemies":"Cultist","floor":8.0,"turns":2.0},{"damage":0.0,"enemies":"Looter","floor":10.0,"turns":2.0},{"damage":29.0,"enemies":"3 Sentries","floor":11.0,"turns":9.0},{"damage":0.0,"enemies":"Large Slime","floor":12.0,"turns":3.0},{"damage":6.0,"enemies":"Blue Slaver","floor":13.0,"turns":2.0},{"damage":0.0,"enemies":"Looter","floor":14.0,"turns":2.0},{"damage":12.0,"enemies":"Hexaghost","floor":16.0,"turns":6.0},{"damage":0.0,"enemies":"Chosen","floor":18.0,"turns":3.0},{"damage":12.0,"enemies":"2 Thieves","floor":19.0,"turns":4.0},{"damage":51.0,"enemies":"Book of Stabbing","floor":24.0,"turns":5.0},{"damage":18.0,"enemies":"Centurion and Healer","floor":27.0,"turns":4.0},{"damage":16.0,"enemies":"Shelled Parasite and Fungi","floor":30.0,"turns":4.0},{"damage":24.0,"enemies":"Gremlin Leader","floor":31.0,"turns":3.0},{"damage":44.0,"enemies":"Champ","floor":33.0,"turns":6.0},{"damage":10.0,"enemies":"3 Darklings","floor":35.0,"turns":3.0},{"damage":22.0,"enemies":"2 Orb Walkers","floor":36.0,"turns":3.0},{"damage":8.0,"enemies":"3 Shapes","floor":38.0,"turns":3.0},{"damage":56.0,"enemies":"Nemesis","floor":41.0,"turns":5.0},{"damage":10.0,"enemies":"Giant Head","floor":45.0,"turns":5.0},{"damage":38.0,"enemies":"Writhing Mass","floor":46.0,"turns":3.0},{"damage":16.0,"enemies":"Spire Growth","floor":48.0,"turns":2.0},{"damage":85,"enemies":"Donu and Deca","floor":50,"turns":7}],"seed_played":"1345192247274538574","potions_obtained":[{"floor":1.0,"key":"PowerPotion"},{"floor":7.0,"key":"Strength Potion"},{"floor":11.0,"key":"Explosive Potion"},{"floor":14.0,"key":"Fruit Juice"},{"floor":24.0,"key":"EssenceOfSteel"},{"floor":27.0,"key":"SteroidPotion"},{"floor":30.0,"key":"FearPotion"},{"floor":31.0,"key":"Fruit Juice"},{"floor":36.0,"key":"EntropicBrew"},{"floor":38.0,"key":"GamblersBrew"},{"floor":45.0,"key":"FairyPotion"},{"floor":48.0,"key":"PowerPotion"}],"is_trial":false,"path_per_floor":["M","?","M","?","$","R","?","M","T","M","E","M","M","M","R","B",null,"M","M","$","?","?","R","E","R","T","M","R","?","M","E","R","B",null,"M","?","?","M","$","R","E","?","T","?","E","M","$","M","R","B",null],"character_chosen":"IRONCLAD","items_purchased":["Oddly Smooth Stone","HandOfGreed","Potion Belt","Bandage Up","Perfected Strike+1","Impervious","Lantern"],"campfire_rested":4,"item_purchase_floors":[5,20,20,20,39,47,47],"current_hp_per_floor":[80,64,64,64,64,64,64,64,64,64,35,35,29,34,59,47,85,85,73,73,73,67,67,22,47,47,35,60,60,50,32,32,2,90,80,64,64,62,62,62,12,12,12,90,86,48,48,44,86,26],"gold":62,"neow_bonus":"BOSS_RELIC","is_prod":false,"is_daily":false,"chose_seed":false,"campfire_upgraded":4,"win_rate":0.0,"timestamp":1548682818,"path_taken":["M","?","M","?","$","R","?","M","T","?","E","?","M","M","R","BOSS","M","M","$","?","?","R","E","R","T","M","R","?","M","E","R","BOSS","M","?","?","?","$","R","E","?","T","?","E","M","$","M","R","BOSS"],"build_version":"2019-01-23","purchased_purges":3,"victory":true,"max_hp_per_floor":[80,80,80,80,80,80,80,80,80,80,80,80,80,85,85,85,85,85,85,85,85,85,85,85,85,85,85,85,85,85,85,85,90,90,90,90,90,90,90,90,90,90,90,90,90,90,90,90,90,90],"card_choices":[{"not_picked":[],"picked":"Rage","floor":1.0},{"not_picked":[],"picked":"Thunderclap","floor":3.0},{"not_picked":[],"picked":"Clash","floor":7.0},{"not_picked":["Clothesline"],"picked":"SKIP","floor":8.0},{"not_picked":["Intimidate"],"picked":"SKIP","floor":10.0},{"not_picked":[],"picked":"Sever Soul","floor":11.0},{"not_picked":[],"picked":"Thunderclap","floor":12.0},{"not_picked":[],"picked":"Flex","floor":13.0},{"not_picked":["Power Through"],"picked":"SKIP","floor":14.0},{"not_picked":[],"picked":"Limit Break","floor":16.0},{"not_picked":["Warcry"],"picked":"SKIP","floor":18.0},{"not_picked":["Intimidate"],"picked":"SKIP","floor":19.0},{"not_picked":[],"picked":"Iron Wave","floor":24.0},{"not_picked":[],"picked":"Headbutt","floor":27.0},{"not_picked":[],"picked":"Clash+1","floor":30.0},{"not_picked":[],"picked":"Pommel Strike+1","floor":31.0},{"not_picked":[],"picked":"Exhume","floor":33.0},{"not_picked":["Anger+1"],"picked":"SKIP","floor":35.0},{"not_picked":[],"picked":"Perfected Strike+1","floor":36.0},{"not_picked":["Headbutt+1"],"picked":"SKIP","floor":38.0},{"not_picked":[],"picked":"Warcry","floor":41.0},{"not_picked":[],"picked":"Searing Blow+1","floor":45.0},{"not_picked":[],"picked":"Perfected Strike+1","floor":46.0},{"not_picked":["Pommel Strike+1"],"picked":"SKIP","floor":48.0}],"player_experience":33415,"relics_obtained":[{"floor":7.0,"key":"Old Coin"},{"floor":9.0,"key":"Magic Flower"},{"floor":11.0,"key":"Centennial Puzzle"},{"floor":24.0,"key":"Bottled Flame"},{"floor":24.0,"key":"Gremlin Horn"},{"floor":26.0,"key":"Vajra"},{"floor":31.0,"key":"Bronze Scales"},{"floor":31.0,"key":"Molten Egg 2"},{"floor":36.0,"key":"FossilizedHelix"},{"floor":41.0,"key":"StoneCalendar"},{"floor":41.0,"key":"PreservedInsect"},{"floor":43.0,"key":"Nunchaku"},{"floor":45.0,"key":"Regal Pillow"},{"floor":45.0,"key":"Bottled Lightning"}],"event_choices":[{"damage_healed":0.0,"max_hp_gain":0.0,"max_hp_loss":0.0,"gold_gain":0.0,"event_name":"Shining Light","player_choice":"Entered Light","floor":2.0,"gold_loss":0.0,"damage_taken":16.0,"cards_upgraded":["Bash","Strike_R"]},{"damage_healed":0.0,"max_hp_gain":0.0,"max_hp_loss":0.0,"gold_gain":175.0,"event_name":"Liars Game","player_choice":"AGREE","floor":4.0,"gold_loss":0.0,"damage_taken":0.0,"cards_obtained":["Doubt"]},{"damage_healed":0.0,"max_hp_gain":0.0,"max_hp_loss":0.0,"gold_gain":0.0,"event_name":"Dead Adventurer","player_choice":"Searched \u00271\u0027 times","floor":7.0,"gold_loss":0.0,"damage_taken":0.0},{"cards_removed":["Defend_R"],"damage_healed":0.0,"max_hp_gain":0.0,"max_hp_loss":0.0,"gold_gain":0.0,"event_name":"Beggar","player_choice":"Gave Gold","floor":21.0,"gold_loss":75.0,"damage_taken":0.0},{"damage_healed":0.0,"max_hp_gain":0.0,"max_hp_loss":0.0,"gold_gain":0.0,"event_name":"Nest","player_choice":"Joined the Cult","floor":22.0,"gold_loss":0.0,"damage_taken":6.0,"cards_obtained":["RitualDagger"]},{"damage_healed":0.0,"max_hp_gain":0.0,"max_hp_loss":0.0,"gold_gain":0.0,"event_name":"Drug Dealer","player_choice":"Obtain J.A.X.","floor":29.0,"gold_loss":0.0,"damage_taken":0.0,"cards_obtained":["J.A.X."]},{"damage_healed":0.0,"max_hp_gain":0.0,"max_hp_loss":0.0,"gold_gain":0.0,"event_name":"Mysterious Sphere","player_choice":"Fight","floor":36.0,"gold_loss":0.0,"damage_taken":0.0},{"cards_removed":["Iron Wave"],"damage_healed":0.0,"max_hp_gain":0.0,"max_hp_loss":0.0,"gold_gain":0.0,"event_name":"Designer","player_choice":"Upgrade and Remove","floor":37.0,"gold_loss":90.0,"damage_taken":0.0,"cards_upgraded":["Headbutt"]},{"cards_removed":["Defend_R"],"damage_healed":0.0,"max_hp_gain":0.0,"max_hp_loss":0.0,"gold_gain":0.0,"event_name":"Falling","player_choice":"Removed Skill","floor":42.0,"gold_loss":0.0,"damage_taken":0.0},{"damage_healed":78.0,"max_hp_gain":0.0,"max_hp_loss":0.0,"gold_gain":0.0,"event_name":"MindBloom","player_choice":"Heal","floor":44.0,"gold_loss":0.0,"damage_taken":0.0,"cards_obtained":["Doubt"]}],"is_beta":false,"boss_relics":[{"not_picked":["Coffee Dripper","Tiny House"],"picked":"Black Star"},{"not_picked":["White Beast Statue","Orrery"],"picked":"Runic Cube"}],"items_purged_floors":[5,20,39],"is_endless":false,"potions_floor_spawned":[1,7,11,14,24,27,30,31,36,38,45,48],"ascension_level":0}