{"gold_per_floor":[11,11,28,47,17,17,52,67,91,139,167,167,181,196,196,196],"floor_reached":16,"playtime":1425,"items_purged":[],"score":112,"play_id":"6944c22f-ade4-4403-8dd0-3d52b973d939","local_time":"20190314213621","is_ascension_mode":false,"campfire_choices":[{"data":"Thunderclap","floor":6,"key":"SMITH"},{"floor":12,"key":"REST"},{"floor":15,"key":"REST"}],"neow_cost":"NO_GOLD","seed_source_timestamp":5611074535998,"circlet_count":0,"master_deck":["Strike_R","Strike_R","Strike_R","Strike_R","Strike_R","Defend_R","Defend_R","Defend_R+1","Defend_R+1","Bash","Ghostly Armor","Sword Boomerang","Thunderclap+1","Flex","Clothesline","Spot Weakness","Iron Wave","Cleave","Cleave","Thunderclap"],"relics":["Burning Blood","Bird Faced Urn","War Paint","Dream Catcher","PreservedInsect","Lantern"],"potions_floor_usage":[7,8,16],"damage_taken":[{"damage":1,"enemies":"Jaw Worm","floor":1,"turns":5},{"damage":0,"enemies":"Cultist","floor":3,"turns":4},{"damage":0,"enemies":"2 Louse","floor":4,"turns":4},{"damage":67,"enemies":"Lagavulin","floor":7,"turns":11},{"damage":8,"enemies":"Exordium Wildlife","floor":8,"turns":5},{"damage":8,"enemies":"Gremlin Nob","floor":11,"turns":4},{"damage":29,"enemies":"Gremlin Gang","floor":13,"turns":5},{"damage":9,"enemies":"Blue Slaver","floor":14,"turns":2},{"damage":39,"enemies":"Slime Boss","floor":16,"turns":10}],"seed_played":"-4168370253978943334","potions_obtained":[{"floor":4,"key":"LiquidBronze"},{"floor":7,"key":"AttackPotion"},{"floor":11,"key":"Dexterity Potion"}],"is_trial":false,"path_per_floor":["M","?","M","M","?","R","E","M","T","T","E","R","M","M","R","B"],"character_chosen":"IRONCLAD","items_purchased":[],"campfire_rested":2,"item_purchase_floors":[],"current_hp_per_floor":[80,72,78,80,80,80,19,17,17,17,15,39,16,13,37,0],"gold":196,"neow_bonus":"ONE_RARE_RELIC","is_prod":false,"is_daily":false,"chose_seed":false,"campfire_upgraded":1,"win_rate":0.0,"timestamp":1552599381,"path_taken":["M","?","M","?","?","R","E","M","T","?","E","R","M","M","R","BOSS"],"build_version":"2019-01-23","purchased_purges":0,"victory":false,"max_hp_per_floor":[80,80,80,80,80,80,80,80,80,80,80,80,80,80,80,80],"card_choices":[{"not_picked":["Perfected Strike","Reckless Charge"],"picked":"Ghostly Armor","floor":1},{"not_picked":["Disarm","Wild Strike"],"picked":"Sword Boomerang","floor":3},{"not_picked":["Heavy Blade","Clothesline"],"picked":"Thunderclap","floor":4},{"not_picked":["Power Through","Battle Trance"],"picked":"Flex","floor":7},{"not_picked":["Headbutt","Twin Strike"],"picked":"Clothesline","floor":8},{"not_picked":["Thunderclap","Ghostly Armor"],"picked":"Spot Weakness","floor":11},{"not_picked":["Pommel Strike","Bludgeon"],"picked":"Iron Wave","floor":12},{"not_picked":["Heavy Blade","Clash"],"picked":"Cleave","floor":13},{"not_picked":["Twin Strike","Power Through"],"picked":"Cleave","floor":14},{"not_picked":["Wild Strike","Perfected Strike"],"picked":"Thunderclap","floor":15}],"player_experience":13896,"relics_obtained":[{"floor":7,"key":"War Paint"},{"floor":9,"key":"Dream Catcher"},{"floor":10,"key":"PreservedInsect"},{"floor":11,"key":"Lantern"}],"event_choices":[{"damage_healed":0,"gold_gain":0,"player_choice":"Damaged","damage_taken":8,"max_hp_gain":0,"max_hp_loss":0,"event_name":"Wheel of Change","floor":2,"gold_loss":0},{"damage_healed":0,"gold_gain":0,"player_choice":"Left Gold","damage_taken":0,"max_hp_gain":0,"max_hp_loss":0,"event_name":"World of Goop","floor":5,"gold_loss":30}],"is_beta":false,"boss_relics":[],"items_purged_floors":[],"is_endless":false,"potions_floor_spawned":[4,7,11],"killed_by":"Slime Boss","ascension_level":0}