{"gold_per_floor":[213,233,68,68,82,82,111,111,111,144,155,155,176,189,189,289,289,309,224,109,109,126,126],"floor_reached":23,"playtime":1841,"items_purged":["Regret"],"score":269,"play_id":"3b43d362-8aa8-4a38-9815-75956ae651d6","local_time":"20190108231252","is_ascension_mode":true,"campfire_choices":[{"data":"Chrysalis","floor":6,"key":"SMITH"},{"floor":8,"key":"REST"},{"floor":12,"key":"REST"},{"floor":15,"key":"REST"}],"neow_cost":"NONE","seed_source_timestamp":16424273106410,"circlet_count":0,"master_deck":["Defend_G","Defend_G","Defend_G","Defend_G","Defend_G","Survivor","Neutralize","Backflip","All Out Attack","Chrysalis+1","Footwork","Choke","Footwork","Backflip","Reflex","Calculated Gamble","Corpse Explosion","Calculated Gamble+1","Riddle With Holes+1","Choke+1","Leg Sweep","Footwork","Setup","Predator","Dagger Throw+1"],"relics":["Ring of the Snake","Torii","Sundial","Nunchaku","Happy Flower","Odd Mushroom","Astrolabe","Blood Vial"],"potions_floor_usage":[16,18,18,22,23],"damage_taken":[{"damage":0,"enemies":"Jaw Worm","floor":1,"turns":6},{"damage":1,"enemies":"2 Louse","floor":2,"turns":3},{"damage":1,"enemies":"Small Slimes","floor":5,"turns":4},{"damage":46,"enemies":"Gremlin Nob","floor":7,"turns":5},{"damage":13,"enemies":"Lagavulin","floor":10,"turns":8},{"damage":7,"enemies":"3 Louse","floor":11,"turns":4},{"damage":9,"enemies":"The Mushroom Lair","floor":13,"turns":4},{"damage":3,"enemies":"Looter","floor":14,"turns":5},{"damage":38,"enemies":"The Guardian","floor":16,"turns":12},{"damage":1,"enemies":"2 Thieves","floor":18,"turns":2},{"damage":25,"enemies":"Spheric Guardian","floor":22,"turns":7},{"damage":39,"enemies":"Slavers","floor":23,"turns":2}],"seed_played":"-4420862607223754907","potions_obtained":[{"floor":5,"key":"Dexterity Potion"},{"floor":11,"key":"Ancient Potion"},{"floor":14,"key":"AttackPotion"},{"floor":16,"key":"Energy Potion"},{"floor":18,"key":"Poison Potion"},{"floor":22,"key":"EssenceOfSteel"}],"is_trial":false,"path_per_floor":["M","M","$","?","M","R","E","R","T","E","M","R","?","M","R","B",null,"M","?","$","?","M","E"],"character_chosen":"THE_SILENT","items_purchased":["Chrysalis","Footwork"],"campfire_rested":3,"item_purchase_floors":[3,20],"current_hp_per_floor":[63,62,62,62,61,61,15,36,36,23,16,37,28,25,46,8,55,54,54,54,54,31,0],"gold":126,"neow_bonus":"HUNDRED_GOLD","is_prod":false,"is_daily":false,"chose_seed":false,"campfire_upgraded":1,"win_rate":0,"timestamp":1547017972,"path_taken":["M","M","$","?","M","R","E","R","T","E","M","R","?","M","R","BOSS","M","?","$","?","M","E"],"build_version":"2019-01-03v4","purchased_purges":1,"victory":false,"max_hp_per_floor":[70,70,70,70,70,70,70,70,70,70,70,70,70,70,70,70,70,70,70,70,70,70,70],"card_choices":[{"not_picked":["Dagger Throw","Flechettes"],"picked":"Backflip","floor":1},{"not_picked":["Flying Knee","Setup"],"picked":"All Out Attack","floor":2},{"not_picked":["Distraction","Well Laid Plans"],"picked":"Footwork","floor":5},{"not_picked":["Skewer","PiercingWail"],"picked":"Choke","floor":7},{"not_picked":["Predator","Backflip"],"picked":"Footwork","floor":10},{"not_picked":["Slice","Dagger Throw"],"picked":"Backflip","floor":11},{"not_picked":["Deadly Poison","Flying Knee"],"picked":"Reflex","floor":13},{"not_picked":["Prepared","Bane"],"picked":"Calculated Gamble","floor":14},{"not_picked":["Venomology","Doppelganger"],"picked":"Corpse Explosion","floor":16},{"not_picked":["Poisoned Stab","All Out Attack"],"picked":"Leg Sweep","floor":18},{"not_picked":["Deadly Poison","Expertise"],"picked":"Dagger Throw+1","floor":22}],"player_experience":221600,"relics_obtained":[{"floor":7,"key":"Sundial"},{"floor":9,"key":"Nunchaku"},{"floor":10,"key":"Happy Flower"},{"floor":13,"key":"Odd Mushroom"}],"event_choices":[{"damage_healed":0,"gold_gain":0,"player_choice":"Box","damage_taken":0,"relics_obtained":["Torii"],"max_hp_gain":0,"max_hp_loss":0,"event_name":"Big Fish","floor":4,"gold_loss":0,"cards_obtained":["Regret"]},{"damage_healed":0,"gold_gain":0,"player_choice":"Fought Mushrooms","damage_taken":0,"max_hp_gain":0,"max_hp_loss":0,"event_name":"Mushrooms","floor":13,"gold_loss":0},{"damage_healed":0,"gold_gain":0,"player_choice":"Obtained Relic","damage_taken":0,"relics_obtained":["Blood Vial"],"max_hp_gain":0,"max_hp_loss":0,"event_name":"Addict","floor":19,"gold_loss":85},{"damage_healed":0,"gold_gain":0,"cards_transformed":["Strike_G","Strike_G"],"player_choice":"Became Test Subject","damage_taken":0,"max_hp_gain":0,"max_hp_loss":0,"event_name":"Drug Dealer","floor":21,"gold_loss":0,"cards_obtained":["Setup","Predator"]}],"is_beta":false,"boss_relics":[{"not_picked":["Empty Cage","Cursed Key"],"picked":"Astrolabe"}],"items_purged_floors":[20],"is_endless":false,"potions_floor_spawned":[5,11,14,16,18,22],"killed_by":"Slavers","ascension_level":7}