{"gold_per_floor":[210,228,7,25,44,44,44,44,44,44,60,91,103,161,161,161],"floor_reached":16,"playtime":842,"items_purged":[],"score":274,"play_id":"dbab2b61-2cba-4b1d-bcfc-9d56f392da4f","local_time":"20190315194545","is_ascension_mode":true,"campfire_choices":[{"data":"Whirlwind","floor":6,"key":"SMITH"},{"data":"Thunderclap","floor":8,"key":"SMITH"},{"floor":10,"key":"REST"},{"data":"Flex","floor":15,"key":"SMITH"}],"neow_cost":"NONE","seed_source_timestamp":174092683764436,"circlet_count":0,"master_deck":["AscendersBane","Strike_R","Strike_R","Strike_R","Strike_R","Strike_R+1","Defend_R","Defend_R","Defend_R","Defend_R","Bash","Thunderclap+1","Whirlwind+1","Dropkick+1","Shockwave","Sentinel","Flex+1","Power Through","Dropkick"],"relics":["Burning Blood","Sling","Sundial","Meat on the Bone","Whetstone","Tiny Chest"],"potions_floor_usage":[12,16,16],"damage_taken":[{"damage":2,"enemies":"Cultist","floor":1,"turns":4},{"damage":24,"enemies":"Small Slimes","floor":2,"turns":4},{"damage":14,"enemies":"Jaw Worm","floor":4,"turns":4},{"damage":6,"enemies":"3 Louse","floor":5,"turns":2},{"damage":18,"enemies":"Large Slime","floor":11,"turns":4},{"damage":15,"enemies":"Lagavulin","floor":12,"turns":3},{"damage":11,"enemies":"Looter","floor":13,"turns":2},{"damage":0,"enemies":"Gremlin Nob","floor":14,"turns":3},{"damage":55,"enemies":"The Guardian","floor":16,"turns":10}],"seed_played":"-6723793624626873727","potions_obtained":[{"floor":2,"key":"LiquidBronze"},{"floor":11,"key":"Fire Potion"},{"floor":14,"key":"PowerPotion"}],"is_trial":false,"path_per_floor":["M","M","$","M","M","R","?","R","T","R","M","E","M","E","R","B"],"character_chosen":"IRONCLAD","items_purchased":["Sling"],"campfire_rested":1,"item_purchase_floors":[3],"current_hp_per_floor":[72,54,54,46,46,46,41,41,41,63,51,54,49,55,55,0],"gold":161,"neow_bonus":"HUNDRED_GOLD","is_prod":false,"is_daily":false,"chose_seed":false,"campfire_upgraded":3,"win_rate":0,"timestamp":1552700745,"path_taken":["M","M","$","M","?","R","?","R","T","R","M","E","M","E","R","BOSS"],"build_version":"2019-01-23","purchased_purges":0,"victory":false,"max_hp_per_floor":[75,75,75,75,75,75,75,75,75,75,75,75,75,75,75,75],"card_choices":[{"not_picked":["Armaments","Havoc"],"picked":"Thunderclap","floor":1},{"not_picked":["Iron Wave","Pommel Strike"],"picked":"Whirlwind","floor":2},{"not_picked":["Sword Boomerang","Havoc"],"picked":"Dropkick","floor":4},{"not_picked":["Rupture","Warcry"],"picked":"Shockwave","floor":5},{"not_picked":["Sword Boomerang","Dual Wield"],"picked":"Sentinel","floor":11},{"not_picked":["Armaments","Demon Form"],"picked":"Flex","floor":12},{"not_picked":["Twin Strike","Anger"],"picked":"Power Through","floor":13},{"not_picked":["Body Slam","Uppercut"],"picked":"Dropkick","floor":14}],"player_experience":1437445,"relics_obtained":[{"floor":9,"key":"Meat on the Bone"},{"floor":12,"key":"Whetstone"},{"floor":14,"key":"Tiny Chest"}],"event_choices":[{"damage_healed":0,"gold_gain":0,"player_choice":"Success","damage_taken":5,"relics_obtained":["Sundial"],"max_hp_gain":0,"max_hp_loss":0,"event_name":"Scrap Ooze","floor":7,"gold_loss":0}],"is_beta":false,"boss_relics":[],"items_purged_floors":[],"is_endless":false,"potions_floor_spawned":[2,11,14],"killed_by":"The Guardian","ascension_level":20}