{"gold_per_floor":[363,363,184,184,184,184,222,222,273,316,316,316],"floor_reached":12,"playtime":309,"items_purged":["Strike_B"],"score":86,"play_id":"492dcb09-1929-4560-bdbe-760e03f111db","local_time":"20190305083105","is_ascension_mode":true,"campfire_choices":[{"data":"Dualcast","floor":6,"key":"SMITH"},{"floor":8,"key":"REST"},{"floor":11,"key":"REST"}],"neow_cost":"TEN_PERCENT_HP_LOSS","seed_source_timestamp":1354093724897887,"circlet_count":0,"master_deck":["Strike_B","Strike_B","Defend_B","Defend_B","Defend_B","Defend_B","Zap","Dualcast+1","Conserve Battery","Capacitor"],"relics":["Cracked Core","Bag of Preparation","Golden Idol","Odd Mushroom","Smiling Mask","DataDisk"],"potions_floor_usage":[12],"damage_taken":[{"damage":2,"enemies":"2 Louse","floor":1,"turns":2},{"damage":16,"enemies":"The Mushroom Lair","floor":7,"turns":4},{"damage":39,"enemies":"Lagavulin","floor":10,"turns":9},{"damage":37,"enemies":"3 Sentries","floor":12,"turns":6}],"seed_played":"-5658254278611838540","potions_obtained":[{"floor":1,"key":"EssenceOfSteel"}],"is_trial":false,"path_per_floor":["M","?","$","?","?","R","?","R","T","E","R","?"],"character_chosen":"DEFECT","items_purchased":["FairyPotion"],"campfire_rested":2,"item_purchase_floors":[3],"current_hp_per_floor":[66,59,59,47,47,47,31,49,49,10,28,0],"gold":316,"neow_bonus":"TWO_FIFTY_GOLD","is_prod":false,"is_daily":false,"chose_seed":false,"campfire_upgraded":1,"win_rate":0,"timestamp":1551792665,"path_taken":["M","?","$","?","?","R","?","R","T","E","R","?"],"build_version":"2019-01-23","purchased_purges":1,"victory":false,"max_hp_per_floor":[68,68,68,68,63,63,63,63,63,63,63,63],"card_choices":[{"not_picked":["Sweeping Beam","Rip and Tear"],"picked":"Conserve Battery","floor":1},{"not_picked":["Doom and Gloom","Aggregate"],"picked":"Capacitor","floor":7},{"not_picked":["Barrage","Redo","Genetic Algorithm"],"picked":"SKIP","floor":10}],"player_experience":237175,"relics_obtained":[{"floor":7,"key":"Odd Mushroom"},{"floor":9,"key":"Smiling Mask"},{"floor":10,"key":"DataDisk"}],"event_choices":[{"cards_removed":["Strike_B"],"damage_healed":0,"gold_gain":0,"player_choice":"Card Removal","damage_taken":7,"max_hp_gain":0,"max_hp_loss":0,"event_name":"Golden Wing","floor":2,"gold_loss":0},{"damage_healed":0,"gold_gain":0,"player_choice":"Success","damage_taken":12,"relics_obtained":["Bag of Preparation"],"max_hp_gain":0,"max_hp_loss":0,"event_name":"Scrap Ooze","floor":4,"gold_loss":0},{"damage_healed":0,"gold_gain":0,"player_choice":"Lose Max HP","damage_taken":0,"relics_obtained":["Golden Idol"],"max_hp_gain":0,"max_hp_loss":5,"event_name":"Golden Idol","floor":5,"gold_loss":0},{"damage_healed":0,"gold_gain":0,"player_choice":"Fought Mushrooms","damage_taken":0,"max_hp_gain":0,"max_hp_loss":0,"event_name":"Mushrooms","floor":7,"gold_loss":0},{"damage_healed":0,"gold_gain":0,"player_choice":"Searched \u00271\u0027 times","damage_taken":0,"max_hp_gain":0,"max_hp_loss":0,"event_name":"Dead Adventurer","floor":12,"gold_loss":0}],"is_beta":false,"boss_relics":[],"items_purged_floors":[3],"is_endless":false,"potions_floor_spawned":[1],"killed_by":"3 Sentries","ascension_level":4}