{"gold_per_floor":[212,223,243,256,275,288,288,308,308,323,323,175,194,194,194,297,297,312,325,240,240,258,290,72,72,124,124,135,167,182,199,199,298,298,315,144,244,244,261,261,291,311,334,334,116,116,116,86,86,86],"floor_reached":51,"playtime":5986,"items_purged":["Defend_B","Strike_B","Defend_B","Strike_B"],"score":686,"play_id":"bfe7a835-e8d7-4543-801d-98c51af05931","local_time":"20190129213221","is_ascension_mode":false,"campfire_choices":[{"data":"Glacier","floor":7,"key":"SMITH"},{"data":"Streamline","floor":11,"key":"SMITH"},{"data":"Chaos","floor":15,"key":"SMITH"},{"data":"Defragment","floor":27,"key":"SMITH"},{"data":"Storm","floor":32,"key":"SMITH"},{"data":"Defragment","floor":40,"key":"SMITH"},{"data":"Loop","floor":44,"key":"SMITH"},{"data":"Seek","floor":47,"key":"SMITH"},{"data":"Chaos","floor":49,"key":"SMITH"}],"neow_cost":"NONE","seed_source_timestamp":1587401053806668,"circlet_count":0,"master_deck":["Defend_B+1","Defend_B","Zap","Dualcast","Gash","Rebound","Glacier+1","Self Repair+1","Glacier","Coolheaded","Tempest","Streamline+1","Defragment+1","Chaos+1","Seek+1","Blizzard+1","Chaos+1","Blizzard","Chill+1","Defragment+1","Cold Snap","Necronomicurse","Genetic Algorithm","Storm+1","Biased Cognition","Echo Form","Redo","Chill","Streamline+1","Loop+1","Amplify","Coolheaded+1","Coolheaded+1","Loop+1"],"relics":["Cracked Core","Darkstone Periapt","Philosopher\u0027s Stone","Pocketwatch","Blood Vial","Necronomicon","Boot","FossilizedHelix","Empty Cage","Prayer Wheel","Frozen Egg 2","Happy Flower"],"potions_floor_usage":[16,23,29,35,39,41,50],"damage_taken":[{"damage":2,"enemies":"Jaw Worm","floor":1,"turns":5},{"damage":0,"enemies":"Small Slimes","floor":2,"turns":3},{"damage":0,"enemies":"2 Louse","floor":3,"turns":2},{"damage":0,"enemies":"Blue Slaver","floor":4,"turns":5},{"damage":0,"enemies":"Exordium Wildlife","floor":5,"turns":3},{"damage":0,"enemies":"2 Fungi Beasts","floor":6,"turns":4},{"damage":7,"enemies":"Gremlin Gang","floor":8,"turns":4},{"damage":7,"enemies":"Exordium Thugs","floor":10,"turns":7},{"damage":15,"enemies":"Exordium Wildlife","floor":13,"turns":4},{"damage":23,"enemies":"Hexaghost","floor":16,"turns":11},{"damage":5,"enemies":"Spheric Guardian","floor":18,"turns":4},{"damage":13,"enemies":"Shell Parasite","floor":19,"turns":6},{"damage":9,"enemies":"Snake Plant","floor":22,"turns":4},{"damage":4,"enemies":"Book of Stabbing","floor":23,"turns":6},{"damage":17,"enemies":"Shelled Parasite and Fungi","floor":28,"turns":5},{"damage":0,"enemies":"Slavers","floor":29,"turns":3},{"damage":0,"enemies":"Cultist and Chosen","floor":30,"turns":6},{"damage":0,"enemies":"Snecko","floor":31,"turns":3},{"damage":8,"enemies":"Champ","floor":33,"turns":9},{"damage":0,"enemies":"3 Shapes","floor":35,"turns":2},{"damage":2,"enemies":"Mind Bloom Boss Battle","floor":37,"turns":7},{"damage":2,"enemies":"3 Darklings","floor":39,"turns":5},{"damage":10,"enemies":"Reptomancer","floor":41,"turns":5},{"damage":0,"enemies":"Spire Growth","floor":42,"turns":4},{"damage":15,"enemies":"Time Eater","floor":50,"turns":7}],"seed_played":"-5842858737825495245","potions_obtained":[{"floor":2,"key":"Fire Potion"},{"floor":4,"key":"GamblersBrew"},{"floor":5,"key":"Fire Potion"},{"floor":10,"key":"FocusPotion"},{"floor":19,"key":"Swift Potion"},{"floor":28,"key":"Weak Potion"},{"floor":31,"key":"LiquidBronze"},{"floor":37,"key":"LiquidBronze"},{"floor":41,"key":"Poison Potion"},{"floor":42,"key":"Dexterity Potion"},{"floor":48,"key":"SmokeBomb"},{"floor":48,"key":"GamblersBrew"}],"is_trial":false,"path_per_floor":["M","M","M","M","M","M","R","M","T","M","R","$","M","?","R","B",null,"M","M","?","?","M","E","$","?","T","R","M","E","M","M","R","B",null,"M","$","?","?","M","R","E","M","T","R","$","?","R","?","R","B",null],"character_chosen":"DEFECT","items_purchased":["Defragment","Defragment","Cold Snap","Redo","Loop+1"],"campfire_rested":0,"item_purchase_floors":[12,24,24,36,45],"current_hp_per_floor":[73,73,73,73,75,75,75,75,75,75,75,75,67,52,52,39,75,75,72,72,72,73,75,75,65,65,65,60,62,74,76,76,80,81,81,81,81,81,79,79,81,81,81,81,81,81,81,81,81,76],"gold":86,"neow_bonus":"HUNDRED_GOLD","is_prod":false,"is_daily":false,"chose_seed":false,"campfire_upgraded":9,"win_rate":0.0,"timestamp":1548815541,"path_taken":["M","M","M","M","M","M","R","M","T","M","R","$","M","?","R","BOSS","M","M","?","?","M","E","$","?","T","R","M","E","M","M","R","BOSS","M","$","?","?","M","R","E","M","T","R","$","?","R","?","R","BOSS"],"build_version":"2019-01-23","purchased_purges":4,"victory":true,"max_hp_per_floor":[75,75,75,75,75,75,75,75,75,75,75,75,75,75,75,75,75,75,75,75,75,75,75,75,81,81,81,81,81,81,81,81,81,81,81,81,81,81,81,81,81,81,81,81,81,81,81,81,81,81],"card_choices":[{"not_picked":["Storm","Skim"],"picked":"Gash","floor":1},{"not_picked":["Fusion","Barrage"],"picked":"Rebound","floor":2},{"not_picked":["Compile Driver","Streamline"],"picked":"Glacier","floor":3},{"not_picked":["Hologram","Melter"],"picked":"Self Repair","floor":4},{"not_picked":["Ball Lightning","Compile Driver"],"picked":"Glacier","floor":5},{"not_picked":["Steam","Conserve Battery"],"picked":"Coolheaded","floor":6},{"not_picked":["Steam","Self Repair"],"picked":"Tempest","floor":8},{"not_picked":["Compile Driver","Steam"],"picked":"Streamline","floor":10},{"not_picked":["Creative AI","Leap"],"picked":"Chaos","floor":13},{"not_picked":["All For One","Meteor Strike"],"picked":"Seek","floor":16},{"not_picked":["Cold Snap","Turbo+1"],"picked":"Blizzard+1","floor":18},{"not_picked":["Stack+1","Heatsinks"],"picked":"Chaos","floor":19},{"not_picked":["Self Repair","Chaos+1"],"picked":"Chill+1","floor":22},{"not_picked":["All For One","Redo"],"picked":"Cold Snap","floor":23},{"not_picked":["Go for the Eyes","Streamline"],"picked":"Genetic Algorithm","floor":28},{"not_picked":["Consume","Go for the Eyes"],"picked":"Storm","floor":29},{"not_picked":["Static Discharge+1","Coolheaded+1"],"picked":"Biased Cognition","floor":30},{"not_picked":["Doom and Gloom","Steam Power","Lockon+1"],"picked":"SKIP","floor":31},{"not_picked":["Amplify","Meteor Strike"],"picked":"Echo Form","floor":33},{"not_picked":["Stack","Compile Driver","Gash"],"picked":"SKIP","floor":35},{"not_picked":["Steam","Beam Cell"],"picked":"Chill","floor":37},{"not_picked":["Steam+1","Ball Lightning"],"picked":"Streamline+1","floor":39},{"not_picked":["Double Energy+1","Beam Cell+1"],"picked":"Loop","floor":39},{"not_picked":["Barrage","Gash"],"picked":"Amplify","floor":41},{"not_picked":["Rebound+1","Compile Driver"],"picked":"Coolheaded+1","floor":42},{"not_picked":["Beam Cell","Cold Snap"],"picked":"Coolheaded+1","floor":42}],"player_experience":77466,"relics_obtained":[{"floor":9,"key":"Darkstone Periapt"},{"floor":23,"key":"Blood Vial"},{"floor":25,"key":"Necronomicon"},{"floor":26,"key":"Boot"},{"floor":29,"key":"FossilizedHelix"},{"floor":37,"key":"Prayer Wheel"},{"floor":41,"key":"Frozen Egg 2"},{"floor":43,"key":"Happy Flower"}],"event_choices":[{"damage_healed":0,"gold_gain":0,"player_choice":"Entered Light","damage_taken":15,"max_hp_gain":0,"max_hp_loss":0,"event_name":"Shining Light","floor":14,"gold_loss":0,"cards_upgraded":["Defend_B","Self Repair"]},{"damage_healed":0,"gold_gain":0,"player_choice":"Obtained Relic","damage_taken":0,"relics_obtained":["Pocketwatch"],"max_hp_gain":0,"max_hp_loss":0,"event_name":"Addict","floor":20,"gold_loss":85},{"damage_healed":0,"gold_gain":0,"player_choice":"Read","damage_taken":0,"max_hp_gain":0,"max_hp_loss":0,"event_name":"The Library","floor":21,"gold_loss":0,"cards_obtained":["Blizzard"]},{"damage_healed":0,"gold_gain":0,"player_choice":"Obtained Book","damage_taken":16,"max_hp_gain":0,"max_hp_loss":0,"event_name":"Cursed Tome","floor":25,"gold_loss":0},{"damage_healed":0,"gold_gain":0,"player_choice":"Fight","damage_taken":0,"max_hp_gain":0,"max_hp_loss":0,"event_name":"MindBloom","floor":37,"gold_loss":0},{"cards_removed":["Cold Snap"],"damage_healed":0,"gold_gain":0,"player_choice":"Removed Attack","damage_taken":0,"max_hp_gain":0,"max_hp_loss":0,"event_name":"Falling","floor":38,"gold_loss":0},{"damage_healed":0,"gold_gain":0,"player_choice":"Memory 1","damage_taken":0,"max_hp_gain":0,"max_hp_loss":0,"event_name":"SensoryStone","floor":46,"gold_loss":0},{"damage_healed":0,"gold_gain":0,"player_choice":"Bought 2 Potions","damage_taken":0,"max_hp_gain":0,"max_hp_loss":0,"event_name":"The Woman in Blue","floor":48,"gold_loss":0}],"is_beta":false,"boss_relics":[{"not_picked":["Fusion Hammer","Runic Pyramid"],"picked":"Philosopher\u0027s Stone"},{"not_picked":["White Beast Statue","Black Star"],"picked":"Empty Cage"}],"items_purged_floors":[12,24,36,45],"is_endless":false,"potions_floor_spawned":[2,4,5,10,19,28,31,37,41,42],"ascension_level":0}