{"gold_per_floor":[110,110,35,35,35,35,75,75,75,91,131,147,166,3,3,3],"floor_reached":16,"playtime":871,"items_purged":[],"score":216,"play_id":"3b0df5ee-c839-4b9b-8d6e-24c0f4b95afd","local_time":"20190313202958","is_ascension_mode":true,"campfire_choices":[{"data":"Blood for Blood","floor":6,"key":"SMITH"},{"floor":8,"key":"REST"},{"floor":15,"key":"REST"}],"neow_cost":"TEN_PERCENT_HP_LOSS","seed_source_timestamp":3913555967310,"circlet_count":0,"master_deck":["AscendersBane","Strike_R","Strike_R","Strike_R","Strike_R","Defend_R","Defend_R","Defend_R+1","Defend_R","Bash","Bandage Up+1","Purity","Blood for Blood+1","Injury","Evolve","True Grit","Power Through","Shrug It Off","Cleave"],"relics":["Burning Blood","Golden Idol","Incense Burner","Sundial","Omamori","War Paint"],"potions_floor_usage":[7,11,11,16,16],"damage_taken":[{"damage":3,"enemies":"2 Louse","floor":1,"turns":4},{"damage":55,"enemies":"3 Sentries","floor":7,"turns":10},{"damage":10,"enemies":"Small Slimes","floor":10,"turns":3},{"damage":30,"enemies":"Gremlin Nob","floor":11,"turns":5},{"damage":1,"enemies":"Cultist","floor":12,"turns":5},{"damage":9,"enemies":"Blue Slaver","floor":13,"turns":6},{"damage":63,"enemies":"Hexaghost","floor":16,"turns":9}],"seed_played":"-8345514423204942515","potions_obtained":[{"floor":5,"key":"Swift Potion"},{"floor":5,"key":"Energy Potion"},{"floor":10,"key":"Weak Potion"},{"floor":11,"key":"Dexterity Potion"},{"floor":12,"key":"SkillPotion"}],"is_trial":false,"path_per_floor":["M","?","?","$","?","R","E","R","T","M","E","M","M","$","R","B"],"character_chosen":"IRONCLAD","items_purchased":["War Paint"],"campfire_rested":2,"item_purchase_floors":[14],"current_hp_per_floor":[68,68,68,68,68,68,23,43,43,43,23,32,33,33,53,0],"gold":3,"neow_bonus":"RANDOM_COLORLESS_2","is_prod":false,"is_daily":false,"chose_seed":false,"campfire_upgraded":1,"win_rate":0,"timestamp":1552530598,"path_taken":["M","?","?","$","?","R","E","R","T","?","E","M","M","$","R","BOSS"],"build_version":"2019-01-23","purchased_purges":0,"victory":false,"max_hp_per_floor":[68,68,68,68,68,68,68,68,68,68,68,68,68,68,68,68],"card_choices":[{"not_picked":["Headbutt","Rage"],"picked":"Blood for Blood","floor":1},{"not_picked":["Searing Blow","Armaments"],"picked":"Evolve","floor":7},{"not_picked":["Searing Blow","Heavy Blade"],"picked":"True Grit","floor":10},{"not_picked":["Armaments","Clothesline"],"picked":"Power Through","floor":11},{"not_picked":["Metallicize","Seeing Red"],"picked":"Shrug It Off","floor":12},{"not_picked":["Anger","Wild Strike"],"picked":"Cleave","floor":13}],"player_experience":1423173,"relics_obtained":[{"floor":7,"key":"Incense Burner"},{"floor":9,"key":"Sundial"},{"floor":11,"key":"Omamori"}],"event_choices":[{"damage_healed":0,"gold_gain":0,"player_choice":"Take Wound","damage_taken":0,"relics_obtained":["Golden Idol"],"max_hp_gain":0,"max_hp_loss":0,"event_name":"Golden Idol","floor":2,"gold_loss":0,"cards_obtained":["Injury"]},{"cards_removed":["Strike_R"],"damage_healed":0,"gold_gain":0,"player_choice":"Card Removal","damage_taken":0,"max_hp_gain":0,"max_hp_loss":0,"event_name":"The Cleric","floor":3,"gold_loss":75},{"damage_healed":0,"gold_gain":0,"player_choice":"Got Potions","damage_taken":0,"max_hp_gain":0,"max_hp_loss":0,"event_name":"Lab","floor":5,"gold_loss":0}],"is_beta":false,"boss_relics":[],"items_purged_floors":[],"is_endless":false,"potions_floor_spawned":[10,11,12],"killed_by":"Hexaghost","ascension_level":20}