{"gold_per_floor":[109,109,34,34,34,34,45,45,45,72,92,11,30,47,47,47],"floor_reached":16,"playtime":782,"items_purged":["Defend_B"],"score":125,"play_id":"44d14a6c-7331-4b00-b986-1037fea0b3f2","local_time":"20190203103905","is_ascension_mode":false,"campfire_choices":[{"data":"BootSequence","floor":6,"key":"SMITH"},{"data":"Coolheaded","floor":8,"key":"SMITH"},{"data":"Conserve Battery","floor":15,"key":"SMITH"}],"neow_cost":"NONE","seed_source_timestamp":180787554276568,"circlet_count":0,"master_deck":["Strike_B","Strike_B","Strike_B","Strike_B","Defend_B","Defend_B","Zap","BootSequence+1","Coolheaded+1","Conserve Battery+1","All For One"],"relics":["Cracked Core","NeowsBlessing","Meat on the Bone"],"potions_floor_usage":[16],"damage_taken":[{"damage":0,"enemies":"Small Slimes","floor":1,"turns":1},{"damage":0,"enemies":"2 Louse","floor":7,"turns":1},{"damage":0,"enemies":"Lagavulin","floor":10,"turns":1},{"damage":0,"enemies":"Jaw Worm","floor":11,"turns":4},{"damage":0,"enemies":"Red Slaver","floor":13,"turns":4},{"damage":3,"enemies":"Large Slime","floor":14,"turns":8},{"damage":67,"enemies":"Hexaghost","floor":16,"turns":14}],"seed_played":"3371486354347914367","potions_obtained":[{"floor":1,"key":"SteroidPotion"},{"floor":13,"key":"EssenceOfSteel"}],"is_trial":false,"path_per_floor":["M","?","$","?","$","R","M","R","T","E","M","$","M","M","R","B"],"character_chosen":"DEFECT","items_purchased":["All For One"],"campfire_rested":0,"item_purchase_floors":[12],"current_hp_per_floor":[75,68,68,68,68,68,68,68,68,68,68,68,68,65,65,0],"gold":47,"neow_bonus":"THREE_ENEMY_KILL","is_prod":false,"is_daily":false,"chose_seed":false,"campfire_upgraded":3,"win_rate":0,"timestamp":1549208345,"path_taken":["M","?","$","?","?","R","M","R","T","E","?","$","M","M","R","BOSS"],"build_version":"2019-01-23","purchased_purges":1,"victory":false,"max_hp_per_floor":[75,75,75,75,75,75,75,75,75,75,75,75,75,75,75,75],"card_choices":[{"not_picked":["Redo","Cold Snap"],"picked":"BootSequence","floor":1},{"not_picked":["Compile Driver","Beam Cell"],"picked":"Coolheaded","floor":7},{"not_picked":["Ball Lightning","Reinforced Body","Redo"],"picked":"SKIP","floor":10},{"not_picked":["Barrage","Leap"],"picked":"Conserve Battery","floor":11},{"not_picked":["Rebound","Echo Form","Stack"],"picked":"SKIP","floor":13},{"not_picked":["Cold Snap","Recycle","Consume"],"picked":"SKIP","floor":14}],"player_experience":136911,"relics_obtained":[{"floor":10,"key":"Meat on the Bone"}],"event_choices":[{"cards_removed":["Dualcast"],"damage_healed":0,"gold_gain":0,"player_choice":"Card Removal","damage_taken":7,"max_hp_gain":0,"max_hp_loss":0,"event_name":"Golden Wing","floor":2,"gold_loss":0},{"cards_removed":["Defend_B"],"damage_healed":0,"gold_gain":0,"player_choice":"Forget","damage_taken":0,"max_hp_gain":0,"max_hp_loss":0,"event_name":"Living Wall","floor":4,"gold_loss":0}],"is_beta":false,"boss_relics":[],"items_purged_floors":[3],"is_endless":false,"potions_floor_spawned":[1,13],"killed_by":"Hexaghost","ascension_level":0}