{"gold_per_floor":[112,132,151,201,211,211,225,258,343,367,379,42,53,71,71,147,147,158,117,117,132,132],"floor_reached":22,"playtime":2048,"items_purged":["Strike_R"],"score":384,"play_id":"7977622d-b079-4b51-842d-cd6657bcef2c","local_time":"20190316213451","is_ascension_mode":true,"campfire_choices":[{"data":"Twin Strike","floor":6,"key":"SMITH"},{"data":"Armaments","floor":11,"key":"SMITH"},{"floor":15,"key":"REST"}],"neow_cost":"TEN_PERCENT_HP_LOSS","seed_source_timestamp":265817205990832,"circlet_count":0,"master_deck":["AscendersBane","Strike_R","Strike_R","Strike_R","Strike_R","Defend_R","Defend_R","Defend_R","Defend_R","Bash","Bandage Up","Blind","Uppercut","Spot Weakness","Feel No Pain","Twin Strike+1","Headbutt","Armaments+1","Bandage Up","Inflame","True Grit","Barricade","Metallicize","Cleave","Body Slam","Disarm"],"relics":["Burning Blood","MawBank","Self Forming Clay","Oddly Smooth Stone","Sozu"],"potions_floor_usage":[7,8,10,14,16],"damage_taken":[{"damage":7,"enemies":"2 Louse","floor":1,"turns":4},{"damage":4,"enemies":"Cultist","floor":2,"turns":4},{"damage":7,"enemies":"Small Slimes","floor":3,"turns":4},{"damage":13,"enemies":"Looter","floor":5,"turns":4},{"damage":10,"enemies":"Large Slime","floor":7,"turns":5},{"damage":22,"enemies":"Lagavulin","floor":8,"turns":6},{"damage":25,"enemies":"Exordium Wildlife","floor":10,"turns":5},{"damage":11,"enemies":"Blue Slaver","floor":13,"turns":5},{"damage":4,"enemies":"Lots of Slimes","floor":14,"turns":5},{"damage":36,"enemies":"The Guardian","floor":16,"turns":12},{"damage":18,"enemies":"3 Byrds","floor":18,"turns":8},{"damage":29,"enemies":"2 Thieves","floor":19,"turns":5},{"damage":49,"enemies":"3 Cultists","floor":21,"turns":7},{"damage":29,"enemies":"Shelled Parasite and Fungi","floor":22,"turns":4}],"seed_played":"-8837233453390990315","potions_obtained":[{"floor":1,"key":"Ancient Potion"},{"floor":3,"key":"Ancient Potion"},{"floor":7,"key":"Energy Potion"},{"floor":8,"key":"Swift Potion"},{"floor":14,"key":"Strength Potion"}],"is_trial":false,"path_per_floor":["M","M","M","?","M","R","M","E","T","M","R","$","M","M","R","B",null,"M","M","?","M","M"],"character_chosen":"IRONCLAD","items_purchased":["Oddly Smooth Stone","Bandage Up"],"campfire_rested":1,"item_purchase_floors":[12,12],"current_hp_per_floor":[68,68,68,62,59,59,59,47,47,32,32,32,35,47,67,42,62,60,47,47,14,0],"gold":132,"neow_bonus":"RANDOM_COLORLESS_2","is_prod":false,"is_daily":false,"chose_seed":false,"campfire_upgraded":2,"win_rate":0,"timestamp":1552793691,"path_taken":["M","M","M","?","M","R","M","E","T","M","R","$","M","?","R","BOSS","M","M","?","M","M"],"build_version":"2019-01-23","purchased_purges":1,"victory":false,"max_hp_per_floor":[68,68,68,68,68,68,68,68,68,68,68,68,68,68,68,68,68,68,68,68,68,68],"card_choices":[{"not_picked":["Iron Wave","Headbutt"],"picked":"Uppercut","floor":1},{"not_picked":["Wild Strike","Bloodletting"],"picked":"Spot Weakness","floor":2},{"not_picked":["Anger","Blood for Blood"],"picked":"Feel No Pain","floor":3},{"not_picked":["Flex","True Grit"],"picked":"Twin Strike","floor":5},{"not_picked":["Perfected Strike","Pummel"],"picked":"Headbutt","floor":7},{"not_picked":["Whirlwind","Flex"],"picked":"Armaments","floor":8},{"not_picked":["Combust","Clash","Spot Weakness"],"picked":"SKIP","floor":10},{"not_picked":["Flex","Clash"],"picked":"Inflame","floor":13},{"not_picked":["Seeing Red","Anger"],"picked":"True Grit","floor":14},{"not_picked":["Bludgeon","Demon Form"],"picked":"Barricade","floor":16},{"not_picked":["Flex","Hemokinesis"],"picked":"Metallicize","floor":18},{"not_picked":["True Grit","Thunderclap"],"picked":"Cleave","floor":19},{"not_picked":["Evolve","Rage"],"picked":"Disarm","floor":21}],"player_experience":1445661,"relics_obtained":[{"floor":8,"key":"MawBank"},{"floor":9,"key":"Self Forming Clay"}],"event_choices":[{"damage_healed":0,"gold_gain":50,"player_choice":"Touch","damage_taken":6,"max_hp_gain":0,"max_hp_loss":0,"event_name":"FaceTrader","floor":4,"gold_loss":0},{"damage_healed":0,"gold_gain":0,"player_choice":"Read","damage_taken":0,"max_hp_gain":0,"max_hp_loss":0,"event_name":"The Library","floor":20,"gold_loss":0,"cards_obtained":["Body Slam"]}],"is_beta":false,"boss_relics":[{"not_picked":["Black Star","Astrolabe"],"picked":"Sozu"}],"items_purged_floors":[12],"is_endless":false,"potions_floor_spawned":[1,3,7,8,14],"killed_by":"Shelled Parasite and Fungi","ascension_level":20}