{"gold_per_floor":[112,126,145,120,134,167,167,167,467,467,447,477,87,105,105,203,203,223,233,12,27,37,72,91,103,130,149,162,77,77,0,0,102,102,115,132,4,14,114,141,141,175,198,233,246,246,262,112,112,112],"floor_reached":51,"playtime":4408,"items_purged":["Strike_G","Strike_G","Defend_G"],"score":1209,"play_id":"d9a2b670-8b87-453c-bc3c-9726c962e888","local_time":"20190208132209","is_ascension_mode":true,"campfire_choices":[{"data":"Neutralize","floor":7,"key":"SMITH"},{"data":"Backflip","floor":10,"key":"SMITH"},{"data":"1","floor":15,"key":"LIFT"},{"data":"2","floor":30,"key":"LIFT"},{"data":"3","floor":32,"key":"LIFT"},{"data":"Terror","floor":41,"key":"SMITH"},{"floor":46,"key":"REST"},{"data":"Sucker Punch","floor":49,"key":"SMITH"}],"neow_cost":"NONE","seed_source_timestamp":6481217660976,"circlet_count":0,"master_deck":["AscendersBane","Defend_G","Defend_G","Defend_G","Strike_G","Strike_G","Survivor","Neutralize+1","Infinite Blades","Backflip+1","Sucker Punch+1","Backstab","Backstab","Bullet Time","Heel Hook","A Thousand Cuts+1","Terror+1","Footwork+1","Well Laid Plans+1","Flash of Steel","Wraith Form v2+1","Blur","Infinite Blades+1","Blade Dance","Infinite Blades+1","Adrenaline","PiercingWail+1","Infinite Blades+1","Backflip+1","Concentrate+1","Cloak And Dagger","Backstab+1"],"relics":["Ring of the Snake","Lantern","Frozen Egg 2","Old Coin","Girya","Toy Ornithopter","WristBlade","Kunai","Dream Catcher","Smiling Mask","Empty Cage","Mummified Hand","Sundial","Snake Skull","FossilizedHelix"],"potions_floor_usage":[6,12,12,16,16,18,20,22,22,24,28,33,38,50],"damage_taken":[{"damage":0,"enemies":"Small Slimes","floor":1,"turns":4},{"damage":0,"enemies":"Cultist","floor":2,"turns":5},{"damage":0,"enemies":"2 Louse","floor":3,"turns":4},{"damage":10,"enemies":"Exordium Thugs","floor":4,"turns":5},{"damage":10,"enemies":"Red Slaver","floor":5,"turns":3},{"damage":23,"enemies":"Gremlin Nob","floor":6,"turns":5},{"damage":25,"enemies":"3 Sentries","floor":12,"turns":7},{"damage":0,"enemies":"3 Louse","floor":14,"turns":2},{"damage":11,"enemies":"Slime Boss","floor":16,"turns":11},{"damage":5,"enemies":"3 Byrds","floor":18,"turns":4},{"damage":10,"enemies":"Shell Parasite","floor":19,"turns":3},{"damage":7,"enemies":"Chosen and Byrds","floor":21,"turns":6},{"damage":9,"enemies":"Centurion and Healer","floor":22,"turns":5},{"damage":5,"enemies":"Gremlin Leader","floor":23,"turns":5},{"damage":22,"enemies":"Sentry and Sphere","floor":24,"turns":4},{"damage":3,"enemies":"Snake Plant","floor":25,"turns":4},{"damage":3,"enemies":"Centurion and Healer","floor":27,"turns":5},{"damage":1,"enemies":"3 Cultists","floor":28,"turns":4},{"damage":22,"enemies":"Collector","floor":33,"turns":6},{"damage":1,"enemies":"3 Shapes","floor":35,"turns":5},{"damage":2,"enemies":"3 Darklings","floor":36,"turns":4},{"damage":11,"enemies":"Jaw Worm Horde","floor":38,"turns":4},{"damage":2,"enemies":"Reptomancer","floor":40,"turns":5},{"damage":0,"enemies":"Nemesis","floor":42,"turns":5},{"damage":1,"enemies":"Reptomancer","floor":44,"turns":4},{"damage":0,"enemies":"Maw","floor":45,"turns":5},{"damage":0,"enemies":"Writhing Mass","floor":47,"turns":4},{"damage":41,"enemies":"Awakened One","floor":50,"turns":9}],"seed_played":"3851951346648984920","potions_obtained":[{"floor":2,"key":"LiquidBronze"},{"floor":5,"key":"Poison Potion"},{"floor":11,"key":"Regen Potion"},{"floor":16,"key":"Swift Potion"},{"floor":18,"key":"Dexterity Potion"},{"floor":21,"key":"Dexterity Potion"},{"floor":23,"key":"Swift Potion"},{"floor":27,"key":"Swift Potion"},{"floor":28,"key":"PowerPotion"},{"floor":36,"key":"Swift Potion"},{"floor":44,"key":"GamblersBrew"}],"is_trial":false,"path_per_floor":["M","M","M","M","M","E","R","?","T","R","?","E","$","M","R","B",null,"M","M","$","M","M","E","M","M","T","M","M","?","R","$","R","B",null,"M","M","$","M","?","E","R","E","T","E","M","R","M","$","R","B",null],"character_chosen":"THE_SILENT","items_purchased":["Toy Ornithopter","EssenceOfSteel","SkillPotion","Well Laid Plans+1","Flash of Steel","Fruit Juice","Infinite Blades+1","Infinite Blades+1","Dexterity Potion","Energy Potion"],"campfire_rested":1,"item_purchase_floors":[13,13,13,20,20,20,31,37,48,48],"current_hp_per_floor":[63,63,63,53,43,20,20,20,20,20,20,10,10,10,10,9,55,55,45,55,48,49,44,27,24,24,21,25,25,25,25,25,8,58,57,55,55,49,49,47,47,47,47,46,46,68,68,68,68,32],"gold":112,"neow_bonus":"RANDOM_COMMON_RELIC","is_prod":false,"is_daily":false,"chose_seed":false,"campfire_upgraded":4,"win_rate":0,"timestamp":1549660929,"path_taken":["M","M","M","M","M","E","R","?","T","R","?","E","$","?","R","BOSS","M","M","?","M","M","E","M","M","T","M","?","?","R","$","R","BOSS","M","M","$","M","?","E","R","E","T","E","M","R","M","$","R","BOSS"],"build_version":"2019-01-23","purchased_purges":3,"victory":true,"max_hp_per_floor":[70,70,70,70,70,70,70,70,70,70,70,70,70,70,70,70,70,70,70,75,75,75,75,75,75,75,75,75,75,75,75,75,75,75,75,75,75,75,75,75,75,75,75,75,75,75,75,75,75,75],"card_choices":[{"not_picked":["Dodge and Roll","Prepared"],"picked":"Infinite Blades","floor":1},{"not_picked":["Sucker Punch","Dodge and Roll"],"picked":"Backflip","floor":2},{"not_picked":["Slice","Dagger Throw"],"picked":"Sucker Punch","floor":3},{"not_picked":["Escape Plan","Dagger Throw"],"picked":"Backstab","floor":4},{"not_picked":["Quick Slash","Skewer"],"picked":"Backstab","floor":5},{"not_picked":["Prepared","Acrobatics"],"picked":"Bullet Time","floor":6},{"not_picked":["Dagger Throw","Bouncing Flask"],"picked":"Heel Hook","floor":12},{"not_picked":["Poisoned Stab","Choke","Slice"],"picked":"SKIP","floor":14},{"not_picked":["Die Die Die","Envenom+1"],"picked":"A Thousand Cuts+1","floor":16},{"not_picked":["Poisoned Stab","Slice+1"],"picked":"Terror","floor":18},{"not_picked":["PiercingWail+1","Concentrate"],"picked":"Footwork+1","floor":19},{"not_picked":["Cloak And Dagger","Expertise"],"picked":"Wraith Form v2+1","floor":21},{"not_picked":["Dodge and Roll","Caltrops+1"],"picked":"Blur","floor":22},{"not_picked":["Poisoned Stab","PiercingWail"],"picked":"Infinite Blades+1","floor":23},{"not_picked":["Poisoned Stab","All Out Attack","Sucker Punch"],"picked":"SKIP","floor":24},{"not_picked":["Deflect","Outmaneuver","Bane"],"picked":"SKIP","floor":25},{"not_picked":["Envenom+1","Caltrops+1"],"picked":"Blade Dance","floor":27},{"not_picked":["Caltrops+1","Bane","Eviscerate"],"picked":"SKIP","floor":28},{"not_picked":["Bullet Time","Phantasmal Killer"],"picked":"Adrenaline","floor":33},{"not_picked":["Leg Sweep","Sucker Punch+1"],"picked":"PiercingWail+1","floor":35},{"not_picked":["Outmaneuver+1","Sucker Punch+1","Finisher+1"],"picked":"SKIP","floor":36},{"not_picked":["Deflect+1","Acrobatics+1"],"picked":"Backflip+1","floor":38},{"not_picked":["Flechettes","Caltrops+1"],"picked":"Concentrate+1","floor":40},{"not_picked":["Sucker Punch+1","Deflect","Prepared+1"],"picked":"SKIP","floor":42},{"not_picked":["Prepared","Reflex"],"picked":"Cloak And Dagger","floor":44},{"not_picked":["Storm of Steel","Outmaneuver","Tactician"],"picked":"SKIP","floor":45},{"not_picked":["Footwork+1","Cloak And Dagger"],"picked":"Backstab+1","floor":46},{"not_picked":["PiercingWail","Backflip+1","Poisoned Stab"],"picked":"SKIP","floor":47}],"player_experience":408838,"relics_obtained":[{"floor":6,"key":"Frozen Egg 2"},{"floor":9,"key":"Old Coin"},{"floor":12,"key":"Girya"},{"floor":23,"key":"Kunai"},{"floor":26,"key":"Dream Catcher"},{"floor":40,"key":"Mummified Hand"},{"floor":42,"key":"Sundial"},{"floor":43,"key":"Snake Skull"},{"floor":44,"key":"FossilizedHelix"}],"event_choices":[{"damage_healed":0,"gold_gain":0,"player_choice":"Fled","damage_taken":0,"max_hp_gain":0,"max_hp_loss":0,"event_name":"Scrap Ooze","floor":8,"gold_loss":0},{"damage_healed":0,"gold_gain":0,"player_choice":"Bought 1 Potion","damage_taken":0,"max_hp_gain":0,"max_hp_loss":0,"event_name":"The Woman in Blue","floor":11,"gold_loss":0},{"damage_healed":0,"gold_gain":0,"player_choice":"Obtained Relic","damage_taken":0,"relics_obtained":["Smiling Mask"],"max_hp_gain":0,"max_hp_loss":0,"event_name":"Addict","floor":29,"gold_loss":85},{"damage_healed":0,"gold_gain":100,"player_choice":"Pray","damage_taken":0,"max_hp_gain":0,"max_hp_loss":0,"event_name":"Golden Shrine","floor":39,"gold_loss":0}],"is_beta":false,"boss_relics":[{"not_picked":["Snecko Eye","Cursed Key"],"picked":"WristBlade"},{"not_picked":["HoveringKite","Ring of the Serpent"],"picked":"Empty Cage"}],"items_purged_floors":[13,37,48],"is_endless":false,"potions_floor_spawned":[2,5,14,16,18,21,23,27,28,36,44],"ascension_level":11}