{"gold_per_floor":[116,116,41,55,130,157,157,175,175,207,220,232,332,344,344,439,439,454,553,573,589,589,623,639,639,687,687,687,720,733,658,658,761,761,774,788,841,941,941,941,969,983,983,652,652,301,317,167,167,167,167,167,16,46,46],"floor_reached":55,"playtime":5975,"items_purged":["Strike_G","Defend_G","Writhe","Parasite"],"score":962,"play_id":"a4ce4b77-bd44-45fd-919b-d310cdc7ac98","local_time":"20190310130046","is_ascension_mode":true,"campfire_choices":[{"floor":7.0,"key":"RECALL"},{"data":"Neutralize","floor":15.0,"key":"SMITH"},{"data":"Footwork","floor":25.0,"key":"SMITH"},{"data":"After Image","floor":28.0,"key":"SMITH"},{"data":"Flechettes","floor":32.0,"key":"SMITH"},{"data":"PiercingWail","floor":40,"key":"SMITH"},{"data":"Footwork","floor":49,"key":"SMITH"},{"data":"Adrenaline","floor":52,"key":"SMITH"}],"neow_cost":"NONE","seed_source_timestamp":0,"circlet_count":0,"master_deck":["Defend_G","Defend_G","Defend_G+1","Strike_G","Strike_G","Strike_G+1","Strike_G+1","Survivor","Neutralize+1","Flechettes+1","Well Laid Plans","Escape Plan","Well Laid Plans","Backflip","Bouncing Flask","After Image+1","PiercingWail+1","Footwork+1","Escape Plan+1","Backflip","Corpse Explosion","Backflip+1","Backflip","Flash of Steel+1","PiercingWail+1","Crippling Poison+1","Adrenaline+1","Infinite Blades","Footwork+1"],"special_seed":0,"relics":["Ring of the Snake","NeowsBlessing","Shuriken","Bronze Scales","Sozu","Strawberry","Oddly Smooth Stone","Pear","Coffee Dripper","FossilizedHelix","The Specimen","Dead Branch","Singing Bowl","Lantern","Whetstone","Mercury Hourglass"],"potions_floor_usage":[],"damage_taken":[{"damage":0.0,"enemies":"2 Louse","floor":1.0,"turns":1.0},{"damage":0.0,"enemies":"Small Slimes","floor":4.0,"turns":1.0},{"damage":0.0,"enemies":"Gremlin Nob","floor":6.0,"turns":1.0},{"damage":0.0,"enemies":"Cultist","floor":8.0,"turns":3.0},{"damage":12.0,"enemies":"Lagavulin","floor":10.0,"turns":7.0},{"damage":0.0,"enemies":"Looter","floor":11.0,"turns":2.0},{"damage":1.0,"enemies":"Red Slaver","floor":12.0,"turns":4.0},{"damage":2.0,"enemies":"Large Slime","floor":14.0,"turns":5.0},{"damage":28.0,"enemies":"Slime Boss","floor":16.0,"turns":8.0},{"damage":5.0,"enemies":"Chosen","floor":18.0,"turns":4.0},{"damage":2.0,"enemies":"Spheric Guardian","floor":20.0,"turns":6.0},{"damage":3.0,"enemies":"Chosen and Byrds","floor":21.0,"turns":7.0},{"damage":25.0,"enemies":"Slavers","floor":23.0,"turns":7.0},{"damage":0.0,"enemies":"Snecko","floor":24.0,"turns":6.0},{"damage":3.0,"enemies":"Book of Stabbing","floor":29.0,"turns":6.0},{"damage":7.0,"enemies":"Sentry and Sphere","floor":30.0,"turns":8.0},{"damage":19.0,"enemies":"Automaton","floor":33.0,"turns":10.0},{"damage":0.0,"enemies":"3 Shapes","floor":35.0,"turns":3.0},{"damage":0.0,"enemies":"Orb Walker","floor":36.0,"turns":3.0},{"damage":83.0,"enemies":"2 Orb Walkers","floor":37.0,"turns":6.0},{"damage":0,"enemies":"Mind Bloom Boss Battle","floor":38,"turns":8},{"damage":0,"enemies":"Reptomancer","floor":41,"turns":7},{"damage":0,"enemies":"Transient","floor":42,"turns":5},{"damage":5,"enemies":"Writhing Mass","floor":47,"turns":4},{"damage":0,"enemies":"Donu and Deca","floor":50,"turns":7},{"damage":0,"enemies":"Shield and Spear","floor":54,"turns":7},{"damage":91,"enemies":"The Heart","floor":55,"turns":9}],"seed_played":"-1918603102995722472","potions_obtained":[{"floor":1.0,"key":"Weak Potion"},{"floor":10.0,"key":"SkillPotion"},{"floor":11.0,"key":"LiquidBronze"}],"is_trial":false,"path_per_floor":["M","?","$","M","?","E","R","M","T","E","M","M","?","M","R","B",null,"M","?","M","M","?","E","M","R","T","?","R","E","M","?","R","B",null,"M","M","?","?","?","R","E","M","T","$","?","$","M","$","R","B",null,"R","$","E","B"],"character_chosen":"THE_SILENT","items_purchased":["Adrenaline","Infinite Blades","Footwork","Lantern","Whetstone"],"campfire_rested":0,"item_purchase_floors":[44,44,46,46,53],"current_hp_per_floor":[70,56,56,56,45,45,45,45,45,33,33,32,32,30,30,2,70,65,65,63,60,60,42,42,42,42,67,67,74,67,67,67,48,87,87,87,4,4,4,4,4,4,4,4,26,26,23,23,23,23,86,86,86,88,0],"gold":46,"neow_bonus":"THREE_ENEMY_KILL","is_prod":false,"is_daily":false,"chose_seed":false,"campfire_upgraded":7,"win_rate":0,"timestamp":1552237246,"path_taken":["M","?","$","M","?","E","R","M","T","E","M","M","?","M","R","BOSS","M","?","M","M","?","E","?","R","T","?","R","E","M","?","R","BOSS","M","M","?","?","?","R","E","M","T","$","?","$","M","?","R","BOSS","R","$","E","BOSS"],"build_version":"2019-01-23","purchased_purges":4,"victory":false,"max_hp_per_floor":[70,70,70,70,70,70,70,70,70,70,70,70,70,70,70,70,70,70,70,70,70,70,77,77,77,77,77,77,87,87,87,87,87,87,87,87,87,87,87,87,87,87,87,87,87,87,89,86,86,86,86,86,86,88,88],"card_choices":[{"not_picked":["Bane","Slice"],"picked":"Flechettes","floor":1.0},{"not_picked":["Finisher","Well Laid Plans","Quick Slash"],"picked":"SKIP","floor":4.0},{"not_picked":["Finisher","Quick Slash"],"picked":"Well Laid Plans","floor":4.0},{"not_picked":["Poisoned Stab","Bane"],"picked":"Escape Plan","floor":6.0},{"not_picked":["Poisoned Stab","Caltrops"],"picked":"Well Laid Plans","floor":8.0},{"not_picked":["Slice","Sucker Punch","Underhanded Strike"],"picked":"SKIP","floor":10.0},{"not_picked":["Blade Dance","Caltrops"],"picked":"Backflip","floor":11.0},{"not_picked":["Deadly Poison","Accuracy"],"picked":"Bouncing Flask","floor":12.0},{"not_picked":["Dagger Spray","Riddle With Holes","Underhanded Strike"],"picked":"SKIP","floor":14.0},{"not_picked":["Unload","Corpse Explosion"],"picked":"After Image","floor":16.0},{"not_picked":["Sucker Punch+1","Skewer"],"picked":"PiercingWail","floor":18.0},{"not_picked":["Skewer","Deflect","Quick Slash+1"],"picked":"SKIP","floor":20.0},{"not_picked":["Glass Knife","Dodge and Roll+1"],"picked":"Footwork","floor":21.0},{"not_picked":["Slice","Bane","Deflect"],"picked":"SKIP","floor":23.0},{"not_picked":["Dagger Throw","Backflip"],"picked":"Escape Plan+1","floor":24.0},{"not_picked":["Reflex","Prepared"],"picked":"Backflip","floor":29.0},{"not_picked":["Acrobatics","Bane+1","Dagger Spray"],"picked":"SKIP","floor":30.0},{"not_picked":["Bullet Time","After Image"],"picked":"Corpse Explosion","floor":33.0},{"not_picked":["Bane","Blade Dance"],"picked":"Backflip+1","floor":35.0},{"not_picked":["Reflex+1","Slice+1","Distraction"],"picked":"SKIP","floor":36.0},{"not_picked":["Acrobatics+1","Bouncing Flask"],"picked":"Backflip","floor":38},{"not_picked":["Chrysalis","Trip"],"picked":"Flash of Steel","floor":39},{"not_picked":["Flying Knee","Masterful Stab+1"],"picked":"PiercingWail+1","floor":41},{"not_picked":["Expertise+1","Quick Slash"],"picked":"Crippling Poison+1","floor":42},{"not_picked":["Backflip","Concentrate+1","Dagger Throw+1"],"picked":"Singing Bowl","floor":47},{"not_picked":["Masterful Stab","Tactician","Predator"],"picked":"Singing Bowl","floor":54}],"player_experience":274716,"relics_obtained":[{"floor":6.0,"key":"Shuriken"},{"floor":10.0,"key":"Bronze Scales"},{"floor":23.0,"key":"Strawberry"},{"floor":26.0,"key":"Oddly Smooth Stone"},{"floor":29.0,"key":"Pear"},{"floor":37.0,"key":"FossilizedHelix"},{"floor":38,"key":"The Specimen"},{"floor":41,"key":"Dead Branch"},{"floor":43,"key":"Singing Bowl"},{"floor":54,"key":"Mercury Hourglass"}],"event_choices":[{"damage_healed":0.0,"max_hp_gain":0.0,"max_hp_loss":0.0,"gold_gain":0.0,"event_name":"Shining Light","player_choice":"Entered Light","floor":2.0,"gold_loss":0.0,"damage_taken":14.0,"cards_upgraded":["Strike_G","Defend_G"]},{"damage_healed":0.0,"max_hp_gain":0.0,"max_hp_loss":0.0,"gold_gain":75.0,"event_name":"World of Goop","player_choice":"Gather Gold","floor":5.0,"gold_loss":0.0,"damage_taken":11.0},{"damage_healed":0.0,"max_hp_gain":0.0,"max_hp_loss":0.0,"gold_gain":100.0,"event_name":"Wheel of Change","player_choice":"Gold","floor":13.0,"gold_loss":0.0,"damage_taken":0.0},{"damage_healed":0.0,"max_hp_gain":0.0,"max_hp_loss":0.0,"gold_gain":99.0,"event_name":"Nest","player_choice":"Stole From Cult","floor":19.0,"gold_loss":0.0,"damage_taken":0.0},{"damage_healed":0.0,"max_hp_gain":0.0,"max_hp_loss":0.0,"gold_gain":0.0,"event_name":"Lab","player_choice":"Got Potions","floor":22.0,"gold_loss":0.0,"damage_taken":0.0},{"damage_healed":25.0,"max_hp_gain":0.0,"max_hp_loss":0.0,"gold_gain":0.0,"event_name":"The Library","player_choice":"Heal","floor":27.0,"gold_loss":0.0,"damage_taken":0.0},{"cards_removed":["Defend_G"],"damage_healed":0.0,"max_hp_gain":0.0,"max_hp_loss":0.0,"gold_gain":0.0,"event_name":"Beggar","player_choice":"Gave Gold","floor":31.0,"gold_loss":75.0,"damage_taken":0.0},{"damage_healed":0.0,"max_hp_gain":0.0,"max_hp_loss":0.0,"gold_gain":0.0,"event_name":"Mysterious Sphere","player_choice":"Fight","floor":37.0,"gold_loss":0.0,"damage_taken":0.0},{"damage_healed":0,"gold_gain":0,"player_choice":"Fight","damage_taken":0,"max_hp_gain":0,"max_hp_loss":0,"event_name":"MindBloom","floor":38,"gold_loss":0},{"damage_healed":0,"gold_gain":0,"player_choice":"Memory 1","damage_taken":0,"max_hp_gain":0,"max_hp_loss":0,"event_name":"SensoryStone","floor":39,"gold_loss":0},{"damage_healed":22,"gold_gain":0,"player_choice":"Writhe","damage_taken":0,"max_hp_gain":0,"max_hp_loss":0,"event_name":"Winding Halls","floor":45,"gold_loss":0,"cards_obtained":["Writhe"]}],"is_beta":false,"boss_relics":[{"not_picked":["Runic Pyramid","White Beast Statue"],"picked":"Sozu"},{"not_picked":["Calling Bell","Snecko Eye"],"picked":"Coffee Dripper"}],"items_purged_floors":[3,44,46,48],"is_endless":false,"potions_floor_spawned":[1,10,11,23,24,30,35,47],"killed_by":"The Heart","ascension_level":1}