{"gold_per_floor":[13,13,13,188,200,200,213,213,213,239,253,283],"floor_reached":12,"playtime":317,"items_purged":[],"score":78,"play_id":"8fea53c3-413e-45e8-acd1-6ef9ab794af9","local_time":"20190102080449","is_ascension_mode":false,"campfire_choices":[{"data":"Zap","floor":8,"key":"SMITH"}],"neow_cost":"NO_GOLD","seed_source_timestamp":1085176325195964,"circlet_count":0,"master_deck":["Strike_B","Strike_B","Strike_B+1","Defend_B+1","Defend_B","Zap+1","Dualcast","Go for the Eyes","Aggregate","Doubt","Leap","Melter","Ball Lightning","Sunder"],"relics":["Cracked Core","The Courier","Matryoshka","Oddly Smooth Stone"],"potions_floor_usage":[],"damage_taken":[{"damage":12,"enemies":"2 Louse","floor":1,"turns":2},{"damage":5,"enemies":"Small Slimes","floor":5,"turns":3},{"damage":0,"enemies":"Cultist","floor":7,"turns":3},{"damage":28,"enemies":"Lagavulin","floor":10,"turns":6},{"damage":10,"enemies":"Large Slime","floor":11,"turns":4},{"damage":9,"enemies":"Gremlin Nob","floor":12,"turns":2}],"seed_played":"-6055653098806678962","potions_obtained":[{"floor":1,"key":"Energy Potion"},{"floor":10,"key":"Ancient Potion"}],"is_trial":false,"path_per_floor":["M","?","?","?","M","T","M","R","T","E","M","?"],"character_chosen":"DEFECT","items_purchased":[],"campfire_rested":0,"item_purchase_floors":[],"current_hp_per_floor":[63,48,48,48,43,43,43,43,43,15,5,0],"gold":283,"neow_bonus":"REMOVE_TWO","is_prod":false,"is_daily":false,"chose_seed":false,"campfire_upgraded":1,"win_rate":0,"timestamp":1546383889,"path_taken":["M","?","?","?","M","?","M","R","T","E","?","?"],"build_version":"2018-12-20","purchased_purges":0,"victory":false,"max_hp_per_floor":[75,75,75,75,75,75,75,75,75,75,75,75],"card_choices":[{"not_picked":["Genetic Algorithm","Rebound"],"picked":"Go for the Eyes","floor":1},{"not_picked":["Scrape","Hyperbeam"],"picked":"Leap","floor":5},{"not_picked":["Hologram","Turbo"],"picked":"Melter","floor":7},{"not_picked":["Skim","Redo"],"picked":"Ball Lightning","floor":10},{"not_picked":["Coolheaded","Reprogram"],"picked":"Sunder","floor":11}],"player_experience":308934,"relics_obtained":[{"floor":6,"key":"The Courier"},{"floor":9,"key":"Matryoshka"},{"floor":10,"key":"Oddly Smooth Stone"}],"event_choices":[{"damage_healed":0,"gold_gain":0,"player_choice":"Entered Light","damage_taken":15,"max_hp_gain":0,"max_hp_loss":0,"event_name":"Shining Light","floor":2,"gold_loss":0,"cards_upgraded":["Strike_B","Defend_B"]},{"damage_healed":0,"gold_gain":0,"cards_transformed":["Defend_B"],"player_choice":"Change","damage_taken":0,"max_hp_gain":0,"max_hp_loss":0,"event_name":"Living Wall","floor":3,"gold_loss":0,"cards_obtained":["Aggregate"]},{"damage_healed":0,"gold_gain":175,"player_choice":"AGREE","damage_taken":0,"max_hp_gain":0,"max_hp_loss":0,"event_name":"Liars Game","floor":4,"gold_loss":0,"cards_obtained":["Doubt"]},{"damage_healed":0,"gold_gain":30,"player_choice":"Searched \u00273\u0027 times","damage_taken":0,"max_hp_gain":0,"max_hp_loss":0,"event_name":"Dead Adventurer","floor":12,"gold_loss":0}],"is_beta":false,"boss_relics":[],"items_purged_floors":[],"is_endless":false,"potions_floor_spawned":[1,10],"killed_by":"Gremlin Nob","ascension_level":0}