{"gold_per_floor":[119,139,151,151,162,162,191,191,217,233,233,285,298,314,314,442,442,455,455,455,473,473,473,492,407,407,91,106,106],"floor_reached":29,"playtime":959,"items_purged":["Injury"],"score":227,"play_id":"698c8bd7-e54d-49ee-8adc-1c61bd0a6ba4","local_time":"20190102094325","is_ascension_mode":false,"campfire_choices":[{"data":"Zap","floor":6,"key":"SMITH"},{"floor":8,"key":"REST"},{"floor":15,"key":"REST"},{"data":"Conserve Battery","floor":23,"key":"SMITH"}],"neow_cost":"PERCENT_DAMAGE","seed_source_timestamp":1090449286433680,"circlet_count":0,"master_deck":["Strike_B+1","Strike_B","Strike_B","Defend_B+1","Defend_B+1","Defend_B+1","Zap+1","Dualcast","Conserve Battery+1","Streamline","Core Surge","Compile Driver","Chaos","Barrage","Go for the Eyes","Gash","Echo Form","Steam","Gash","Master of Strategy"],"relics":["Cracked Core","DataDisk","War Paint","Golden Idol","Black Star","Vajra","PreservedInsect","Bottled Lightning","PrismaticShard"],"potions_floor_usage":[3,5,10,21,21,28,29],"damage_taken":[{"damage":14,"enemies":"Jaw Worm","floor":1,"turns":4},{"damage":1,"enemies":"2 Louse","floor":2,"turns":2},{"damage":0,"enemies":"Small Slimes","floor":3,"turns":3},{"damage":1,"enemies":"2 Fungi Beasts","floor":5,"turns":3},{"damage":16,"enemies":"Lagavulin","floor":7,"turns":5},{"damage":1,"enemies":"Gremlin Gang","floor":10,"turns":4},{"damage":4,"enemies":"Looter","floor":13,"turns":3},{"damage":16,"enemies":"Large Slime","floor":14,"turns":4},{"damage":12,"enemies":"Slime Boss","floor":16,"turns":8},{"damage":22,"enemies":"Shell Parasite","floor":18,"turns":6},{"damage":8,"enemies":"3 Byrds","floor":21,"turns":4},{"damage":27,"enemies":"Snake Plant","floor":24,"turns":5},{"damage":11,"enemies":"3 Cultists","floor":28,"turns":5},{"damage":10,"enemies":"Chosen and Byrds","floor":29,"turns":3}],"seed_played":"8194691401840420679","potions_obtained":[{"floor":2,"key":"EntropicBrew"},{"floor":3,"key":"Ancient Potion"},{"floor":7,"key":"Block Potion"},{"floor":16,"key":"Fire Potion"},{"floor":20,"key":"Energy Potion"},{"floor":21,"key":"Fire Potion"},{"floor":28,"key":"FocusPotion"}],"is_trial":false,"path_per_floor":["M","M","M","?","M","R","E","R","T","M","?","?","M","M","R","B",null,"M","?","?","M","?","R","M","?","T","$","M","M"],"character_chosen":"DEFECT","items_purchased":["PrismaticShard","Gash"],"campfire_rested":2,"item_purchase_floors":[27,27],"current_hp_per_floor":[40,39,39,24,23,23,7,29,29,28,28,28,24,8,30,18,75,53,53,53,45,45,45,18,18,18,18,7,0],"gold":106,"neow_bonus":"REMOVE_TWO","is_prod":false,"is_daily":false,"chose_seed":false,"campfire_upgraded":2,"win_rate":0,"timestamp":1546389805,"path_taken":["M","M","M","?","M","R","E","R","T","M","?","?","M","M","R","BOSS","M","?","?","?","?","R","M","?","T","$","M","M"],"build_version":"2018-12-20","purchased_purges":1,"victory":false,"max_hp_per_floor":[75,75,75,75,75,75,75,75,75,75,75,75,75,75,75,75,75,75,75,75,75,75,75,75,75,75,75,75,75],"card_choices":[{"not_picked":["Gash","Coolheaded"],"picked":"Conserve Battery","floor":1},{"not_picked":["Steam","Rebound"],"picked":"Streamline","floor":2},{"not_picked":["Coolheaded","Fusion"],"picked":"Core Surge","floor":3},{"not_picked":["Reprogram","Coolheaded"],"picked":"Compile Driver","floor":5},{"not_picked":["Rebound","Capacitor"],"picked":"Chaos","floor":7},{"not_picked":["Streamline","Steam"],"picked":"Barrage","floor":10},{"not_picked":["Redo","Steam"],"picked":"Go for the Eyes","floor":13},{"not_picked":["Redo","Consume"],"picked":"Gash","floor":14},{"not_picked":["Reboot","Biased Cognition"],"picked":"Echo Form","floor":16},{"not_picked":["Heatsinks","Ball Lightning+1","Rebound"],"picked":"SKIP","floor":18},{"not_picked":["Leap","Rebound","Barrage"],"picked":"SKIP","floor":21},{"not_picked":["Barrage","Ball Lightning"],"picked":"Steam","floor":24},{"not_picked":["Coolheaded","Cold Snap"],"picked":"Master of Strategy","floor":28}],"player_experience":314153,"relics_obtained":[{"floor":7,"key":"DataDisk"},{"floor":9,"key":"War Paint"},{"floor":26,"key":"Bottled Lightning"}],"event_choices":[{"damage_healed":0,"gold_gain":0,"player_choice":"Entered Light","damage_taken":15,"max_hp_gain":0,"max_hp_loss":0,"event_name":"Shining Light","floor":4,"gold_loss":0,"cards_upgraded":["Defend_B","Strike_B"]},{"damage_healed":0,"gold_gain":0,"player_choice":"Take Wound","damage_taken":0,"relics_obtained":["Golden Idol"],"max_hp_gain":0,"max_hp_loss":0,"event_name":"Golden Idol","floor":11,"gold_loss":0,"cards_obtained":["Injury"]},{"damage_healed":0,"gold_gain":52,"player_choice":"Gained Gold","damage_taken":0,"max_hp_gain":0,"max_hp_loss":0,"event_name":"Golden Wing","floor":12,"gold_loss":0},{"damage_healed":0,"gold_gain":0,"player_choice":"Opened","damage_taken":0,"relics_obtained":["Vajra"],"max_hp_gain":0,"max_hp_loss":0,"event_name":"The Mausoleum","floor":19,"gold_loss":0,"cards_obtained":["Writhe"]},{"damage_healed":0,"gold_gain":0,"player_choice":"Got Potions","damage_taken":0,"max_hp_gain":0,"max_hp_loss":0,"event_name":"Lab","floor":20,"gold_loss":0},{"cards_removed":["Writhe"],"damage_healed":0,"gold_gain":0,"player_choice":"Elegance","damage_taken":0,"max_hp_gain":0,"max_hp_loss":0,"event_name":"Back to Basics","floor":22,"gold_loss":0},{"damage_healed":0,"gold_gain":0,"player_choice":"Obtained Relic","damage_taken":0,"relics_obtained":["PreservedInsect"],"max_hp_gain":0,"max_hp_loss":0,"event_name":"Addict","floor":25,"gold_loss":85}],"is_beta":false,"boss_relics":[{"not_picked":["Ectoplasm","Lizard Tail"],"picked":"Black Star"}],"items_purged_floors":[27],"is_endless":false,"potions_floor_spawned":[2,3,7,16,21,28],"killed_by":"Chosen and Byrds","ascension_level":0}