{"path_per_floor":["M","?","M","$","$","R","M","R","T","E","M","E","R","M","R","B",null,"M","M","M","M","$","R","E","?","T","R","M","R","M","T","R"],"character_chosen":"IRONCLAD","items_purchased":["Shrug It Off","Uppercut","Inflame","Omamori","Disarm"],"gold_per_floor":[362,362,381,259,16,16,35,35,35,67,82,107,107,118,118,218,218,230,245,260,278,48,48,83,83,83,83,98,128,146,200,200],"floor_reached":33,"campfire_rested":2,"playtime":4334,"current_hp_per_floor":[40,24,25,25,25,49,55,55,55,73,72,50,50,50,50,32,80,80,80,80,80,80,80,65,49,49,49,20,20,22,22,46],"items_purged":["Strike_R","Strike_R"],"gold":200,"play_id":"515f5f0f-0c03-4db0-98b2-c61047f55478","is_prod":false,"is_daily":false,"is_ascension_mode":true,"campfire_upgraded":4,"path_taken":["M","?","M","?","$","R","?","R","T","E","M","E","R","M","R","BOSS","M","?","?","M","$","R","E","?","T","R","?","R","M","?","R","BOSS"],"build_version":"2018-01-25-PROD2","purchased_purges":3,"victory":false,"master_deck":["Strike_R+1","Strike_R","Strike_R","Defend_R+1","Defend_R+1","Defend_R+1","Defend_R","Bash","Shockwave+1","Shrug It Off","Uppercut+1","Inflame","Barricade+1","Offering","Body Slam+1","Flame Barrier","Disarm"],"max_hp_per_floor":[80,80,80,80,80,80,80,80,80,80,80,80,80,80,80,80,80,80,80,80,80,80,80,80,80,80,80,80,80,80,80,80],"relics":["Burning Blood","Pen Nib","Dream Catcher","Anchor","Cursed Key","Omamori","Ancient Tea Set","Enchiridion","Shovel","Blood Vial","Tiny Chest","War Paint"],"card_choices":[{"not_picked":["Sword Boomerang","Thunderclap"],"picked":"Shockwave"},{"not_picked":["Clothesline","Flex"],"picked":"Barricade"},{"not_picked":["Barricade","Fiend Fire"],"picked":"Offering"},{"not_picked":["Bloodletting","Cleave"],"picked":"Body Slam"},{"not_picked":["Rupture","Cleave"],"picked":"Flame Barrier"}],"player_experience":59429,"potions_floor_usage":[10,10,16,21],"damage_taken":[{"damage":6,"enemies":"Jaw Worm","floor":1,"turns":5},{"damage":5,"enemies":"Blue Slaver","floor":3,"turns":4},{"damage":0,"enemies":"Cultist","floor":7,"turns":4},{"damage":0,"enemies":"Lagavulin","floor":10,"turns":7},{"damage":7,"enemies":"Exordium Thugs","floor":11,"turns":7},{"damage":28,"enemies":"3 Sentries","floor":12,"turns":7},{"damage":6,"enemies":"Gremlin Gang","floor":14,"turns":5},{"damage":24,"enemies":"Hexaghost","floor":16,"turns":12},{"damage":4,"enemies":"Spheric Guardian","floor":18,"turns":4},{"damage":4,"enemies":"2 Thieves","floor":19,"turns":4},{"damage":4,"enemies":"3 Cultists","floor":20,"turns":5},{"damage":4,"enemies":"Snecko","floor":21,"turns":3},{"damage":21,"enemies":"Gremlin Leader","floor":24,"turns":10},{"damage":37,"enemies":"Sentry and Sphere","floor":28,"turns":9},{"damage":6,"enemies":"Centurion and Healer","floor":30,"turns":5},{"damage":52,"enemies":"Champ","floor":33,"turns":10}],"event_choices":[{"event_name":"Shining Light","player_choice":"Entered Light","floor":2,"damage_taken":0},{"event_name":"Cursed Tome","player_choice":"Obtained Book","floor":25,"damage_taken":0}],"boss_relics":[{"not_picked":["Lizard Tail","Runic Cube"],"picked":"Cursed Key"}],"potions_floor_spawned":[1,7,11,16,21,24],"seed_played":"8250470645741460751","killed_by":"Champ","ascension_level":1,"is_trial":false}