{"gold_per_floor":[116,127,137,154,134,165,177,194,220,48,62,62],"floor_reached":12,"playtime":1475,"items_purged":[],"score":168,"play_id":"26831ea8-d7d6-402e-b607-a295058eab64","local_time":"20181114010912","is_ascension_mode":true,"campfire_choices":[],"neow_cost":"PERCENT_DAMAGE","seed_source_timestamp":0,"circlet_count":0,"master_deck":["AscendersBane","Strike_R","Strike_R","Strike_R","Strike_R","Strike_R","Defend_R","Defend_R","Defend_R","Defend_R","Bash","Offering","Armaments","Pommel Strike","Shockwave","Spot Weakness","Double Tap","Carnage","Battle Trance","Power Through"],"special_seed":0,"relics":["Burning Blood","Shuriken","Bag of Preparation","Pen Nib"],"potions_floor_usage":[6,8,12],"damage_taken":[{"damage":8.0,"enemies":"Jaw Worm","floor":1.0,"turns":4.0},{"damage":7.0,"enemies":"Cultist","floor":2.0,"turns":3.0},{"damage":2,"enemies":"2 Louse","floor":3,"turns":4},{"damage":3,"enemies":"2 Fungi Beasts","floor":4,"turns":5},{"damage":29,"enemies":"3 Sentries","floor":6,"turns":11},{"damage":28,"enemies":"Exordium Wildlife","floor":7,"turns":3},{"damage":7,"enemies":"Large Slime","floor":8,"turns":5},{"damage":7,"enemies":"Blue Slaver","floor":11,"turns":4},{"damage":16,"enemies":"Lagavulin","floor":12,"turns":7}],"seed_played":"2519691065723479764","potions_obtained":[{"floor":1.0,"key":"PowerPotion"},{"floor":3,"key":"Energy Potion"},{"floor":6,"key":"Dexterity Potion"}],"is_trial":false,"path_per_floor":["M","M","M","M","?","E","M","M","T","$","M","E"],"character_chosen":"IRONCLAD","items_purchased":["Pen Nib"],"campfire_rested":0,"item_purchase_floors":[10],"current_hp_per_floor":[48,47,51,54,54,31,9,8,8,8,7,0],"gold":62,"neow_bonus":"THREE_RARE_CARDS","is_prod":false,"is_daily":false,"chose_seed":false,"campfire_upgraded":0,"win_rate":0,"timestamp":1542150552,"path_taken":["M","M","M","M","?","E","M","M","T","$","M","E"],"build_version":"2018-11-12","purchased_purges":0,"victory":false,"max_hp_per_floor":[75,75,75,75,75,75,75,75,75,75,75,75],"card_choices":[{"not_picked":["Double Tap","Dark Embrace"],"picked":"Offering","floor":0.0},{"not_picked":["Fire Breathing","Corruption"],"picked":"Armaments","floor":1.0},{"not_picked":["Rupture","Rage"],"picked":"Pommel Strike","floor":2.0},{"not_picked":["Iron Wave","Pommel Strike"],"picked":"Shockwave","floor":3},{"not_picked":["Sword Boomerang","Pommel Strike"],"picked":"Spot Weakness","floor":4},{"not_picked":["Wild Strike","Perfected Strike"],"picked":"Double Tap","floor":6},{"not_picked":["Iron Wave","Reckless Charge"],"picked":"Carnage","floor":7},{"not_picked":["Iron Wave","Perfected Strike"],"picked":"Battle Trance","floor":8},{"not_picked":["Shrug It Off","Twin Strike"],"picked":"Power Through","floor":11}],"player_experience":647725,"relics_obtained":[{"floor":6,"key":"Shuriken"},{"floor":9,"key":"Bag of Preparation"}],"event_choices":[{"damage_healed":0,"gold_gain":0,"player_choice":"Bought 1 Potion","damage_taken":0,"max_hp_gain":0,"max_hp_loss":0,"event_name":"The Woman in Blue","floor":5,"gold_loss":0}],"is_beta":true,"boss_relics":[],"items_purged_floors":[],"is_endless":false,"potions_floor_spawned":[1,3,4,6],"killed_by":"Lagavulin","ascension_level":20}