{"path_per_floor":["M","M","?","M","$","E","M","E","T","R","?","?","E","$","R","B",null,"M","M","?","T","$","R","$"],"character_chosen":"THE_SILENT","items_purchased":["Footwork","Escape Plan","Blur"],"gold_per_floor":[114,126,126,142,0,29,40,65,65,65,15,90,121,46,46,141,171,183,197,197,197,19,19,19],"floor_reached":25,"campfire_rested":1,"playtime":2685,"current_hp_per_floor":[71,71,64,60,60,55,52,43,50,50,50,39,5,5,30,25,84,75,57,57,57,57,57,57],"items_purged":["Strike_G","Doubt"],"gold":19,"score":260,"play_id":"945afca8-cb7f-444b-ba00-e477d4500fe7","is_prod":false,"is_daily":false,"is_ascension_mode":true,"campfire_upgraded":1,"path_taken":["M","M","?","?","$","E","M","E","T","R","?","?","E","$","R","BOSS","M","M","?","?","$","R","$","E"],"build_version":"2018-02-06-BETA1","purchased_purges":2,"victory":false,"master_deck":["Defend_G","Defend_G","Defend_G","Defend_G","Defend_G","Strike_G","Survivor","Neutralize","Predator","Acrobatics","Footwork+1","Escape Plan","Deflect","Glass Knife","Blur+1"],"max_hp_per_floor":[77,77,77,77,77,77,77,77,84,84,84,84,84,84,84,84,84,84,84,84,84,84,84,84],"relics":["Ring of the Snake","Snake Skull","Omamori","Strawberry","Shuriken","Calling Bell","Tiny Chest","Ancient Tea Set","Toxic Egg 2","Shovel","Bronze Scales"],"card_choices":[{"not_picked":["Dagger Throw","Prepared"],"picked":"Predator"},{"not_picked":["All Out Attack","Deflect"],"picked":"Acrobatics"},{"not_picked":["Calculated Gamble","All Out Attack"],"picked":"Deflect"},{"not_picked":["Phantasmal Killer","Storm of Steel"],"picked":"Glass Knife"}],"player_experience":136574,"potions_floor_usage":[6,6,8,13,16,19,25],"damage_taken":[{"damage":6,"enemies":"Cultist","floor":1,"turns":5},{"damage":0,"enemies":"Small Slimes","floor":2,"turns":3},{"damage":4,"enemies":"Blue Slaver","floor":4,"turns":3},{"damage":5,"enemies":"3 Sentries","floor":6,"turns":9},{"damage":3,"enemies":"Looter","floor":7,"turns":5},{"damage":24,"enemies":"Lagavulin","floor":8,"turns":9},{"damage":34,"enemies":"Gremlin Nob","floor":13,"turns":6},{"damage":5,"enemies":"The Guardian","floor":16,"turns":15},{"damage":9,"enemies":"Shell Parasite","floor":18,"turns":13},{"damage":18,"enemies":"Spheric Guardian","floor":19,"turns":8},{"damage":72,"enemies":"Gremlin Leader","floor":25,"turns":11}],"event_choices":[{"event_name":"Golden Wing","player_choice":"Card Removal","floor":3,"damage_taken":0},{"event_name":"The Cleric","player_choice":"Card Removal","floor":11,"damage_taken":0},{"event_name":"World of Goop","player_choice":"Gather Gold","floor":12,"damage_taken":0},{"event_name":"Purifier","player_choice":"One Purge","floor":20,"damage_taken":0}],"boss_relics":[{"not_picked":["Runic Pyramid","Eternal Feather"],"picked":"Calling Bell"}],"potions_floor_spawned":[1,7,13,16,18],"seed_played":"5133705696652585837","killed_by":"Gremlin Leader","ascension_level":4,"is_trial":false}