{"gold_per_floor":[117,117,131,149,167,167,200,211,259,259,284,284,314,12,12,83,83,93,143,161,161],"floor_reached":21,"playtime":1375,"items_purged":["Parasite"],"score":368,"play_id":"8590da85-af0c-4588-a98e-f6084e66d21a","local_time":"20190212194909","is_ascension_mode":true,"campfire_choices":[{"data":"Terror","floor":6,"key":"SMITH"},{"data":"Neutralize","floor":12,"key":"SMITH"},{"floor":15,"key":"REST"}],"neow_cost":"NONE","seed_source_timestamp":861451857562,"circlet_count":0,"master_deck":["AscendersBane","Defend_G","Defend_G","Defend_G","Defend_G","Defend_G","Strike_G","Strike_G","Strike_G","Strike_G","Strike_G","Survivor","Neutralize","Infinite Blades","Terror+1","Neutralize+1","Well Laid Plans","Quick Slash","Endless Agony","Accuracy","Tools of the Trade","PiercingWail","Predator","Wraith Form v2","Underhanded Strike","Dagger Spray"],"relics":["Ring of the Snake","NeowsBlessing","Ancient Tea Set","Lantern","Paper Crane","Bag of Marbles","Sling","Sozu"],"potions_floor_usage":[7,8,13,16,18],"damage_taken":[{"damage":0,"enemies":"Cultist","floor":1,"turns":1},{"damage":0,"enemies":"Small Slimes","floor":3,"turns":1},{"damage":0,"enemies":"2 Louse","floor":4,"turns":1},{"damage":1,"enemies":"Exordium Wildlife","floor":5,"turns":4},{"damage":19,"enemies":"3 Sentries","floor":7,"turns":7},{"damage":11,"enemies":"Lots of Slimes","floor":8,"turns":6},{"damage":12,"enemies":"Lagavulin","floor":11,"turns":6},{"damage":12,"enemies":"Gremlin Nob","floor":13,"turns":4},{"damage":13,"enemies":"Hexaghost","floor":16,"turns":8},{"damage":6,"enemies":"Shell Parasite","floor":18,"turns":4},{"damage":36,"enemies":"3 Byrds","floor":20,"turns":6},{"damage":6,"enemies":"3 Cultists","floor":21,"turns":4}],"seed_played":"5253761208060806061","potions_obtained":[{"floor":3,"key":"AttackPotion"},{"floor":5,"key":"Fire Potion"},{"floor":7,"key":"Dexterity Potion"},{"floor":13,"key":"EntropicBrew"},{"floor":16,"key":"Ancient Potion"}],"is_trial":false,"path_per_floor":["M","?","M","M","M","R","E","M","T","?","E","R","E","$","R","B",null,"M","?","M","M"],"character_chosen":"THE_SILENT","items_purchased":["Sling"],"campfire_rested":1,"item_purchase_floors":[14],"current_hp_per_floor":[59,59,59,59,58,58,39,28,28,44,32,32,20,20,38,25,54,48,42,6,0],"gold":161,"neow_bonus":"THREE_ENEMY_KILL","is_prod":false,"is_daily":false,"chose_seed":false,"campfire_upgraded":2,"win_rate":0,"timestamp":1550029749,"path_taken":["M","?","M","M","?","R","E","M","T","?","E","R","E","$","R","BOSS","M","?","M","M"],"build_version":"2019-01-23","purchased_purges":1,"victory":false,"max_hp_per_floor":[66,66,66,66,66,66,66,66,66,66,66,66,66,63,63,63,63,63,63,63,63],"card_choices":[{"not_picked":["Bane","Dodge and Roll"],"picked":"Infinite Blades","floor":1},{"not_picked":["Skewer","Reflex"],"picked":"Well Laid Plans","floor":3},{"not_picked":["Underhanded Strike","Backflip"],"picked":"Quick Slash","floor":4},{"not_picked":["Tactician","Underhanded Strike"],"picked":"Endless Agony","floor":5},{"not_picked":["Dagger Throw","Reflex"],"picked":"Accuracy","floor":7},{"not_picked":["Outmaneuver","Blur"],"picked":"Tools of the Trade","floor":8},{"not_picked":["Acrobatics","Bullet Time"],"picked":"PiercingWail","floor":11},{"not_picked":["Flying Knee","Bouncing Flask"],"picked":"Predator","floor":13},{"not_picked":["Grand Finale","Corpse Explosion"],"picked":"Wraith Form v2","floor":16},{"not_picked":["Dodge and Roll","Prepared"],"picked":"Underhanded Strike","floor":18},{"not_picked":["Slice","Deadly Poison"],"picked":"Dagger Spray","floor":20}],"player_experience":507418,"relics_obtained":[{"floor":7,"key":"Ancient Tea Set"},{"floor":9,"key":"Lantern"},{"floor":11,"key":"Paper Crane"},{"floor":13,"key":"Bag of Marbles"}],"event_choices":[{"damage_healed":0,"gold_gain":0,"player_choice":"2 cards matched","damage_taken":0,"max_hp_gain":0,"max_hp_loss":0,"event_name":"Match and Keep!","floor":2,"gold_loss":0,"cards_obtained":["Terror","Neutralize"]},{"damage_healed":16,"gold_gain":0,"player_choice":"Healed and dodged fight","damage_taken":0,"max_hp_gain":0,"max_hp_loss":0,"event_name":"Mushrooms","floor":10,"gold_loss":0,"cards_obtained":["Parasite"]},{"damage_healed":0,"gold_gain":50,"player_choice":"Touch","damage_taken":6,"max_hp_gain":0,"max_hp_loss":0,"event_name":"FaceTrader","floor":19,"gold_loss":0}],"is_beta":false,"boss_relics":[{"not_picked":["White Beast Statue","Runic Dome"],"picked":"Sozu"}],"items_purged_floors":[14],"is_endless":false,"potions_floor_spawned":[3,5,7,13,16,20],"killed_by":"3 Cultists","ascension_level":17}