{"path_per_floor":["M","?","$","M","M","R","E","M","T","?","M","R","$","M","R","B",null,"M","M","M","$","M","R","M","R","T","?","M","E","?","$","R","B",null,"M","M","?","$","T"],"character_chosen":"IRONCLAD","items_purchased":["Shrug It Off","Body Slam","Happy Flower","Dropkick","Sentinel","Impervious"],"gold_per_floor":[109,109,11,23,36,36,64,82,160,160,177,177,29,44,44,148,148,160,177,197,11,25,25,40,40,108,33,50,78,78,78,78,183,183,200,218,270,35,82],"floor_reached":40,"campfire_rested":1,"playtime":3183,"current_hp_per_floor":[76,76,76,80,80,80,61,66,66,50,55,55,55,56,56,26,67,61,61,51,51,49,49,23,47,47,47,49,51,51,51,51,43,71,73,47,25,25,25],"items_purged":["Strike_R","Defend_R"],"gold":82,"score":483,"play_id":"0dae2cf5-39f6-4066-b044-cc818df57b85","is_prod":false,"is_daily":false,"is_ascension_mode":true,"campfire_upgraded":5,"path_taken":["M","?","$","M","?","R","E","M","T","?","M","R","$","M","R","BOSS","M","?","?","$","M","R","M","R","T","?","?","E","?","?","R","BOSS","M","M","?","$","?","E"],"build_version":"2018-02-22-PROD2","purchased_purges":3,"victory":false,"master_deck":["Strike_R+1","Defend_R","Defend_R","Bash+1","Shrug It Off","Body Slam+1","Inflame+1","True Grit+1","Ghostly Armor","Offering","Disarm+1","Cleave+1","Hemokinesis+1","Uppercut+1","Headbutt+1","Body Slam+1","Dropkick+1","Sentinel+1","Shockwave+1","Dropkick+1","Barricade+1","Headbutt+1","Impervious"],"max_hp_per_floor":[80,80,80,80,80,80,80,80,80,80,80,80,80,80,80,80,80,80,80,80,80,80,80,80,80,80,80,80,80,80,80,80,80,80,80,80,80,80,80],"relics":["Burning Blood","Lantern","Molten Egg 2","Happy Flower","Astrolabe","Letter Opener","Frozen Egg 2","Question Card","Calipers","Anchor"],"card_choices":[{"not_picked":["Limit Break","Carnage"],"picked":"Inflame"},{"not_picked":["Anger","Cleave"],"picked":"True Grit"},{"not_picked":["Hemokinesis","Body Slam"],"picked":"Ghostly Armor"},{"not_picked":["Immolate","Juggernaut"],"picked":"Offering"},{"not_picked":["Wild Strike","Flex"],"picked":"Uppercut"},{"not_picked":["Wild Strike","Armaments"],"picked":"Headbutt"},{"not_picked":["Cleave","Hemokinesis"],"picked":"Body Slam"},{"not_picked":["Seeing Red","Combust"],"picked":"Shockwave"},{"not_picked":["Demon Form","Brutality"],"picked":"Barricade"},{"not_picked":["Perfected Strike","Bloodletting","Wild Strike"],"picked":"Headbutt"}],"player_experience":324986,"potions_floor_usage":[5,7,16,19,33,37],"damage_taken":[{"damage":2,"enemies":"2 Louse","floor":1,"turns":3},{"damage":1,"enemies":"Cultist","floor":4,"turns":4},{"damage":3,"enemies":"Jaw Worm","floor":5,"turns":5},{"damage":25,"enemies":"3 Sentries","floor":7,"turns":8},{"damage":1,"enemies":"3 Louse","floor":8,"turns":4},{"damage":1,"enemies":"Red Slaver","floor":11,"turns":4},{"damage":5,"enemies":"Gremlin Gang","floor":14,"turns":4},{"damage":36,"enemies":"Hexaghost","floor":16,"turns":10},{"damage":12,"enemies":"2 Thieves","floor":18,"turns":4},{"damage":6,"enemies":"Shell Parasite","floor":19,"turns":4},{"damage":16,"enemies":"Snecko","floor":20,"turns":5},{"damage":8,"enemies":"Centurion and Healer","floor":22,"turns":4},{"damage":32,"enemies":"Cultist and Chosen","floor":24,"turns":6},{"damage":4,"enemies":"Snecko","floor":28,"turns":2},{"damage":4,"enemies":"Slavers","floor":29,"turns":3},{"damage":14,"enemies":"Champ","floor":33,"turns":8},{"damage":4,"enemies":"Orb Walker","floor":35,"turns":2},{"damage":32,"enemies":"3 Darklings","floor":36,"turns":5},{"damage":28,"enemies":"Mysterious Sphere","floor":37,"turns":6},{"damage":27,"enemies":"2 Orb Walkers","floor":40,"turns":2}],"event_choices":[{"event_name":"The Lab","player_choice":"Got Potions","floor":2,"damage_taken":0},{"event_name":"Shining Light","player_choice":"Entered Light","floor":10,"damage_taken":0},{"event_name":"Beggar","player_choice":"Gave Gold","floor":27,"damage_taken":0},{"event_name":"The Library","player_choice":"Read","floor":30,"damage_taken":0},{"event_name":"Mysterious Sphere","player_choice":"Fight","floor":37,"damage_taken":0}],"boss_relics":[{"not_picked":["Runic Pyramid","Philosopher\u0027s Stone"],"picked":"Astrolabe"},{"not_picked":["White Beast Statue","Black Star"],"picked":"Question Card"}],"potions_floor_spawned":[4,14,16,19,20,28,29,33,35,37],"seed_played":"4538153706733981648","killed_by":"2 Orb Walkers","ascension_level":7,"is_trial":false}