{"gold_per_floor":[113,131,56,67,67,67,96,106,188,188],"floor_reached":10,"playtime":377,"items_purged":["Shame"],"score":126,"play_id":"8c400f97-4f60-456d-b358-11ec1895a310","local_time":"20190212225837","is_ascension_mode":true,"campfire_choices":[{"data":"Dash","floor":6,"key":"SMITH"}],"neow_cost":"CURSE","seed_source_timestamp":13227860655131,"circlet_count":0,"master_deck":["AscendersBane","Defend_G","Defend_G","Defend_G","Defend_G","Defend_G","Strike_G","Strike_G","Strike_G","Strike_G","Strike_G","Survivor","Neutralize+1","Dash+1","Dagger Throw","Cloak And Dagger","Calculated Gamble","Underhanded Strike"],"relics":["Ring of the Snake","FossilizedHelix","Tough Bandages","Mummified Hand"],"potions_floor_usage":[7,7],"damage_taken":[{"damage":0,"enemies":"2 Louse","floor":1,"turns":4},{"damage":0,"enemies":"Small Slimes","floor":2,"turns":3},{"damage":0,"enemies":"Cultist","floor":4,"turns":4},{"damage":15,"enemies":"Lagavulin","floor":7,"turns":6},{"damage":0,"enemies":"Looter","floor":8,"turns":3},{"damage":0,"enemies":"Gremlin Nob","floor":10,"turns":4}],"seed_played":"-2476183675774947325","potions_obtained":[{"floor":1,"key":"Strength Potion"},{"floor":2,"key":"SkillPotion"},{"floor":8,"key":"Dexterity Potion"}],"is_trial":false,"path_per_floor":["M","M","$","M","?","R","E","M","T","E"],"character_chosen":"THE_SILENT","items_purchased":[],"campfire_rested":0,"item_purchase_floors":[],"current_hp_per_floor":[59,59,59,59,59,59,44,44,44,44],"gold":188,"neow_bonus":"ONE_RARE_RELIC","is_prod":false,"is_daily":false,"chose_seed":false,"campfire_upgraded":1,"win_rate":0,"timestamp":1550041117,"path_taken":["M","M","$","M","?","R","E","M","T","E"],"build_version":"2019-01-23","purchased_purges":1,"victory":false,"max_hp_per_floor":[66,66,66,66,66,66,66,66,66,66],"card_choices":[{"not_picked":["Calculated Gamble","Underhanded Strike"],"picked":"Dash","floor":1},{"not_picked":["Poisoned Stab","Quick Slash"],"picked":"Dagger Throw","floor":2},{"not_picked":["Bane","Acrobatics"],"picked":"Cloak And Dagger","floor":4},{"not_picked":["Dodge and Roll","Tactician"],"picked":"Calculated Gamble","floor":7},{"not_picked":["Sucker Punch","Crippling Poison"],"picked":"Underhanded Strike","floor":8}],"player_experience":519204,"relics_obtained":[{"floor":7,"key":"Tough Bandages"},{"floor":9,"key":"Mummified Hand"}],"event_choices":[{"damage_healed":0,"gold_gain":0,"player_choice":"Grow","damage_taken":0,"max_hp_gain":0,"max_hp_loss":0,"event_name":"Living Wall","floor":5,"gold_loss":0,"cards_upgraded":["Neutralize"]}],"is_beta":false,"boss_relics":[],"items_purged_floors":[3],"is_endless":false,"potions_floor_spawned":[1,2,8],"killed_by":"Gremlin Nob","ascension_level":17}