{"gold_per_floor":[115,115,127,127,139,164,184,184,184,194,84,113,130,149,149,245,245,259,275,275,275,292,317,317,317,317,333,533,545,303,334,334,438,438,451,131,0,0,0,0,18,31,56,56,72,72,72],"floor_reached":47,"playtime":1961,"items_purged":["Pain","Chaos"],"score":577,"play_id":"fba11fcd-2f96-4db1-9b89-1077a164512d","local_time":"20190102230937","is_ascension_mode":false,"campfire_choices":[{"data":"Zap","floor":8,"key":"SMITH"},{"data":"Auto Shields","floor":15,"key":"SMITH"},{"floor":25,"key":"REST"},{"floor":32,"key":"REST"},{"data":"Electrodynamics","floor":40,"key":"SMITH"}],"neow_cost":"PERCENT_DAMAGE","seed_source_timestamp":1137817670876415,"circlet_count":0,"master_deck":["Strike_B","Strike_B","Strike_B","Strike_B","Defend_B","Defend_B","Defend_B","Zap+1","Dualcast","Redo","Cold Snap","Doom and Gloom","Coolheaded","Auto Shields+1","Compile Driver","Loop","White Noise","Go for the Eyes","Electrodynamics","Capacitor","Glacier","Lockon","Electrodynamics+1","Beam Cell+1","Conserve Battery","Sweeping Beam","Echo Form","Thunder Strike","Capacitor","Madness","Madness","Heatsinks","Gash+1"],"relics":["Cracked Core","FossilizedHelix","Anchor","WarpedTongs","Shuriken","Potion Belt","Lantern","Philosopher\u0027s Stone","Centennial Puzzle","Nilry\u0027s Codex","The Courier","Ice Cream","Happy Flower","White Beast Statue","Molten Egg 2","Red Mask"],"potions_floor_usage":[6,10,12,23,29,33],"damage_taken":[{"damage":0,"enemies":"Small Slimes","floor":1,"turns":3},{"damage":0,"enemies":"Cultist","floor":3,"turns":3},{"damage":2,"enemies":"Jaw Worm","floor":5,"turns":2},{"damage":10,"enemies":"Lagavulin","floor":6,"turns":5},{"damage":2,"enemies":"Blue Slaver","floor":7,"turns":3},{"damage":3,"enemies":"3 Louse","floor":10,"turns":2},{"damage":0,"enemies":"3 Sentries","floor":12,"turns":5},{"damage":0,"enemies":"Exordium Wildlife","floor":13,"turns":2},{"damage":0,"enemies":"Blue Slaver","floor":14,"turns":3},{"damage":0,"enemies":"Hexaghost","floor":16,"turns":8},{"damage":11,"enemies":"Spheric Guardian","floor":18,"turns":4},{"damage":0,"enemies":"Shell Parasite","floor":19,"turns":4},{"damage":0,"enemies":"Cultist and Chosen","floor":22,"turns":4},{"damage":35,"enemies":"Book of Stabbing","floor":23,"turns":6},{"damage":2,"enemies":"Snake Plant","floor":27,"turns":4},{"damage":0,"enemies":"Shelled Parasite and Fungi","floor":29,"turns":3},{"damage":10,"enemies":"Gremlin Leader","floor":31,"turns":5},{"damage":37,"enemies":"Champ","floor":33,"turns":9},{"damage":3,"enemies":"3 Shapes","floor":35,"turns":2},{"damage":9,"enemies":"3 Darklings","floor":41,"turns":3},{"damage":17,"enemies":"Spire Growth","floor":42,"turns":5},{"damage":0,"enemies":"Maw","floor":45,"turns":7},{"damage":37,"enemies":"Writhing Mass","floor":47,"turns":5}],"seed_played":"-6338254070446746640","potions_obtained":[{"floor":1,"key":"Fire Potion"},{"floor":6,"key":"Energy Potion"},{"floor":7,"key":"Explosive Potion"},{"floor":13,"key":"Explosive Potion"},{"floor":14,"key":"Ancient Potion"},{"floor":22,"key":"Dexterity Potion"},{"floor":23,"key":"Explosive Potion"},{"floor":27,"key":"SteroidPotion"},{"floor":33,"key":"FocusPotion"},{"floor":35,"key":"Explosive Potion"},{"floor":41,"key":"SpeedPotion"},{"floor":45,"key":"FocusPotion"}],"is_trial":false,"path_per_floor":["M","?","M","?","M","E","M","R","T","M","$","E","M","M","R","B",null,"M","M","?","?","M","E","?","R","T","M","?","M","$","E","R","B",null,"M","$","?","$","?","R","M","M","T","$","M","?","M"],"character_chosen":"DEFECT","items_purchased":["Loop","Ice Cream","Capacitor","Molten Egg 2"],"campfire_rested":2,"item_purchase_floors":[11,30,36,36],"current_hp_per_floor":[54,51,51,51,49,39,37,37,37,34,34,34,34,34,34,34,75,64,64,64,64,64,29,13,35,35,33,33,33,33,23,45,8,75,72,72,72,72,63,63,54,37,37,37,37,37,0],"gold":72,"neow_bonus":"ONE_RARE_RELIC","is_prod":false,"is_daily":false,"chose_seed":false,"campfire_upgraded":3,"win_rate":0,"timestamp":1546438177,"path_taken":["M","?","M","?","M","E","M","R","T","?","?","E","M","M","R","BOSS","M","M","?","?","M","E","?","R","T","?","?","M","?","E","R","BOSS","M","$","?","?","?","R","M","M","T","?","?","?","M"],"build_version":"2018-12-20","purchased_purges":2,"victory":false,"max_hp_per_floor":[75,75,75,75,75,75,75,75,75,75,75,75,75,75,75,75,75,75,75,75,75,75,75,75,75,75,75,75,75,75,75,75,75,75,75,75,75,75,75,75,75,75,75,75,75,75,75],"card_choices":[{"not_picked":["Reprogram","Leap"],"picked":"Redo","floor":1},{"not_picked":["Compile Driver","Barrage"],"picked":"Cold Snap","floor":3},{"not_picked":["Rebound","Cold Snap"],"picked":"Doom and Gloom","floor":5},{"not_picked":["Steam","Rebound"],"picked":"Coolheaded","floor":6},{"not_picked":["Beam Cell","BootSequence"],"picked":"Auto Shields","floor":7},{"not_picked":["Machine Learning","Barrage"],"picked":"Compile Driver","floor":10},{"not_picked":["Turbo","Undo"],"picked":"White Noise","floor":12},{"not_picked":["Barrage","Gash"],"picked":"Blizzard","floor":13},{"not_picked":["Stack","Coolheaded"],"picked":"Go for the Eyes","floor":14},{"not_picked":["Seek","Reboot"],"picked":"Electrodynamics","floor":16},{"not_picked":["Barrage","Steam"],"picked":"Capacitor","floor":18},{"not_picked":["Stack","Turbo"],"picked":"Glacier","floor":19},{"not_picked":["Go for the Eyes","Gash"],"picked":"Beam Cell+1","floor":22},{"not_picked":["Rebound+1","Streamline"],"picked":"Conserve Battery","floor":23},{"not_picked":["Meteor Strike","Redo+1"],"picked":"Sweeping Beam","floor":27},{"not_picked":["Storm","Force Field"],"picked":"Chaos","floor":29},{"not_picked":["Conserve Battery","Gash+1"],"picked":"Echo Form","floor":31},{"not_picked":["Multi-Cast","Electrodynamics"],"picked":"Thunder Strike","floor":33},{"not_picked":["Scrape+1","Steam","Chaos+1"],"picked":"SKIP","floor":35},{"not_picked":["Streamline+1","Ball Lightning+1"],"picked":"Heatsinks","floor":41},{"not_picked":["Heatsinks","Cold Snap+1","Rip and Tear+1"],"picked":"SKIP","floor":42},{"not_picked":["Compile Driver+1","Glacier"],"picked":"Gash+1","floor":45}],"player_experience":319452,"relics_obtained":[{"floor":6,"key":"Shuriken"},{"floor":9,"key":"Potion Belt"},{"floor":12,"key":"Lantern"},{"floor":23,"key":"Centennial Puzzle"},{"floor":24,"key":"Nilry\u0027s Codex"},{"floor":26,"key":"The Courier"},{"floor":31,"key":"Happy Flower"}],"event_choices":[{"damage_healed":0,"gold_gain":0,"player_choice":"Success","damage_taken":3,"relics_obtained":["Anchor"],"max_hp_gain":0,"max_hp_loss":0,"event_name":"Scrap Ooze","floor":2,"gold_loss":0},{"damage_healed":0,"gold_gain":0,"player_choice":"Rummage","damage_taken":0,"relics_obtained":["WarpedTongs"],"max_hp_gain":0,"max_hp_loss":0,"event_name":"Accursed Blacksmith","floor":4,"gold_loss":0,"cards_obtained":["Pain"]},{"damage_healed":0,"gold_gain":0,"player_choice":"Ignored","damage_taken":0,"max_hp_gain":0,"max_hp_loss":0,"event_name":"Ghosts","floor":20,"gold_loss":0},{"damage_healed":0,"gold_gain":0,"cards_transformed":["Blizzard","Defend_B"],"player_choice":"Became Test Subject","damage_taken":0,"max_hp_gain":0,"max_hp_loss":0,"event_name":"Drug Dealer","floor":21,"gold_loss":0,"cards_obtained":["Lockon","Electrodynamics"]},{"damage_healed":0,"gold_gain":0,"player_choice":"Obtained Book","damage_taken":16,"max_hp_gain":0,"max_hp_loss":0,"event_name":"Cursed Tome","floor":24,"gold_loss":0},{"damage_healed":0,"gold_gain":250,"player_choice":"Bet on Owner","damage_taken":0,"max_hp_gain":0,"max_hp_loss":0,"event_name":"The Joust","floor":28,"gold_loss":50},{"damage_healed":0,"gold_gain":0,"player_choice":"Paid","damage_taken":0,"relics_obtained":["Red Mask"],"max_hp_gain":0,"max_hp_loss":0,"event_name":"Tomb of Lord Red Mask","floor":37,"gold_loss":131},{"damage_healed":0,"gold_gain":0,"player_choice":"Embrace Madness","damage_taken":9,"max_hp_gain":0,"max_hp_loss":0,"event_name":"Winding Halls","floor":39,"gold_loss":0,"cards_obtained":["Madness","Madness"]},{"damage_healed":0,"gold_gain":0,"player_choice":"Ignored","damage_taken":0,"max_hp_gain":0,"max_hp_loss":0,"event_name":"SecretPortal","floor":46,"gold_loss":0}],"is_beta":false,"boss_relics":[{"not_picked":["Snecko Eye","FrozenCore"],"picked":"Philosopher\u0027s Stone"},{"not_picked":["Coffee Dripper","Busted Crown"],"picked":"White Beast Statue"}],"items_purged_floors":[11,36],"is_endless":false,"potions_floor_spawned":[1,6,7,13,14,22,23,27,33,35,41,42,45],"killed_by":"Writhing Mass","ascension_level":0}