{"gold_per_floor":[168,168,66,77,88,119,119,131,213,213,65,65,83,83,83,188,188,163,182,182,182,193,193,227,227,227,247,282,299,299,310,310,405,405,416,416,429,34,44,44,71,71,143,143,162,191,34,59,59,59,59,59,12,39,39],"floor_reached":56,"playtime":8784,"items_purged":["Strike_B"],"score":1540,"play_id":"bb90b73d-858d-40c7-8b87-1a29b0da6367","local_time":"20190311180909","is_ascension_mode":true,"campfire_choices":[{"floor":7.0,"key":"RECALL"},{"data":"Creative AI","floor":12.0,"key":"SMITH"},{"data":"Capacitor","floor":15.0,"key":"SMITH"},{"floor":23.0,"key":"REST"},{"data":"Coolheaded","floor":25.0,"key":"SMITH"},{"floor":32.0,"key":"REST"},{"data":"Strike_B+1","floor":40.0,"key":"PURGE"},{"data":"Pain","floor":44.0,"key":"PURGE"},{"data":"Writhe","floor":49.0,"key":"PURGE"},{"data":"Strike_B+1","floor":52,"key":"PURGE"}],"neow_cost":"NONE","seed_source_timestamp":0,"circlet_count":0,"master_deck":["Defend_B+1","Defend_B+1","Defend_B+1","Defend_B+1","Zap+1","Consume","Cold Snap","Creative AI+1","Chill","Capacitor+1","BootSequence+1","Machine Learning","Storm","Core Surge+1","Chill","Cold Snap+1","Coolheaded+1","Self Repair","Chill+1","Leap","Loop","Coolheaded","Electrodynamics","Coolheaded+1","Defragment","Coolheaded+1","Glacier+1","Echo Form+1","Blizzard+1","Conserve Battery","Amplify"],"special_seed":0,"relics":["Tiny House","FossilizedHelix","Molten Egg 2","GremlinMask","Orrery","Nilry\u0027s Codex","War Paint","Calipers","Art of War","Cursed Key","Peace Pipe","Ornamental Fan","WarpedTongs","Frozen Egg 2","Shuriken","Mummified Hand"],"potions_floor_usage":[55],"damage_taken":[{"damage":14.0,"enemies":"2 Louse","floor":1.0,"turns":3.0},{"damage":4.0,"enemies":"Cultist","floor":4.0,"turns":5.0},{"damage":17.0,"enemies":"Small Slimes","floor":5.0,"turns":4.0},{"damage":13.0,"enemies":"Lagavulin","floor":6.0,"turns":8.0},{"damage":0.0,"enemies":"Gremlin Gang","floor":8.0,"turns":6.0},{"damage":0.0,"enemies":"2 Fungi Beasts","floor":13.0,"turns":4.0},{"damage":0.0,"enemies":"Slime Boss","floor":16.0,"turns":7.0},{"damage":21.0,"enemies":"2 Thieves","floor":18.0,"turns":5.0},{"damage":18.0,"enemies":"Spheric Guardian","floor":19.0,"turns":6.0},{"damage":1.0,"enemies":"Snecko","floor":22.0,"turns":8.0},{"damage":0.0,"enemies":"Book of Stabbing","floor":24.0,"turns":7.0},{"damage":0.0,"enemies":"Shelled Parasite and Fungi","floor":27.0,"turns":7.0},{"damage":35.0,"enemies":"Slavers","floor":28.0,"turns":5.0},{"damage":8.0,"enemies":"Snake Plant","floor":29.0,"turns":6.0},{"damage":12.0,"enemies":"Centurion and Healer","floor":31.0,"turns":6.0},{"damage":0.0,"enemies":"Champ","floor":33.0,"turns":8.0},{"damage":0.0,"enemies":"Orb Walker","floor":35.0,"turns":5.0},{"damage":0.0,"enemies":"3 Shapes","floor":37.0,"turns":3.0},{"damage":0.0,"enemies":"Maw","floor":39.0,"turns":10.0},{"damage":0.0,"enemies":"Nemesis","floor":41.0,"turns":7.0},{"damage":15.0,"enemies":"Spire Growth","floor":45.0,"turns":6.0},{"damage":25.0,"enemies":"Reptomancer","floor":46.0,"turns":7.0},{"damage":0.0,"enemies":"Giant Head","floor":48.0,"turns":11.0},{"damage":16.0,"enemies":"Time Eater","floor":50.0,"turns":11.0},{"damage":0,"enemies":"Shield and Spear","floor":54,"turns":8},{"damage":44,"enemies":"The Heart","floor":55,"turns":11}],"seed_played":"5916781537959274939","potions_obtained":[{"floor":0.0,"key":"EssenceOfSteel"},{"floor":6.0,"key":"FocusPotion"},{"floor":8.0,"key":"FocusPotion"},{"floor":19.0,"key":"SkillPotion"},{"floor":22.0,"key":"Swift Potion"},{"floor":24.0,"key":"Block Potion"},{"floor":27.0,"key":"PowerPotion"},{"floor":37.0,"key":"SteroidPotion"},{"floor":41.0,"key":"Explosive Potion"},{"floor":48.0,"key":"GamblersBrew"},{"floor":54,"key":"Weak Potion"}],"is_trial":false,"path_per_floor":["M","?","$","M","M","E","R","M","T","$","$","R","M","?","R","B",null,"M","M","?","?","M","R","E","R","T","M","E","M","?","M","R","B",null,"M","?","M","$","M","R","E","?","T","R","M","E","$","E","R","B",null,"R","$","E","B",null],"character_chosen":"DEFECT","items_purchased":["Chill","Capacitor","Storm","Defragment","Peace Pipe","Echo Form+1","Conserve Battery"],"campfire_rested":2,"item_purchase_floors":[3,3,11,38,38,47,53],"current_hp_per_floor":[66,66,66,62,45,32,32,32,32,32,32,32,32,32,32,32,80,59,48,33,17,30,55,62,62,62,69,41,40,40,35,60,67,85,85,85,85,85,85,85,85,85,85,85,77,52,52,59,59,53,85,85,85,85,48],"gold":39,"neow_bonus":"BOSS_RELIC","is_prod":false,"is_daily":false,"chose_seed":false,"campfire_upgraded":3,"win_rate":0,"timestamp":1552342149,"path_taken":["M","?","?","?","M","E","R","M","T","?","$","R","?","?","R","BOSS","M","?","?","?","M","R","E","R","T","M","E","M","?","M","R","BOSS","M","?","M","$","M","R","E","?","T","R","M","E","$","E","R","BOSS","R","$","E","BOSS"],"build_version":"2019-01-23","purchased_purges":1,"victory":true,"max_hp_per_floor":[80,80,80,80,80,80,80,80,80,80,80,80,80,80,80,80,80,80,80,85,85,85,85,85,85,85,85,85,85,85,85,85,85,85,85,85,85,85,85,85,85,85,85,85,85,85,85,85,85,85,85,85,85,85,85],"card_choices":[{"not_picked":["Compile Driver","Sweeping Beam"],"picked":"Consume","floor":0.0},{"not_picked":["Conserve Battery","Beam Cell"],"picked":"Cold Snap","floor":1.0},{"not_picked":["Steam","Genetic Algorithm"],"picked":"BootSequence","floor":4.0},{"not_picked":["Steam","Rebound","Redo"],"picked":"SKIP","floor":5.0},{"not_picked":["Scrape","Storm"],"picked":"Machine Learning","floor":6.0},{"not_picked":["Reprogram","Barrage","Streamline"],"picked":"SKIP","floor":8.0},{"not_picked":["Stack","Streamline+1","Reprogram"],"picked":"SKIP","floor":13.0},{"not_picked":["Reboot","Hyperbeam+1"],"picked":"Core Surge+1","floor":16.0},{"not_picked":["Hologram","Turbo"],"picked":"Chill","floor":17.0},{"not_picked":["Storm","BootSequence"],"picked":"Cold Snap+1","floor":17.0},{"not_picked":["Rip and Tear+1","Ball Lightning+1"],"picked":"Coolheaded","floor":17.0},{"not_picked":["Ball Lightning+1","Redo+1"],"picked":"Self Repair","floor":18.0},{"not_picked":["Turbo","Rebound+1"],"picked":"Chill+1","floor":19.0},{"not_picked":["Static Discharge","All For One+1"],"picked":"Leap","floor":22.0},{"not_picked":["Rip and Tear+1","Gash+1","Sweeping Beam+1"],"picked":"SKIP","floor":24.0},{"not_picked":["Steam","Barrage+1"],"picked":"Loop","floor":27.0},{"not_picked":["Lockon+1","Hologram","Rebound+1"],"picked":"SKIP","floor":28.0},{"not_picked":["Genetic Algorithm","Stack"],"picked":"Coolheaded","floor":29.0},{"not_picked":["Hologram","Aggregate","Compile Driver+1"],"picked":"SKIP","floor":31.0},{"not_picked":["Amplify","Meteor Strike+1"],"picked":"Electrodynamics","floor":33.0},{"not_picked":["Sweeping Beam+1","Hologram"],"picked":"Coolheaded+1","floor":35.0},{"not_picked":["Beam Cell+1","Heatsinks","Rebound+1"],"picked":"SKIP","floor":37.0},{"not_picked":["Sweeping Beam+1","BootSequence"],"picked":"Coolheaded+1","floor":39.0},{"not_picked":["Rip and Tear+1","Compile Driver+1"],"picked":"Glacier+1","floor":41.0},{"not_picked":["Conserve Battery","Beam Cell+1","Steam"],"picked":"SKIP","floor":45.0},{"not_picked":["Barrage+1","Rebound+1","Recycle+1"],"picked":"SKIP","floor":46.0},{"not_picked":["Aggregate","Rebound+1"],"picked":"Blizzard+1","floor":48.0},{"not_picked":["Gash+1","Self Repair+1"],"picked":"Amplify","floor":54}],"player_experience":283139,"relics_obtained":[{"floor":6.0,"key":"FossilizedHelix"},{"floor":9.0,"key":"Molten Egg 2"},{"floor":21.0,"key":"Nilry\u0027s Codex"},{"floor":24.0,"key":"War Paint"},{"floor":26.0,"key":"Calipers"},{"floor":28.0,"key":"Art of War"},{"floor":41.0,"key":"Ornamental Fan"},{"floor":46.0,"key":"Frozen Egg 2"},{"floor":48.0,"key":"Shuriken"},{"floor":54,"key":"Mummified Hand"}],"event_choices":[{"damage_healed":0.0,"max_hp_gain":0.0,"max_hp_loss":0.0,"gold_gain":0.0,"cards_transformed":["Dualcast"],"event_name":"Transmorgrifier","player_choice":"Transformed","floor":2.0,"gold_loss":0.0,"damage_taken":0.0,"cards_obtained":["Creative AI"]},{"damage_healed":0.0,"max_hp_gain":0.0,"max_hp_loss":0.0,"gold_gain":0.0,"event_name":"FaceTrader","player_choice":"Trade","floor":14.0,"gold_loss":0.0,"damage_taken":0.0,"relics_obtained":["GremlinMask"]},{"damage_healed":0.0,"max_hp_gain":5.0,"max_hp_loss":0.0,"gold_gain":0.0,"event_name":"Forgotten Altar","player_choice":"Shed Blood","floor":20.0,"gold_loss":0.0,"damage_taken":20.0},{"damage_healed":0.0,"max_hp_gain":0.0,"max_hp_loss":0.0,"gold_gain":0.0,"event_name":"Cursed Tome","player_choice":"Obtained Book","floor":21.0,"gold_loss":0.0,"damage_taken":16.0},{"damage_healed":0.0,"max_hp_gain":0.0,"max_hp_loss":0.0,"gold_gain":0.0,"event_name":"Back to Basics","player_choice":"Simplicity","floor":30.0,"gold_loss":0.0,"damage_taken":0.0,"cards_upgraded":["Strike_B","Strike_B","Strike_B","Defend_B","Defend_B","Defend_B"]},{"cards_removed":["Strike_B"],"damage_healed":0.0,"max_hp_gain":0.0,"max_hp_loss":0.0,"gold_gain":0.0,"event_name":"Falling","player_choice":"Removed Attack","floor":36.0,"gold_loss":0.0,"damage_taken":0.0},{"damage_healed":0.0,"max_hp_gain":0.0,"max_hp_loss":0.0,"gold_gain":0.0,"event_name":"Accursed Blacksmith","player_choice":"Rummage","floor":42.0,"gold_loss":0.0,"damage_taken":0.0,"relics_obtained":["WarpedTongs"],"cards_obtained":["Pain"]}],"is_beta":false,"boss_relics":[{"not_picked":["Philosopher\u0027s Stone","Lizard Tail"],"picked":"Orrery"},{"not_picked":["Nuclear Battery","Velvet Choker"],"picked":"Cursed Key"}],"items_purged_floors":[11],"is_endless":false,"potions_floor_spawned":[6,8,19,22,24,27,37,41,48,54],"ascension_level":2}