{"gold_per_floor":[209,209,209,209,228,257,257,289,289,289,303,331,37,47,47,147,147,159,189,189,199,214,214,233,233,233,251,166,166,183,3,3,99,99,111,164,164,179,179,179,214,226,238,262,290,26,26,37,37,37],"floor_reached":51,"playtime":6141,"items_purged":["Defend_G","Strike_G","Strike_G"],"score":916,"play_id":"1f7da61e-5688-4ace-9894-aad3f859159a","local_time":"20190317133902","is_ascension_mode":true,"campfire_choices":[{"floor":7,"key":"REST"},{"floor":10,"key":"REST"},{"floor":15,"key":"REST"},{"data":"Infinite Blades","floor":23,"key":"SMITH"},{"data":"Cloak And Dagger","floor":25,"key":"SMITH"},{"data":"Noxious Fumes","floor":29,"key":"SMITH"},{"floor":32,"key":"REST"},{"data":"Well Laid Plans","floor":40,"key":"SMITH"},{"data":"Footwork","floor":42,"key":"SMITH"},{"data":"Storm of Steel","floor":47,"key":"SMITH"},{"floor":49,"key":"REST"}],"neow_cost":"NONE","seed_source_timestamp":288857341026652,"circlet_count":0,"master_deck":["Defend_G","Defend_G","Defend_G","Defend_G","Strike_G","Strike_G+1","Survivor","Neutralize+1","Blur+1","Backstab","PiercingWail","Acrobatics","Crippling Poison","Cloak And Dagger+1","Blur","Infinite Blades+1","Malaise","Noxious Fumes+1","Blade Dance","Dodge and Roll+1","Blade Dance+1","Footwork+1","Well Laid Plans+1","Acrobatics+1","Backstab+1","Storm of Steel+1","Backflip+1","Accuracy+1"],"relics":["Ring of the Snake","Matryoshka","Regal Pillow","Ninja Scroll","Question Card","Lantern","Odd Mushroom","Vajra","WristBlade","Red Mask","Pen Nib","Meat on the Bone","Dead Branch","Sozu","FossilizedHelix","MawBank","Pear","Strawberry"],"potions_floor_usage":[8,8,16,22,33,36],"damage_taken":[{"damage":7,"enemies":"Small Slimes","floor":1,"turns":7},{"damage":0,"enemies":"Jaw Worm","floor":5,"turns":4},{"damage":21,"enemies":"3 Sentries","floor":6,"turns":15},{"damage":32,"enemies":"Gremlin Nob","floor":8,"turns":7},{"damage":0,"enemies":"Cultist","floor":11,"turns":2},{"damage":14,"enemies":"The Mushroom Lair","floor":12,"turns":4},{"damage":0,"enemies":"Looter","floor":14,"turns":1},{"damage":42,"enemies":"Hexaghost","floor":16,"turns":15},{"damage":0,"enemies":"Spheric Guardian","floor":18,"turns":3},{"damage":13,"enemies":"Masked Bandits","floor":19,"turns":5},{"damage":0,"enemies":"2 Thieves","floor":21,"turns":4},{"damage":3,"enemies":"Chosen and Byrds","floor":22,"turns":5},{"damage":1,"enemies":"Centurion and Healer","floor":24,"turns":5},{"damage":2,"enemies":"Shelled Parasite and Fungi","floor":27,"turns":5},{"damage":0,"enemies":"Snake Plant","floor":30,"turns":3},{"damage":26,"enemies":"Collector","floor":33,"turns":7},{"damage":0,"enemies":"3 Shapes","floor":35,"turns":3},{"damage":10,"enemies":"2 Orb Walkers","floor":36,"turns":4},{"damage":0,"enemies":"3 Darklings","floor":38,"turns":3},{"damage":0,"enemies":"Nemesis","floor":41,"turns":3},{"damage":0,"enemies":"Jaw Worm Horde","floor":44,"turns":2},{"damage":0,"enemies":"Transient","floor":45,"turns":5},{"damage":0,"enemies":"4 Shapes","floor":48,"turns":5},{"damage":35,"enemies":"Time Eater","floor":50,"turns":7}],"seed_played":"4496824763995828193","potions_obtained":[{"floor":1,"key":"GhostInAJar"},{"floor":6,"key":"SkillPotion"},{"floor":12,"key":"GamblersBrew"},{"floor":14,"key":"PowerPotion"},{"floor":16,"key":"SpeedPotion"},{"floor":18,"key":"AttackPotion"},{"floor":21,"key":"Energy Potion"},{"floor":30,"key":"Energy Potion"},{"floor":33,"key":"GamblersBrew"}],"is_trial":false,"path_per_floor":["M","?","?","?","M","E","R","E","T","R","M","?","$","M","R","B",null,"M","?","?","M","M","R","M","R","T","M","?","R","M","$","R","B",null,"M","?","?","M","?","R","E","R","T","M","M","$","R","M","R","B",null],"character_chosen":"THE_SILENT","items_purchased":["Vajra","Blur","Well Laid Plans","Strawberry"],"campfire_rested":5,"item_purchase_floors":[13,13,31,46],"current_hp_per_floor":[56,44,30,30,30,9,45,13,13,49,49,35,35,35,70,28,60,60,47,47,47,44,44,43,43,43,41,41,41,41,41,70,44,64,64,54,54,54,54,54,54,54,64,64,64,71,71,71,87,52],"gold":37,"neow_bonus":"HUNDRED_GOLD","is_prod":false,"is_daily":false,"chose_seed":false,"campfire_upgraded":6,"win_rate":0,"timestamp":1552855142,"path_taken":["M","?","?","?","?","E","R","E","T","R","M","?","$","M","R","BOSS","M","?","?","M","M","R","M","R","T","M","?","R","M","$","R","BOSS","M","?","?","M","?","R","E","R","T","?","M","$","R","?","R","BOSS"],"build_version":"2019-01-23","purchased_purges":3,"victory":true,"max_hp_per_floor":[70,70,70,70,70,70,70,70,70,70,70,70,70,70,70,70,70,70,70,70,70,70,70,70,70,70,70,70,70,70,70,70,70,70,70,70,70,70,70,70,70,70,80,80,80,87,87,87,87,87],"card_choices":[{"not_picked":["Reflex","Acrobatics"],"picked":"Blur","floor":1},{"not_picked":["Sucker Punch","Backflip"],"picked":"Backstab","floor":5},{"not_picked":["Poisoned Stab","Flying Knee"],"picked":"PiercingWail","floor":6},{"not_picked":["Distraction","Terror"],"picked":"Acrobatics","floor":8},{"not_picked":["Poisoned Stab","Acrobatics","Underhanded Strike"],"picked":"Crippling Poison","floor":11},{"not_picked":["Leg Sweep","Quick Slash","Riddle With Holes"],"picked":"Cloak And Dagger","floor":12},{"not_picked":["PiercingWail","Bane","Dodge and Roll"],"picked":"Infinite Blades","floor":14},{"not_picked":["A Thousand Cuts","Doppelganger","Unload"],"picked":"Malaise","floor":16},{"not_picked":["Distraction","Terror","Setup"],"picked":"Noxious Fumes","floor":18},{"not_picked":["PiercingWail+1","Flying Knee","Leg Sweep","Blur+1"],"picked":"SKIP","floor":21},{"not_picked":["Slice","PiercingWail","Skewer","Deadly Poison"],"picked":"SKIP","floor":22},{"not_picked":["Deadly Poison","Flying Knee","Expertise"],"picked":"Dodge and Roll+1","floor":24},{"not_picked":["Backflip","Deadly Poison+1","Dagger Throw"],"picked":"Blade Dance+1","floor":27},{"not_picked":["Blade Dance","Calculated Gamble","Prepared"],"picked":"Footwork","floor":30},{"not_picked":["Prepared","Footwork+1","Bane"],"picked":"Acrobatics+1","floor":35},{"not_picked":["Well Laid Plans+1","Heel Hook+1","Prepared"],"picked":"Backstab+1","floor":38},{"not_picked":["Blade Dance+1","Underhanded Strike","Dagger Throw"],"picked":"Storm of Steel","floor":41},{"not_picked":["Blade Dance+1","Predator","Dagger Throw","Deflect+1"],"picked":"SKIP","floor":44},{"not_picked":["Bane","PiercingWail+1","Setup+1"],"picked":"Backflip+1","floor":45},{"not_picked":["Endless Agony","Choke","Distraction"],"picked":"Accuracy+1","floor":48}],"player_experience":372357,"relics_obtained":[{"floor":6,"key":"Regal Pillow"},{"floor":8,"key":"Ninja Scroll"},{"floor":9,"key":"Question Card"},{"floor":9,"key":"Lantern"},{"floor":12,"key":"Odd Mushroom"},{"floor":19,"key":"Red Mask"},{"floor":26,"key":"Pen Nib"},{"floor":26,"key":"Meat on the Bone"},{"floor":36,"key":"FossilizedHelix"},{"floor":41,"key":"MawBank"},{"floor":43,"key":"Pear"}],"event_choices":[{"damage_healed":0,"gold_gain":0,"player_choice":"Success","damage_taken":12,"relics_obtained":["Matryoshka"],"max_hp_gain":0,"max_hp_loss":0,"event_name":"Scrap Ooze","floor":2,"gold_loss":0},{"damage_healed":0,"gold_gain":0,"player_choice":"Entered Light","damage_taken":14,"max_hp_gain":0,"max_hp_loss":0,"event_name":"Shining Light","floor":3,"gold_loss":0,"cards_upgraded":["Neutralize","Strike_G"]},{"damage_healed":0,"gold_gain":0,"player_choice":"Upgraded","damage_taken":0,"max_hp_gain":0,"max_hp_loss":0,"event_name":"Upgrade Shrine","floor":4,"gold_loss":0,"cards_upgraded":["Blur"]},{"damage_healed":0,"gold_gain":0,"player_choice":"Fought Mushrooms","damage_taken":0,"max_hp_gain":0,"max_hp_loss":0,"event_name":"Mushrooms","floor":12,"gold_loss":0},{"damage_healed":0,"gold_gain":0,"player_choice":"Fought Bandits","damage_taken":0,"max_hp_gain":0,"max_hp_loss":0,"event_name":"Masked Bandits","floor":19,"gold_loss":0},{"damage_healed":0,"gold_gain":0,"player_choice":"Read","damage_taken":0,"max_hp_gain":0,"max_hp_loss":0,"event_name":"The Library","floor":20,"gold_loss":0,"cards_obtained":["Blade Dance"]},{"damage_healed":0,"gold_gain":0,"player_choice":"Obtained Relic","damage_taken":0,"relics_obtained":["Dead Branch"],"max_hp_gain":0,"max_hp_loss":0,"event_name":"Addict","floor":28,"gold_loss":85},{"damage_healed":0,"gold_gain":0,"player_choice":"Fight","damage_taken":0,"max_hp_gain":0,"max_hp_loss":0,"event_name":"Mysterious Sphere","floor":36,"gold_loss":0},{"cards_removed":["Strike_G"],"damage_healed":0,"gold_gain":0,"player_choice":"Removed Attack","damage_taken":0,"max_hp_gain":0,"max_hp_loss":0,"event_name":"Falling","floor":37,"gold_loss":0},{"damage_healed":0,"gold_gain":0,"player_choice":"Memory 1","damage_taken":0,"max_hp_gain":0,"max_hp_loss":0,"event_name":"SensoryStone","floor":39,"gold_loss":0}],"is_beta":false,"boss_relics":[{"not_picked":["HoveringKite","Orrery"],"picked":"WristBlade"},{"not_picked":["Philosopher\u0027s Stone","Tiny House"],"picked":"Sozu"}],"items_purged_floors":[13,31,46],"is_endless":false,"potions_floor_spawned":[1,6,12,14,16,18,21,30,33,35,36,44],"ascension_level":6}