{"gold_per_floor":[115,115,134,145,145,145,161,236,236,269,284,284,284,10,10,110,110,128,139,139,139,139,154,154,174,223,123,137,157,32,52,52,147,147,159,179,179,199,50,84,84,84,108,126,126,85,85,102,102,102],"floor_reached":50,"playtime":3974,"items_purged":["Defend_R","Writhe","Defend_R"],"score":524,"play_id":"1dae4f80-b86d-4f9f-8fe6-90932862b12c","local_time":"20190127154418","is_ascension_mode":false,"campfire_choices":[{"data":"Ghostly Armor","floor":6.0,"key":"SMITH"},{"data":"1","floor":13.0,"key":"LIFT"},{"data":"2","floor":15.0,"key":"LIFT"},{"data":"3","floor":32.0,"key":"LIFT"},{"data":"Metamorphosis","floor":41,"key":"SMITH"},{"data":"Infinite Blades","floor":45,"key":"SMITH"},{"data":"Infernal Blade","floor":47,"key":"SMITH"},{"data":"Inflame","floor":49,"key":"SMITH"}],"neow_cost":"PERCENT_DAMAGE","seed_source_timestamp":0,"circlet_count":0,"master_deck":["Strike_R","Strike_R","Strike_R+1","Defend_R+1","Defend_R","Bash","Clash","Twin Strike","Ghostly Armor+1","Seeing Red","Clash","Shrug It Off","Thinking Ahead","Infinite Blades+1","Pummel+1","Bash","Dash","Whirlwind+1","Masterful Stab+1","Stack+1","Pommel Strike","Metamorphosis+1","Blade Dance+1","Disarm+1","Iron Wave+1","Inflame+1","Dagger Spray+1","Parasite","Pommel Strike+1","Infernal Blade+1","Inflame+1"],"special_seed":0,"relics":["Black Blood","FossilizedHelix","Girya","PrismaticShard","MutagenicStrength","Question Card","Lantern","Black Star","Potion Belt","PreservedInsect","Whetstone","Ginger","Strawberry"],"potions_floor_usage":[50],"damage_taken":[{"damage":1.0,"enemies":"Jaw Worm","floor":1.0,"turns":3.0},{"damage":2.0,"enemies":"2 Louse","floor":3.0,"turns":2.0},{"damage":0.0,"enemies":"Small Slimes","floor":4.0,"turns":3.0},{"damage":0.0,"enemies":"Looter","floor":7.0,"turns":3.0},{"damage":21.0,"enemies":"Gremlin Nob","floor":10.0,"turns":4.0},{"damage":0.0,"enemies":"3 Louse","floor":11.0,"turns":2.0},{"damage":30.0,"enemies":"The Guardian","floor":16.0,"turns":8.0},{"damage":0.0,"enemies":"Chosen","floor":18.0,"turns":7.0},{"damage":10.0,"enemies":"Spheric Guardian","floor":19.0,"turns":4.0},{"damage":26.0,"enemies":"Snake Plant","floor":23.0,"turns":4.0},{"damage":28.0,"enemies":"Cultist and Chosen","floor":25.0,"turns":5.0},{"damage":0.0,"enemies":"Chosen and Byrds","floor":28.0,"turns":3.0},{"damage":0.0,"enemies":"Snecko","floor":29.0,"turns":3.0},{"damage":6.0,"enemies":"Centurion and Healer","floor":31.0,"turns":3.0},{"damage":39.0,"enemies":"Champ","floor":33.0,"turns":11.0},{"damage":16.0,"enemies":"3 Darklings","floor":35.0,"turns":3.0},{"damage":0.0,"enemies":"Orb Walker","floor":36.0,"turns":2.0},{"damage":16.0,"enemies":"Maw","floor":38.0,"turns":7.0},{"damage":19.0,"enemies":"Giant Head","floor":40.0,"turns":6.0},{"damage":14,"enemies":"Writhing Mass","floor":44,"turns":6},{"damage":7,"enemies":"Spire Growth","floor":48,"turns":3},{"damage":127,"enemies":"Awakened One","floor":50,"turns":8}],"seed_played":"6079225230458617993","potions_obtained":[{"floor":1.0,"key":"BloodPotion"},{"floor":3.0,"key":"Energy Potion"},{"floor":7.0,"key":"AttackPotion"},{"floor":11.0,"key":"Fruit Juice"},{"floor":18.0,"key":"Strength Potion"},{"floor":25.0,"key":"Regen Potion"},{"floor":28.0,"key":"Explosive Potion"},{"floor":33.0,"key":"FairyPotion"},{"floor":38.0,"key":"FearPotion"},{"floor":44,"key":"BloodPotion"}],"is_trial":false,"path_per_floor":["M","?","M","M","?","R","M","?","T","E","M","?","R","$","R","B",null,"M","M","?","?","?","M","?","M","T","$","M","M","$","M","R","B",null,"M","M","?","M","$","E","R","?","T","M","R","$","R","M","R","B"],"character_chosen":"IRONCLAD","items_purchased":["PrismaticShard","Potion Belt","Infernal Blade"],"campfire_rested":0,"item_purchase_floors":[14,39,46],"current_hp_per_floor":[77,58,62,68,68,68,74,63,63,48,59,52,52,52,52,28,101,101,101,101,101,101,85,85,67,67,67,87,97,97,101,101,72,101,95,101,101,95,95,86,86,86,93,89,89,89,89,92,92,0],"gold":102,"neow_bonus":"TWENTY_PERCENT_HP_BONUS","is_prod":false,"is_daily":false,"chose_seed":false,"campfire_upgraded":5,"win_rate":0.0,"timestamp":1548621858,"path_taken":["M","?","M","M","?","R","?","?","T","E","M","?","R","$","R","BOSS","M","M","?","?","?","?","?","M","T","?","M","M","$","M","R","BOSS","M","?","?","M","?","E","R","?","T","?","R","$","R","M","R","BOSS"],"build_version":"2019-01-23","purchased_purges":3,"victory":false,"max_hp_per_floor":[96,96,96,96,96,96,96,96,96,96,101,101,101,101,101,101,101,101,101,101,101,101,101,101,101,101,101,101,101,101,101,101,101,101,101,101,101,101,101,101,101,101,108,108,108,108,108,108,108,108],"card_choices":[{"not_picked":["Rage","Perfected Strike"],"picked":"Clash","floor":1.0},{"not_picked":["Wild Strike","Rampage"],"picked":"Twin Strike","floor":3.0},{"not_picked":["Uppercut","Warcry"],"picked":"Ghostly Armor","floor":4.0},{"not_picked":["Second Wind","Fire Breathing"],"picked":"Seeing Red","floor":7.0},{"not_picked":["Shockwave","Second Wind"],"picked":"Clash","floor":10.0},{"not_picked":["Flex","Clothesline"],"picked":"Shrug It Off","floor":11.0},{"not_picked":["Magnetism","Venomology"],"picked":"Thinking Ahead","floor":16.0},{"not_picked":["Anger+1","Perfected Strike"],"picked":"Infinite Blades","floor":18.0},{"not_picked":["Sucker Punch","Hologram+1"],"picked":"Pummel","floor":19.0},{"not_picked":["Cold Snap","Chill","Go for the Eyes"],"picked":"Dash","floor":23.0},{"not_picked":["Poisoned Stab+1","Go for the Eyes","Reflex"],"picked":"Whirlwind+1","floor":25.0},{"not_picked":["Body Slam","Heatsinks","Power Through"],"picked":"Masterful Stab+1","floor":28.0},{"not_picked":["Tempest+1","Underhanded Strike","Go for the Eyes"],"picked":"Stack+1","floor":29.0},{"not_picked":["Go for the Eyes","Escape Plan+1","Enlightenment"],"picked":"Pommel Strike","floor":31.0},{"not_picked":["Secret Technique","Seek","The Bomb"],"picked":"Metamorphosis","floor":33.0},{"not_picked":["Noxious Fumes+1","Anger","Rip and Tear+1"],"picked":"Blade Dance+1","floor":35.0},{"not_picked":["Skim+1","Go for the Eyes+1","Anger"],"picked":"Disarm+1","floor":36.0},{"not_picked":["Chill","Compile Driver","Sucker Punch"],"picked":"Inflame+1","floor":38.0},{"not_picked":["Forethought","Aggregate","Double Energy+1"],"picked":"Dagger Spray+1","floor":40},{"not_picked":["Good Instincts+1","Ball Lightning+1","Clothesline+1"],"picked":"Pommel Strike+1","floor":44},{"not_picked":["Conserve Battery","Deadly Poison+1","Flex"],"picked":"Inflame","floor":48}],"player_experience":25216,"relics_obtained":[{"floor":9.0,"key":"FossilizedHelix"},{"floor":10.0,"key":"Girya"},{"floor":26.0,"key":"Lantern"},{"floor":40,"key":"PreservedInsect"},{"floor":40,"key":"Whetstone"},{"floor":43,"key":"Strawberry"}],"event_choices":[{"damage_healed":0.0,"max_hp_gain":0.0,"max_hp_loss":0.0,"gold_gain":0.0,"event_name":"Shining Light","player_choice":"Entered Light","floor":2.0,"gold_loss":0.0,"damage_taken":19.0,"cards_upgraded":["Defend_R","Strike_R"]},{"cards_removed":["Strike_R"],"damage_healed":0.0,"max_hp_gain":0.0,"max_hp_loss":0.0,"gold_gain":0.0,"event_name":"Living Wall","player_choice":"Forget","floor":5.0,"gold_loss":0.0,"damage_taken":0.0},{"damage_healed":0.0,"max_hp_gain":0.0,"max_hp_loss":0.0,"gold_gain":75.0,"event_name":"World of Goop","player_choice":"Gather Gold","floor":8.0,"gold_loss":0.0,"damage_taken":11.0},{"cards_removed":["Strike_R"],"damage_healed":0.0,"max_hp_gain":0.0,"max_hp_loss":0.0,"gold_gain":0.0,"event_name":"Golden Wing","player_choice":"Card Removal","floor":12.0,"gold_loss":0.0,"damage_taken":7.0},{"damage_healed":0.0,"max_hp_gain":0.0,"max_hp_loss":0.0,"gold_gain":0.0,"event_name":"Drug Dealer","player_choice":"Inject Mutagens","floor":20.0,"gold_loss":0.0,"damage_taken":0.0,"relics_obtained":["MutagenicStrength"]},{"damage_healed":0.0,"max_hp_gain":0.0,"max_hp_loss":0.0,"gold_gain":0.0,"event_name":"The Mausoleum","player_choice":"Opened","floor":21.0,"gold_loss":0.0,"damage_taken":0.0,"relics_obtained":["Question Card"],"cards_obtained":["Writhe"]},{"damage_healed":0.0,"max_hp_gain":0.0,"max_hp_loss":0.0,"gold_gain":0.0,"event_name":"Match and Keep!","player_choice":"2 cards matched","floor":22.0,"gold_loss":0.0,"damage_taken":0.0,"cards_obtained":["Bash","Berserk"]},{"damage_healed":0.0,"max_hp_gain":0.0,"max_hp_loss":0.0,"gold_gain":0.0,"event_name":"Vampires","player_choice":"Ignored","floor":24.0,"gold_loss":0.0,"damage_taken":0.0},{"cards_removed":["Berserk"],"damage_healed":0.0,"max_hp_gain":0.0,"max_hp_loss":0.0,"gold_gain":0.0,"event_name":"NoteForYourself","player_choice":"Took Card","floor":37.0,"gold_loss":0.0,"damage_taken":0.0,"cards_obtained":["Iron Wave"]},{"damage_healed":0,"gold_gain":0,"player_choice":"Gave Potion","damage_taken":0,"relics_obtained":["Ginger"],"max_hp_gain":0,"max_hp_loss":0,"event_name":"WeMeetAgain","floor":42,"gold_loss":0}],"is_beta":false,"boss_relics":[{"not_picked":["Cursed Key","White Beast Statue"],"picked":"Black Blood"},{"not_picked":["Runic Dome","Empty Cage"],"picked":"Black Star"}],"items_purged_floors":[14,27,30],"is_endless":false,"potions_floor_spawned":[1,3,7,11,18,25,28,33,36,38,44],"killed_by":"Awakened One","ascension_level":0}