{"gold_per_floor":[115,135,152,168,185,210,221,221,221,221,246,246,266,283,283,387,387,397,420,431,441,42,74,94,94,147,176,207,231,273,299,311,427,439,462,492,290,290,63,63,63,63,139,162,195,211,246,259,259,259],"floor_reached":51,"playtime":3279,"items_purged":["Strike_G","Strike_G","Strike_G"],"score":917,"play_id":"e96d8fb7-42d3-44ea-88b3-591f89616276","local_time":"20190302070651","is_ascension_mode":true,"campfire_choices":[{"data":"Glass Knife","floor":12,"key":"SMITH"},{"data":"Cloak And Dagger","floor":15,"key":"SMITH"},{"data":"Footwork","floor":25,"key":"SMITH"},{"data":"Terror","floor":32,"key":"SMITH"},{"data":"A Thousand Cuts","floor":40,"key":"SMITH"},{"data":"Storm of Steel","floor":42,"key":"SMITH"},{"floor":49,"key":"REST"}],"neow_cost":"NONE","seed_source_timestamp":1086853840822695,"circlet_count":0,"master_deck":["Defend_G","Defend_G","Defend_G","Defend_G","Strike_G","Strike_G","Survivor","Neutralize","Dash","Cloak And Dagger+1","Glass Knife+1","PiercingWail","Backstab","Cloak And Dagger+1","PiercingWail","Malaise","Backstab+1","Backflip","Deflect+1","Footwork+1","Malaise","Footwork","Finisher","PiercingWail","Terror+1","Storm of Steel+1","Well Laid Plans","Glass Knife","Blade Dance","Slice","A Thousand Cuts+1","Dramatic Entrance","Choke+1","Footwork+1","Predator"],"relics":["Ring of the Snake","Pen Nib","Ninja Scroll","Bag of Preparation","Sozu","Anchor","Shuriken","Matryoshka","The Courier","MawBank","Snake Skull","Black Star","Paper Crane","Ornamental Fan","Art of War","Meat on the Bone","Pear","Ancient Tea Set","Vajra"],"potions_floor_usage":[33,50],"damage_taken":[{"damage":0,"enemies":"Cultist","floor":1,"turns":4},{"damage":0,"enemies":"Jaw Worm","floor":2,"turns":4},{"damage":0,"enemies":"Small Slimes","floor":3,"turns":4},{"damage":0,"enemies":"Red Slaver","floor":4,"turns":5},{"damage":5,"enemies":"3 Louse","floor":5,"turns":3},{"damage":14,"enemies":"Gremlin Nob","floor":6,"turns":4},{"damage":1,"enemies":"Looter","floor":7,"turns":4},{"damage":5,"enemies":"3 Sentries","floor":11,"turns":8},{"damage":0,"enemies":"Blue Slaver","floor":13,"turns":1},{"damage":0,"enemies":"2 Fungi Beasts","floor":14,"turns":1},{"damage":22,"enemies":"Hexaghost","floor":16,"turns":10},{"damage":0,"enemies":"Spheric Guardian","floor":18,"turns":3},{"damage":0,"enemies":"Shell Parasite","floor":20,"turns":2},{"damage":0,"enemies":"Chosen and Byrds","floor":21,"turns":4},{"damage":0,"enemies":"Slavers","floor":23,"turns":4},{"damage":0,"enemies":"Snake Plant","floor":24,"turns":5},{"damage":0,"enemies":"Sentry and Sphere","floor":27,"turns":1},{"damage":0,"enemies":"Snecko","floor":28,"turns":2},{"damage":0,"enemies":"Snake Plant","floor":29,"turns":3},{"damage":0,"enemies":"Book of Stabbing","floor":30,"turns":4},{"damage":4,"enemies":"Cultist and Chosen","floor":31,"turns":7},{"damage":54,"enemies":"Automaton","floor":33,"turns":11},{"damage":0,"enemies":"3 Shapes","floor":35,"turns":3},{"damage":12,"enemies":"3 Darklings","floor":36,"turns":12},{"damage":12,"enemies":"Giant Head","floor":45,"turns":6},{"damage":0,"enemies":"Jaw Worm Horde","floor":46,"turns":5},{"damage":24,"enemies":"Reptomancer","floor":47,"turns":6},{"damage":6,"enemies":"Writhing Mass","floor":48,"turns":4},{"damage":17,"enemies":"Time Eater","floor":50,"turns":13}],"seed_played":"5609548465509642017","potions_obtained":[{"floor":3,"key":"GamblersBrew"},{"floor":4,"key":"SteroidPotion"},{"floor":5,"key":"Energy Potion"},{"floor":11,"key":"SmokeBomb"}],"is_trial":false,"path_per_floor":["M","M","M","M","M","E","M","?","T","?","E","R","M","M","R","B",null,"M","T","M","M","$","E","M","R","T","M","M","M","E","M","R","B",null,"M","M","$","?","$","R","?","R","T","T","E","M","E","M","R","B",null],"character_chosen":"THE_SILENT","items_purchased":["Shuriken","Footwork","Glass Knife","Blade Dance","Slice","A Thousand Cuts","Dramatic Entrance"],"campfire_rested":1,"item_purchase_floors":[22,22,37,37,37,39,39],"current_hp_per_floor":[77,77,77,77,72,58,57,57,57,57,52,52,52,52,52,30,77,77,77,77,77,77,77,77,77,77,77,77,77,77,73,73,19,77,77,65,65,65,65,65,65,65,65,65,63,63,51,45,69,52],"gold":259,"neow_bonus":"TEN_PERCENT_HP_BONUS","is_prod":false,"is_daily":false,"chose_seed":false,"campfire_upgraded":6,"win_rate":0,"timestamp":1551528411,"path_taken":["M","?","M","M","M","E","M","?","T","?","E","R","M","M","R","BOSS","M","?","M","M","$","E","M","R","T","M","M","M","E","M","R","BOSS","M","M","$","?","$","R","?","R","T","?","E","M","E","M","R","BOSS"],"build_version":"2019-01-23","purchased_purges":3,"victory":true,"max_hp_per_floor":[77,77,77,77,77,77,77,77,77,77,77,77,77,77,77,77,77,77,77,77,77,77,77,77,77,77,77,77,77,77,77,77,77,77,77,77,77,73,73,73,73,73,73,73,83,83,83,83,83,83],"card_choices":[{"not_picked":["PiercingWail","Heel Hook"],"picked":"Dash","floor":1},{"not_picked":["Riddle With Holes","Acrobatics","Poisoned Stab"],"picked":"SKIP","floor":2},{"not_picked":["Dodge and Roll","Blade Dance"],"picked":"Cloak And Dagger","floor":3},{"not_picked":["Dagger Spray","Deflect"],"picked":"Glass Knife","floor":4},{"not_picked":["Setup","Outmaneuver"],"picked":"PiercingWail","floor":5},{"not_picked":["Prepared","Blade Dance","Poisoned Stab"],"picked":"SKIP","floor":6},{"not_picked":["Deflect","Distraction"],"picked":"Backstab","floor":7},{"not_picked":["Flechettes","Noxious Fumes","Grand Finale"],"picked":"SKIP","floor":11},{"not_picked":["Flying Knee","Outmaneuver"],"picked":"Cloak And Dagger","floor":13},{"not_picked":["Caltrops","Dodge and Roll"],"picked":"PiercingWail","floor":14},{"not_picked":["Grand Finale","A Thousand Cuts"],"picked":"Malaise","floor":16},{"not_picked":["Accuracy","Sucker Punch+1"],"picked":"Backstab+1","floor":18},{"not_picked":["Blur","Dagger Spray"],"picked":"Backflip","floor":20},{"not_picked":["Quick Slash","Underhanded Strike+1"],"picked":"Deflect+1","floor":21},{"not_picked":["Poisoned Stab","Riddle With Holes"],"picked":"Malaise","floor":23},{"not_picked":["Dagger Spray+1","PiercingWail"],"picked":"Footwork","floor":24},{"not_picked":["Outmaneuver+1","Masterful Stab","Underhanded Strike"],"picked":"SKIP","floor":27},{"not_picked":["Deflect","Noxious Fumes+1"],"picked":"Finisher","floor":28},{"not_picked":["Noxious Fumes","Setup","Caltrops"],"picked":"SKIP","floor":29},{"not_picked":["Deadly Poison","Slice"],"picked":"PiercingWail","floor":30},{"not_picked":["Sucker Punch","Acrobatics"],"picked":"Terror","floor":31},{"not_picked":["Doppelganger","Phantasmal Killer"],"picked":"Storm of Steel","floor":33},{"not_picked":["Sucker Punch","Catalyst+1","Underhanded Strike+1"],"picked":"SKIP","floor":35},{"not_picked":["Reflex","Flying Knee"],"picked":"Well Laid Plans","floor":36},{"not_picked":["Flechettes+1","Acrobatics+1"],"picked":"Choke+1","floor":45},{"not_picked":["Sucker Punch+1","Acrobatics","Slice"],"picked":"SKIP","floor":46},{"not_picked":["Sucker Punch","Deflect+1"],"picked":"Footwork+1","floor":47},{"not_picked":["Deflect","Dash+1"],"picked":"Predator","floor":48}],"player_experience":211230,"relics_obtained":[{"floor":6,"key":"Pen Nib"},{"floor":9,"key":"Ninja Scroll"},{"floor":11,"key":"Bag of Preparation"},{"floor":19,"key":"Anchor"},{"floor":23,"key":"Matryoshka"},{"floor":26,"key":"The Courier"},{"floor":26,"key":"MawBank"},{"floor":30,"key":"Snake Skull"},{"floor":43,"key":"Paper Crane"},{"floor":43,"key":"Ornamental Fan"},{"floor":44,"key":"Art of War"},{"floor":45,"key":"Meat on the Bone"},{"floor":45,"key":"Pear"},{"floor":47,"key":"Ancient Tea Set"},{"floor":47,"key":"Vajra"}],"event_choices":[{"damage_healed":0,"gold_gain":0,"player_choice":"Ignored","damage_taken":0,"max_hp_gain":0,"max_hp_loss":0,"event_name":"Liars Game","floor":8,"gold_loss":0},{"damage_healed":0,"gold_gain":0,"player_choice":"Upgraded","damage_taken":0,"max_hp_gain":0,"max_hp_loss":0,"event_name":"Upgrade Shrine","floor":10,"gold_loss":0,"cards_upgraded":["Cloak And Dagger"]},{"damage_healed":0,"gold_gain":0,"player_choice":"Max HP","damage_taken":0,"max_hp_gain":0,"max_hp_loss":4,"event_name":"Winding Halls","floor":38,"gold_loss":0},{"cards_removed":["Defend_G"],"damage_healed":0,"gold_gain":0,"player_choice":"Removed Skill","damage_taken":0,"max_hp_gain":0,"max_hp_loss":0,"event_name":"Falling","floor":41,"gold_loss":0}],"is_beta":false,"boss_relics":[{"not_picked":["Empty Cage","Fusion Hammer"],"picked":"Sozu"},{"not_picked":["Coffee Dripper","Runic Dome"],"picked":"Black Star"}],"items_purged_floors":[22,37,39],"is_endless":false,"potions_floor_spawned":[3,4,5,11,14,18,21,27,28,31,46,48],"ascension_level":2}