{"gold_per_floor":[119,132,132,207,227,227,251,278,278,293,293,16,29,40,40,117,117,134,146,146,163,45,45,80,80,105,119,138,138,88,105,105,105],"floor_reached":33,"playtime":1595,"items_purged":["Strike_G","Pain","Writhe"],"score":471,"play_id":"c938d9cb-5ef8-42ca-8eda-f0293aefc0f1","local_time":"20190224182320","is_ascension_mode":true,"campfire_choices":[{"data":"Neutralize","floor":6,"key":"SMITH"},{"floor":15,"key":"REST"},{"floor":23,"key":"REST"},{"floor":25,"key":"REST"},{"floor":32,"key":"REST"}],"neow_cost":"NONE","seed_source_timestamp":841346964549531,"circlet_count":0,"master_deck":["AscendersBane","Defend_G+1","Defend_G","Defend_G+1","Defend_G","Defend_G","Strike_G","Strike_G","Strike_G","Strike_G","Survivor","Neutralize+1","Dramatic Entrance","Dash","Deadly Poison","Cloak And Dagger","Dagger Throw","Dagger Spray+1","Infinite Blades","Backstab","Infinite Blades","Malaise","Clumsy","Noxious Fumes","Dodge and Roll","Footwork","Die Die Die","Leg Sweep","PiercingWail","Blur"],"relics":["Ring of the Snake","War Paint","Ornamental Fan","Smiling Mask","ClockworkSouvenir","Calling Bell","Anchor","Shuriken","FossilizedHelix","Dodecahedron","Vajra"],"potions_floor_usage":[16,16,21,24,27,33,33],"damage_taken":[{"damage":0,"enemies":"Small Slimes","floor":1,"turns":4},{"damage":0,"enemies":"Jaw Worm","floor":2,"turns":4},{"damage":0,"enemies":"2 Louse","floor":5,"turns":3},{"damage":30,"enemies":"Lagavulin","floor":8,"turns":8},{"damage":0,"enemies":"Lots of Slimes","floor":10,"turns":3},{"damage":3,"enemies":"Blue Slaver","floor":13,"turns":3},{"damage":0,"enemies":"Gremlin Gang","floor":14,"turns":3},{"damage":18,"enemies":"The Guardian","floor":16,"turns":13},{"damage":0,"enemies":"3 Byrds","floor":18,"turns":4},{"damage":25,"enemies":"Spheric Guardian","floor":19,"turns":6},{"damage":6,"enemies":"3 Cultists","floor":21,"turns":5},{"damage":38,"enemies":"Gremlin Leader","floor":24,"turns":7},{"damage":17,"enemies":"Snake Plant","floor":27,"turns":5},{"damage":0,"enemies":"Snecko","floor":28,"turns":6},{"damage":0,"enemies":"Chosen and Byrds","floor":31,"turns":7},{"damage":41,"enemies":"Automaton","floor":33,"turns":10}],"seed_played":"8525248218273198576","potions_obtained":[{"floor":1,"key":"FearPotion"},{"floor":2,"key":"Dexterity Potion"},{"floor":20,"key":"Swift Potion"},{"floor":20,"key":"AttackPotion"},{"floor":21,"key":"Swift Potion"},{"floor":24,"key":"Block Potion"},{"floor":28,"key":"SpeedPotion"}],"is_trial":false,"path_per_floor":["M","M","?","?","M","R","T","E","T","M","?","$","M","M","R","B",null,"M","M","?","M","$","R","E","R","T","M","M","?","$","M","R","B"],"character_chosen":"THE_SILENT","items_purchased":["ClockworkSouvenir","Infinite Blades","Footwork"],"campfire_rested":4,"item_purchase_floors":[12,12,22],"current_hp_per_floor":[59,59,64,53,53,53,53,23,23,23,23,23,20,20,41,23,59,59,34,34,28,28,49,11,32,32,15,15,15,15,15,36,0],"gold":105,"neow_bonus":"RANDOM_COLORLESS","is_prod":false,"is_daily":false,"chose_seed":false,"campfire_upgraded":1,"win_rate":0,"timestamp":1551054200,"path_taken":["M","M","?","?","M","R","?","E","T","M","?","$","?","M","R","BOSS","M","M","?","M","$","R","E","R","T","M","?","?","$","M","R","BOSS"],"build_version":"2019-01-23","purchased_purges":3,"victory":false,"max_hp_per_floor":[66,66,71,71,71,71,71,71,71,71,71,71,71,71,71,71,71,71,71,71,71,71,71,71,71,71,71,71,71,71,71,71,71],"card_choices":[{"not_picked":["Eviscerate","Quick Slash"],"picked":"Dash","floor":1},{"not_picked":["Slice","Bane"],"picked":"Deadly Poison","floor":2},{"not_picked":["Endless Agony","Flechettes"],"picked":"Cloak And Dagger","floor":5},{"not_picked":["Quick Slash","Expertise"],"picked":"Dagger Throw","floor":8},{"not_picked":["Slice","Quick Slash"],"picked":"Dagger Spray","floor":10},{"not_picked":["Sucker Punch","Flying Knee"],"picked":"Backstab","floor":13},{"not_picked":["Escape Plan","Expertise"],"picked":"Infinite Blades","floor":14},{"not_picked":["Doppelganger","Wraith Form v2"],"picked":"Malaise","floor":16},{"not_picked":["Setup","Dagger Spray"],"picked":"Noxious Fumes","floor":18},{"not_picked":["Dagger Spray","Dagger Throw+1"],"picked":"Dodge and Roll","floor":19},{"not_picked":["Flechettes","Eviscerate","Deadly Poison"],"picked":"SKIP","floor":21},{"not_picked":["Deadly Poison","Deflect"],"picked":"Die Die Die","floor":24},{"not_picked":["Sucker Punch","Expertise"],"picked":"Leg Sweep","floor":27},{"not_picked":["Deflect","Choke+1"],"picked":"PiercingWail","floor":28},{"not_picked":["Poisoned Stab","Tactician+1"],"picked":"Blur","floor":31}],"player_experience":597938,"relics_obtained":[{"floor":7,"key":"War Paint"},{"floor":8,"key":"Ornamental Fan"},{"floor":9,"key":"Smiling Mask"},{"floor":17,"key":"Anchor"},{"floor":17,"key":"Shuriken"},{"floor":17,"key":"FossilizedHelix"},{"floor":24,"key":"Dodecahedron"},{"floor":26,"key":"Vajra"}],"event_choices":[{"damage_healed":0,"gold_gain":0,"player_choice":"Donut","damage_taken":0,"max_hp_gain":5,"max_hp_loss":0,"event_name":"Big Fish","floor":3,"gold_loss":0},{"damage_healed":0,"gold_gain":75,"player_choice":"Gather Gold","damage_taken":11,"max_hp_gain":0,"max_hp_loss":0,"event_name":"World of Goop","floor":4,"gold_loss":0},{"damage_healed":0,"gold_gain":0,"player_choice":"Forge","damage_taken":0,"max_hp_gain":0,"max_hp_loss":0,"event_name":"Accursed Blacksmith","floor":11,"gold_loss":0,"cards_upgraded":["Dagger Spray"]},{"damage_healed":0,"gold_gain":0,"player_choice":"Got Potions","damage_taken":0,"max_hp_gain":0,"max_hp_loss":0,"event_name":"Lab","floor":20,"gold_loss":0},{"damage_healed":0,"gold_gain":0,"player_choice":"Ignored","damage_taken":0,"max_hp_gain":0,"max_hp_loss":0,"event_name":"N\u0027loth","floor":29,"gold_loss":0}],"is_beta":false,"boss_relics":[{"not_picked":["Runic Pyramid","Coffee Dripper"],"picked":"Calling Bell"}],"items_purged_floors":[12,22,30],"is_endless":false,"potions_floor_spawned":[1,2,8,13,14,21,24,28,31],"killed_by":"Automaton","ascension_level":15}