{"gold_per_floor":[118,138,150,165,165,165,206,206,206,224,224,257,257],"floor_reached":13,"playtime":585,"items_purged":[],"score":95,"play_id":"fc64018c-a54f-44d2-8d2f-a49bc5d2ba7c","local_time":"20190223202905","is_ascension_mode":false,"campfire_choices":[{"data":"1","floor":6,"key":"LIFT"},{"data":"Hologram","floor":8,"key":"SMITH"}],"neow_cost":"CURSE","seed_source_timestamp":33957300715500,"circlet_count":0,"master_deck":["Strike_B","Strike_B","Strike_B","Strike_B","Defend_B","Defend_B","Defend_B","Defend_B","Zap","Dualcast","Doubt","Sweeping Beam","Gash","Hologram+1","Beam Cell","Recycle+1"],"relics":["Cracked Core","Girya","Golden Idol","Sundial","Unceasing Top","Incense Burner"],"potions_floor_usage":[7,7,12],"damage_taken":[{"damage":0,"enemies":"2 Louse","floor":1,"turns":4},{"damage":1,"enemies":"Cultist","floor":2,"turns":3},{"damage":1,"enemies":"Jaw Worm","floor":3,"turns":3},{"damage":5,"enemies":"3 Louse","floor":4,"turns":3},{"damage":27,"enemies":"3 Sentries","floor":7,"turns":7},{"damage":8,"enemies":"Red Slaver","floor":10,"turns":3},{"damage":32,"enemies":"Lagavulin","floor":12,"turns":7},{"damage":7,"enemies":"Exordium Thugs","floor":13,"turns":1}],"seed_played":"7787668354089550570","potions_obtained":[{"floor":2,"key":"EntropicBrew"},{"floor":7,"key":"Weak Potion"}],"is_trial":false,"path_per_floor":["?","?","M"],"character_chosen":"DEFECT","items_purchased":[],"campfire_rested":0,"item_purchase_floors":[],"current_hp_per_floor":[75,74,73,68,68,68,41,41,41,33,33,1,0],"gold":257,"neow_bonus":"ONE_RARE_RELIC","is_prod":false,"is_daily":false,"chose_seed":false,"campfire_upgraded":1,"win_rate":0,"timestamp":1550971745,"path_taken":["M","M","M","M","?","R","E","R","T","M","?","E","?"],"build_version":"2019-01-23","purchased_purges":0,"victory":false,"max_hp_per_floor":[75,75,75,75,69,69,69,69,69,69,69,69,69],"card_choices":[{"not_picked":["Streamline","Loop"],"picked":"Sweeping Beam","floor":1},{"not_picked":["Coolheaded","Go for the Eyes"],"picked":"Gash","floor":2},{"not_picked":["Consume","Undo"],"picked":"Hologram","floor":3},{"not_picked":["Double Energy","Rebound","Streamline"],"picked":"SKIP","floor":4},{"not_picked":["White Noise","Loop"],"picked":"Beam Cell","floor":7},{"not_picked":["Barrage","Glacier"],"picked":"Recycle","floor":10},{"not_picked":["Force Field","Barrage","Streamline"],"picked":"SKIP","floor":12}],"player_experience":124396,"relics_obtained":[{"floor":7,"key":"Sundial"},{"floor":9,"key":"Unceasing Top"},{"floor":12,"key":"Incense Burner"}],"event_choices":[{"damage_healed":0,"gold_gain":0,"player_choice":"Lose Max HP","damage_taken":0,"relics_obtained":["Golden Idol"],"max_hp_gain":0,"max_hp_loss":6,"event_name":"Golden Idol","floor":5,"gold_loss":0},{"damage_healed":0,"gold_gain":0,"player_choice":"Forge","damage_taken":0,"max_hp_gain":0,"max_hp_loss":0,"event_name":"Accursed Blacksmith","floor":11,"gold_loss":0,"cards_upgraded":["Recycle"]}],"is_beta":false,"boss_relics":[],"items_purged_floors":[],"is_endless":false,"potions_floor_spawned":[2,7],"killed_by":"Exordium Thugs","ascension_level":0}