{"gold_per_floor":[114,114,132,148,148,148,173,173,199,227,280,295,313,339,339,441,441,458,472,472,64,77,77,92,92,92,92,92,452,452,471,471,471],"floor_reached":33,"playtime":1038,"items_purged":["Strike_B"],"score":319,"play_id":"750b4d88-6dbe-4a30-a89a-8feb645fcf15","local_time":"20190111031544","is_ascension_mode":true,"campfire_choices":[{"data":"Beam Cell","floor":6.0,"key":"SMITH"},{"data":"Conserve Battery","floor":8.0,"key":"SMITH"},{"floor":15.0,"key":"REST"},{"floor":23,"key":"REST"},{"data":"Echo Form","floor":28,"key":"SMITH"},{"floor":30,"key":"REST"},{"data":"Defragment","floor":32,"key":"SMITH"}],"neow_cost":"CURSE","seed_source_timestamp":0,"circlet_count":0,"master_deck":["Strike_B","Strike_B","Defend_B+1","Defend_B+1","Defend_B","Zap+1","Dualcast","Scrape","Sunder","Beam Cell+1","Ball Lightning","Conserve Battery+1","Go for the Eyes","Seek","Turbo","White Noise","Echo Form+1","Storm+1","Gash+1","Thinking Ahead","Auto Shields","Defragment+1"],"special_seed":0,"relics":["Cracked Core","War Paint","PreservedInsect","Letter Opener","Oddly Smooth Stone","Juzu Bracelet","Eternal Feather","Lantern","Bottled Tornado"],"potions_floor_usage":[33,33],"damage_taken":[{"damage":3.0,"enemies":"Small Slimes","floor":1.0,"turns":2.0},{"damage":1.0,"enemies":"Cultist","floor":3.0,"turns":3.0},{"damage":2.0,"enemies":"Jaw Worm","floor":4.0,"turns":2.0},{"damage":16.0,"enemies":"Gremlin Nob","floor":7.0,"turns":3.0},{"damage":7.0,"enemies":"3 Sentries","floor":10.0,"turns":6.0},{"damage":0.0,"enemies":"Blue Slaver","floor":12.0,"turns":2.0},{"damage":0.0,"enemies":"Exordium Thugs","floor":13.0,"turns":2.0},{"damage":0.0,"enemies":"Gremlin Nob","floor":14.0,"turns":2.0},{"damage":25.0,"enemies":"The Guardian","floor":16.0,"turns":8.0},{"damage":26.0,"enemies":"Shell Parasite","floor":18.0,"turns":5.0},{"damage":0.0,"enemies":"3 Byrds","floor":19.0,"turns":2.0},{"damage":35.0,"enemies":"Centurion and Healer","floor":22.0,"turns":6.0},{"damage":16,"enemies":"Snecko","floor":24,"turns":4},{"damage":6,"enemies":"3 Cultists","floor":31,"turns":4},{"damage":62,"enemies":"Automaton","floor":33,"turns":6}],"seed_played":"-5156168612465052082","potions_obtained":[{"floor":3.0,"key":"Swift Potion"},{"floor":7.0,"key":"FearPotion"},{"floor":12.0,"key":"Energy Potion"},{"floor":13.0,"key":"LiquidBronze"},{"floor":20.0,"key":"Fruit Juice"},{"floor":20.0,"key":"Dexterity Potion"},{"floor":20.0,"key":"FearPotion"}],"is_trial":false,"path_per_floor":["M","?","M","M","?","R","E","R","T","E","T","M","M","E","R","B",null,"M","M","?","$","M","R","M","?","T","$","R","?","R","M","R","B"],"character_chosen":"DEFECT","items_purchased":["Lantern","Thinking Ahead"],"campfire_rested":3,"item_purchase_floors":[21,21],"current_hp_per_floor":[72,72,71,69,69,69,53,53,53,46,46,46,46,46,68,43,75,49,49,54,54,19,55,39,39,39,39,51,11,47,41,53,0],"gold":471,"neow_bonus":"TRANSFORM_TWO_CARDS","is_prod":false,"is_daily":false,"chose_seed":false,"campfire_upgraded":4,"win_rate":0,"timestamp":1547144144,"path_taken":["M","?","M","?","?","R","E","R","T","E","?","M","M","E","R","BOSS","M","M","?","?","M","R","M","?","T","$","R","?","R","M","R","BOSS"],"build_version":"2019-01-03v4","purchased_purges":1,"victory":false,"max_hp_per_floor":[75,75,75,75,75,75,75,75,75,75,75,75,75,75,75,75,75,75,75,80,80,80,80,80,80,80,80,80,80,80,80,80,80],"card_choices":[{"not_picked":["Stack","Hello World"],"picked":"Beam Cell","floor":1.0},{"not_picked":["Steam Power","Compile Driver"],"picked":"Ball Lightning","floor":3.0},{"not_picked":["Coolheaded","Stack"],"picked":"Conserve Battery","floor":4.0},{"not_picked":["Cold Snap","Gash"],"picked":"Go for the Eyes","floor":7.0},{"not_picked":["Loop","Blizzard"],"picked":"Seek","floor":10.0},{"not_picked":["Gash","Compile Driver"],"picked":"Turbo","floor":12.0},{"not_picked":["Go for the Eyes","Barrage"],"picked":"White Noise","floor":13.0},{"not_picked":["Chill","Compile Driver","Recycle"],"picked":"SKIP","floor":14.0},{"not_picked":["Multi-Cast","Meteor Strike"],"picked":"Echo Form","floor":16.0},{"not_picked":["Beam Cell","Leap"],"picked":"Storm+1","floor":18.0},{"not_picked":["Steam","Go for the Eyes+1"],"picked":"Gash+1","floor":19.0},{"not_picked":["Sunder","Beam Cell","Melter"],"picked":"SKIP","floor":22},{"not_picked":["Heatsinks","Steam"],"picked":"Auto Shields","floor":24},{"not_picked":["Gash","Loop+1"],"picked":"Defragment","floor":31}],"player_experience":386824,"relics_obtained":[{"floor":7.0,"key":"War Paint"},{"floor":9.0,"key":"PreservedInsect"},{"floor":10.0,"key":"Letter Opener"},{"floor":11.0,"key":"Oddly Smooth Stone"},{"floor":14.0,"key":"Juzu Bracelet"},{"floor":26,"key":"Bottled Tornado"}],"event_choices":[{"damage_healed":0.0,"max_hp_gain":0.0,"max_hp_loss":0.0,"gold_gain":0.0,"event_name":"Accursed Blacksmith","player_choice":"Forge","floor":2.0,"gold_loss":0.0,"damage_taken":0.0,"cards_upgraded":["Zap"]},{"cards_removed":["Shame"],"damage_healed":0.0,"max_hp_gain":0.0,"max_hp_loss":0.0,"gold_gain":0.0,"event_name":"Living Wall","player_choice":"Forget","floor":5.0,"gold_loss":0.0,"damage_taken":0.0},{"damage_healed":0.0,"max_hp_gain":0.0,"max_hp_loss":0.0,"gold_gain":0.0,"event_name":"Lab","player_choice":"Got Potions","floor":20.0,"gold_loss":0.0,"damage_taken":0.0},{"damage_healed":0,"gold_gain":0,"player_choice":"Ignored","damage_taken":0,"max_hp_gain":0,"max_hp_loss":0,"event_name":"Vampires","floor":25,"gold_loss":0},{"damage_healed":0,"gold_gain":360,"player_choice":"GOLD GOLD GOLD GOLD ","damage_taken":40,"max_hp_gain":0,"max_hp_loss":0,"event_name":"Knowing Skull","floor":29,"potions_obtained":[],"gold_loss":0,"cards_obtained":[]}],"is_beta":false,"boss_relics":[{"not_picked":["Coffee Dripper","Orrery"],"picked":"Eternal Feather"}],"items_purged_floors":[21],"is_endless":false,"potions_floor_spawned":[3,7,12,13,22,31],"killed_by":"Automaton","ascension_level":2}