{"gold_per_floor":[109,123,137,137,212,212,243,243,243,278,291,291,291,303,303,375,375,391,405,415,465,355,355,374,393,417,417],"floor_reached":27,"playtime":1119,"items_purged":[],"score":405,"play_id":"b0e0f8aa-6f1a-456d-b68f-79c3ce869122","local_time":"20190317103551","is_ascension_mode":true,"campfire_choices":[{"data":"Zap","floor":6,"key":"SMITH"},{"floor":8,"key":"REST"},{"floor":12,"key":"REST"},{"data":"Storm","floor":15,"key":"SMITH"},{"floor":23,"key":"REST"}],"neow_cost":"CURSE","seed_source_timestamp":389939654949517,"circlet_count":0,"master_deck":["AscendersBane","Strike_B","Strike_B","Strike_B","Strike_B","Defend_B","Defend_B","Defend_B","Defend_B","Zap+1","Dualcast+1","Seek","Capacitor","Storm+1","Go for the Eyes","Consume","Sweeping Beam","Heatsinks","Parasite","Undo","Seek","White Noise","Storm","Static Discharge","Barrage","Sweeping Beam","Tempest","Biased Cognition","Hello World","Stack","Loop"],"relics":["Cracked Core","FossilizedHelix","Bottled Lightning","Bronze Scales","Orrery","Juzu Bracelet"],"potions_floor_usage":[10,16,20,27],"damage_taken":[{"damage":11,"enemies":"Jaw Worm","floor":1,"turns":4},{"damage":1,"enemies":"2 Louse","floor":2,"turns":2},{"damage":6,"enemies":"Small Slimes","floor":3,"turns":4},{"damage":32,"enemies":"Lagavulin","floor":7,"turns":7},{"damage":37,"enemies":"3 Sentries","floor":10,"turns":7},{"damage":6,"enemies":"Red Slaver","floor":11,"turns":3},{"damage":5,"enemies":"3 Louse","floor":14,"turns":3},{"damage":25,"enemies":"The Guardian","floor":16,"turns":10},{"damage":15,"enemies":"Shell Parasite","floor":18,"turns":3},{"damage":0,"enemies":"Spheric Guardian","floor":19,"turns":3},{"damage":29,"enemies":"Centurion and Healer","floor":20,"turns":3},{"damage":5,"enemies":"Cultist and Chosen","floor":24,"turns":4},{"damage":16,"enemies":"Snake Plant","floor":25,"turns":2},{"damage":17,"enemies":"Book of Stabbing","floor":27,"turns":3}],"seed_played":"359229909718165045","potions_obtained":[{"floor":1,"key":"Swift Potion"},{"floor":3,"key":"FocusPotion"},{"floor":11,"key":"SpeedPotion"},{"floor":16,"key":"Strength Potion"},{"floor":20,"key":"LiquidBronze"}],"is_trial":false,"path_per_floor":["M","M","M","?","?","R","E","R","T","E","M","R","?","M","R","B",null,"M","M","M","?","?","R","M","M","T","E"],"character_chosen":"DEFECT","items_purchased":[],"campfire_rested":3,"item_purchase_floors":[],"current_hp_per_floor":[53,52,46,69,58,58,26,47,47,10,4,25,42,37,37,12,56,41,41,12,12,12,33,28,12,12,0],"gold":417,"neow_bonus":"THREE_RARE_CARDS","is_prod":false,"is_daily":false,"chose_seed":false,"campfire_upgraded":2,"win_rate":0,"timestamp":1552836951,"path_taken":["M","M","M","?","?","R","E","R","T","E","M","R","?","M","R","BOSS","M","M","M","?","?","R","M","M","T","E"],"build_version":"2019-01-23","purchased_purges":0,"victory":false,"max_hp_per_floor":[71,71,71,71,71,71,71,71,71,71,71,71,71,71,71,71,71,71,71,71,71,71,71,71,71,71,71],"card_choices":[{"not_picked":["Thunder Strike","Hyperbeam"],"picked":"Seek","floor":0},{"not_picked":["Go for the Eyes","Conserve Battery"],"picked":"Capacitor","floor":1},{"not_picked":["Capacitor","Melter"],"picked":"Storm","floor":2},{"not_picked":["Stack","Compile Driver"],"picked":"Go for the Eyes","floor":3},{"not_picked":["Go for the Eyes","Thunder Strike"],"picked":"Consume","floor":7},{"not_picked":["Redo","Melter"],"picked":"Sweeping Beam","floor":10},{"not_picked":["Stack","Beam Cell"],"picked":"Heatsinks","floor":11},{"not_picked":["Go for the Eyes","Ball Lightning"],"picked":"Undo","floor":14},{"not_picked":["Thunder Strike","Hyperbeam"],"picked":"Seek","floor":16},{"not_picked":["Turbo","Steam"],"picked":"White Noise","floor":17},{"not_picked":["Coolheaded","Streamline"],"picked":"Storm","floor":17},{"not_picked":["Doom and Gloom","Ball Lightning"],"picked":"Static Discharge","floor":17},{"not_picked":["Rebound","Fusion"],"picked":"Barrage","floor":17},{"not_picked":["Beam Cell","Rebound"],"picked":"Sweeping Beam","floor":17},{"not_picked":["Rebound","Sweeping Beam"],"picked":"Tempest","floor":18},{"not_picked":["Cold Snap","Steam+1"],"picked":"Biased Cognition","floor":19},{"not_picked":["Sweeping Beam","Conserve Battery"],"picked":"Hello World","floor":20},{"not_picked":["Doom and Gloom","Cold Snap"],"picked":"Stack","floor":24},{"not_picked":["Barrage","Cold Snap"],"picked":"Loop","floor":25}],"player_experience":609588,"relics_obtained":[{"floor":7,"key":"FossilizedHelix"},{"floor":9,"key":"Bottled Lightning"},{"floor":10,"key":"Bronze Scales"},{"floor":26,"key":"Juzu Bracelet"}],"event_choices":[{"damage_healed":23,"gold_gain":0,"player_choice":"Banana","damage_taken":0,"max_hp_gain":0,"max_hp_loss":0,"event_name":"Big Fish","floor":4,"gold_loss":0},{"damage_healed":0,"gold_gain":75,"player_choice":"Gather Gold","damage_taken":11,"max_hp_gain":0,"max_hp_loss":0,"event_name":"World of Goop","floor":5,"gold_loss":0},{"damage_healed":17,"gold_gain":0,"player_choice":"Healed and dodged fight","damage_taken":0,"max_hp_gain":0,"max_hp_loss":0,"event_name":"Mushrooms","floor":13,"gold_loss":0,"cards_obtained":["Parasite"]},{"damage_healed":0,"gold_gain":50,"player_choice":"Stole From Cult","damage_taken":0,"max_hp_gain":0,"max_hp_loss":0,"event_name":"Nest","floor":21,"gold_loss":0},{"cards_removed":["Decay"],"damage_healed":0,"gold_gain":0,"player_choice":"Upgrade and Remove","damage_taken":0,"max_hp_gain":0,"max_hp_loss":0,"event_name":"Designer","floor":22,"gold_loss":110,"cards_upgraded":["Dualcast"]}],"is_beta":false,"boss_relics":[{"not_picked":["Snecko Eye","Runic Dome"],"picked":"Orrery"}],"items_purged_floors":[],"is_endless":false,"potions_floor_spawned":[1,3,11,14,16,20],"killed_by":"Book of Stabbing","ascension_level":16}