{"gold_per_floor":[116,133,146,166,184,184,194,212,212,238,250,295,352,384,396,507,519,546,572,584,696,718,730,752,764,802,843,855,881,354,374,374,374],"floor_reached":33,"playtime":4659,"items_purged":[],"score":275,"play_id":"20039e50-0f75-4a17-884a-8459d31dc994","local_time":"20190316020354","is_ascension_mode":false,"campfire_choices":[{"data":"Shockwave","floor":6,"key":"SMITH"},{"floor":11,"key":"REST"},{"floor":15,"key":"REST"},{"floor":23,"key":"REST"},{"floor":25,"key":"REST"},{"floor":32,"key":"REST"}],"neow_cost":"NONE","seed_source_timestamp":1037643754882540,"circlet_count":0,"master_deck":["Strike_R","Strike_R","Strike_R","Strike_R","Defend_R","Defend_R","Defend_R","Bash","Shrug It Off","Clash","Shrug It Off","Shockwave+1","Armaments","Entrench","Intimidate","Perfected Strike","Battle Trance","Juggernaut","Blood for Blood+1","Sword Boomerang+1","Rupture+1","Shrug It Off+1","Perfected Strike+1","Pommel Strike+1","Rampage","Twin Strike+1","Feed","Power Through","Bash","Clash+1","Whirlwind","Double Tap","Flex","Perfected Strike"],"relics":["Runic Dome","MawBank","Orichalcum","Bag of Marbles","Astrolabe","Unceasing Top","Letter Opener","Strawberry","Shuriken","Anchor"],"potions_floor_usage":[12,16,21,21,29],"damage_taken":[{"damage":1,"enemies":"Cultist","floor":1,"turns":3},{"damage":2,"enemies":"Small Slimes","floor":2,"turns":3},{"damage":1,"enemies":"Jaw Worm","floor":3,"turns":3},{"damage":0,"enemies":"Red Slaver","floor":4,"turns":2},{"damage":2,"enemies":"Looter","floor":5,"turns":2},{"damage":0,"enemies":"3 Louse","floor":7,"turns":2},{"damage":8,"enemies":"Exordium Wildlife","floor":8,"turns":5},{"damage":2,"enemies":"Looter","floor":10,"turns":3},{"damage":38,"enemies":"Gremlin Nob","floor":12,"turns":6},{"damage":3,"enemies":"2 Fungi Beasts","floor":14,"turns":3},{"damage":55,"enemies":"Slime Boss","floor":16,"turns":18},{"damage":0,"enemies":"3 Byrds","floor":18,"turns":5},{"damage":24,"enemies":"2 Thieves","floor":19,"turns":4},{"damage":6,"enemies":"Colosseum Slavers","floor":21,"turns":4},{"damage":18,"enemies":"Colosseum Nobs","floor":21,"turns":5},{"damage":9,"enemies":"Shelled Parasite and Fungi","floor":22,"turns":4},{"damage":11,"enemies":"Sentry and Sphere","floor":24,"turns":4},{"damage":66,"enemies":"Gremlin Leader","floor":27,"turns":5},{"damage":7,"enemies":"3 Cultists","floor":29,"turns":5},{"damage":6,"enemies":"Centurion and Healer","floor":31,"turns":5},{"damage":36,"enemies":"Champ","floor":33,"turns":6}],"seed_played":"-4860980691315151771","potions_obtained":[{"floor":1,"key":"PowerPotion"},{"floor":3,"key":"Explosive Potion"},{"floor":7,"key":"Explosive Potion"},{"floor":14,"key":"EssenceOfSteel"},{"floor":18,"key":"BloodPotion"},{"floor":21,"key":"FearPotion"},{"floor":22,"key":"SpeedPotion"},{"floor":24,"key":"FearPotion"}],"is_trial":false,"path_per_floor":["M","M","M","M","M","R","M","M","T","M","R","E","T","M","R","B",null,"M","M","$","?","M","R","M","R","T","E","?","M","$","M","R","B"],"character_chosen":"IRONCLAD","items_purchased":["Whirlwind","Anchor","FairyPotion","Double Tap","Flex"],"campfire_rested":5,"item_purchase_floors":[30,30,30,30,30],"current_hp_per_floor":[79,77,76,76,74,74,74,66,66,64,80,42,42,39,63,8,80,80,56,56,40,31,55,44,68,75,9,9,5,5,9,36,0],"gold":374,"neow_bonus":"BOSS_RELIC","is_prod":false,"is_daily":false,"chose_seed":false,"campfire_upgraded":1,"win_rate":0.0,"timestamp":1552716234,"path_taken":["M","M","M","M","M","R","M","M","T","M","R","E","?","?","R","BOSS","M","M","$","?","M","R","M","R","T","E","?","?","$","M","R","BOSS"],"build_version":"2019-01-23","purchased_purges":0,"victory":false,"max_hp_per_floor":[80,80,80,80,80,80,80,80,80,80,80,80,80,80,80,80,80,80,80,80,80,80,80,80,80,87,87,87,90,90,90,90,90],"card_choices":[{"not_picked":["Blood for Blood","Entrench"],"picked":"Shrug It Off","floor":1},{"not_picked":["Anger","Warcry"],"picked":"Clash","floor":2},{"not_picked":["Blood for Blood","Rupture"],"picked":"Shrug It Off","floor":3},{"not_picked":["Seeing Red","Body Slam"],"picked":"Shockwave","floor":4},{"not_picked":["Pommel Strike","Rupture"],"picked":"Armaments","floor":5},{"not_picked":["Bloodletting","Hemokinesis"],"picked":"Entrench","floor":7},{"not_picked":["Feel No Pain","Hemokinesis"],"picked":"Second Wind","floor":8},{"not_picked":["Feel No Pain","Reckless Charge"],"picked":"Intimidate","floor":10},{"not_picked":["Fiend Fire","Sever Soul"],"picked":"Perfected Strike","floor":12},{"not_picked":["Flex","Shrug It Off"],"picked":"Battle Trance","floor":14},{"not_picked":["Bludgeon","Demon Form"],"picked":"Juggernaut","floor":16},{"not_picked":["Fire Breathing","Battle Trance+1"],"picked":"Shrug It Off+1","floor":18},{"not_picked":["Cleave+1","Pommel Strike"],"picked":"Perfected Strike+1","floor":19},{"not_picked":["True Grit","Searing Blow"],"picked":"Pommel Strike+1","floor":21},{"not_picked":["Sword Boomerang","Twin Strike"],"picked":"Rampage","floor":22},{"not_picked":["Offering","Armaments"],"picked":"Twin Strike+1","floor":24},{"not_picked":["Pommel Strike","Body Slam"],"picked":"Feed","floor":27},{"not_picked":["Warcry","Dual Wield"],"picked":"Clash+1","floor":29},{"not_picked":["Clothesline","Pommel Strike"],"picked":"Perfected Strike","floor":31}],"player_experience":5830,"relics_obtained":[{"floor":9,"key":"MawBank"},{"floor":12,"key":"Orichalcum"},{"floor":13,"key":"Bag of Marbles"},{"floor":21,"key":"Unceasing Top"},{"floor":21,"key":"Letter Opener"},{"floor":26,"key":"Strawberry"},{"floor":27,"key":"Shuriken"}],"event_choices":[{"damage_healed":0,"gold_gain":0,"player_choice":"Fight","damage_taken":0,"max_hp_gain":0,"max_hp_loss":0,"event_name":"Colosseum","floor":21,"gold_loss":0},{"damage_healed":0,"gold_gain":0,"player_choice":"Fought Nobs","damage_taken":0,"max_hp_gain":0,"max_hp_loss":0,"event_name":"Colosseum","floor":21,"gold_loss":0},{"damage_healed":0,"gold_gain":0,"player_choice":"2 cards matched","damage_taken":0,"max_hp_gain":0,"max_hp_loss":0,"event_name":"Match and Keep!","floor":28,"gold_loss":0,"cards_obtained":["Power Through","Bash"]}],"is_beta":false,"boss_relics":[{"not_picked":["Sozu","Black Star"],"picked":"Astrolabe"}],"items_purged_floors":[],"is_endless":false,"potions_floor_spawned":[1,3,7,14,18,21,22,24],"killed_by":"Champ","ascension_level":0}