{"gold_per_floor":[117,130,130,149,168,194,214,214],"floor_reached":8,"playtime":648,"items_purged":[],"score":81,"play_id":"23daa5a8-a3f2-4412-adcb-982f30f9655f","local_time":"20190109012948","is_ascension_mode":true,"campfire_choices":[],"neow_cost":"NONE","seed_source_timestamp":25835446849753,"circlet_count":0,"master_deck":["Defend_G","Defend_G","Defend_G","Defend_G","Defend_G","Strike_G","Strike_G","Strike_G","Strike_G","Survivor","Neutralize","After Image","Deadly Poison","Poisoned Stab","Caltrops","Bane","Noxious Fumes","Caltrops"],"relics":["Ring of the Snake","Shuriken"],"potions_floor_usage":[6,8],"damage_taken":[{"damage":0,"enemies":"Jaw Worm","floor":1,"turns":6},{"damage":0,"enemies":"Small Slimes","floor":2,"turns":3},{"damage":0,"enemies":"Cultist","floor":4,"turns":4},{"damage":6,"enemies":"Looter","floor":5,"turns":4},{"damage":15,"enemies":"Gremlin Nob","floor":6,"turns":4},{"damage":12,"enemies":"Exordium Wildlife","floor":7,"turns":5},{"damage":17,"enemies":"3 Sentries","floor":8,"turns":5}],"seed_played":"4673017961772894597","potions_obtained":[{"floor":1,"key":"PowerPotion"},{"floor":7,"key":"Poison Potion"}],"is_trial":false,"path_per_floor":["M","M","?","M","M","E","M","E"],"character_chosen":"THE_SILENT","items_purchased":[],"campfire_rested":0,"item_purchase_floors":[],"current_hp_per_floor":[63,63,56,56,50,35,23,6],"gold":214,"neow_bonus":"ONE_RANDOM_RARE_CARD","is_prod":false,"is_daily":false,"chose_seed":false,"campfire_upgraded":0,"win_rate":0,"timestamp":1547026188,"path_taken":["M","M","?","M","M","E","M","E"],"build_version":"2019-01-03v4","purchased_purges":0,"victory":false,"max_hp_per_floor":[70,70,70,70,70,70,70,70],"card_choices":[{"not_picked":["Slice","Blade Dance"],"picked":"Deadly Poison","floor":1},{"not_picked":["Blur","Prepared"],"picked":"Poisoned Stab","floor":2},{"not_picked":["PiercingWail","Acrobatics"],"picked":"Caltrops","floor":4},{"not_picked":["Slice","Masterful Stab"],"picked":"Bane","floor":5},{"not_picked":["Masterful Stab","Bane"],"picked":"Noxious Fumes","floor":6},{"not_picked":["Dagger Spray","Bane"],"picked":"Caltrops","floor":7}],"player_experience":227900,"relics_obtained":[{"floor":6,"key":"Shuriken"}],"event_choices":[{"cards_removed":["Strike_G"],"damage_healed":0,"gold_gain":0,"player_choice":"Card Removal","damage_taken":7,"max_hp_gain":0,"max_hp_loss":0,"event_name":"Golden Wing","floor":3,"gold_loss":0}],"is_beta":false,"boss_relics":[],"items_purged_floors":[],"is_endless":false,"potions_floor_spawned":[1,7],"killed_by":"3 Sentries","ascension_level":7}