{"gold_per_floor":[214,3,23,40,40,51,69,97,120,120,130,145,155,165,165,267,267,279,296,55,86,1,29,29,41,66,66,78,78,78,178,178,178],"floor_reached":33,"playtime":3035,"items_purged":["Strike_B","Defend_B"],"score":271,"play_id":"ae025801-39ac-4eef-ba1f-c4fb737fd754","local_time":"20190210180755","is_ascension_mode":false,"campfire_choices":[{"floor":15,"key":"RECALL"},{"data":"Defragment","floor":27,"key":"SMITH"},{"floor":29,"key":"REST"},{"data":"Electrodynamics","floor":32,"key":"SMITH"}],"neow_cost":"NONE","seed_source_timestamp":379100704150008,"circlet_count":0,"master_deck":["Strike_B","Strike_B","Defend_B","Defend_B","Defend_B","Zap","Dualcast","Reinforced Body","Electrodynamics+1","Steam","Cold Snap","Undo","Cold Snap","Loop+1","Stack","Redo","Conserve Battery","Gash","Core Surge","Reinforced Body+1","Darkness","Defragment+1","Cold Snap","Conserve Battery","Coolheaded+1","Ball Lightning","Purity","Stack"],"relics":["Cracked Core","Meat on the Bone","Black Star","Red Mask","Bronze Scales","Potion Belt","Matryoshka","Kunai","Regal Pillow","Du-Vu Doll","Letter Opener"],"potions_floor_usage":[3,6,8,13,23,23],"damage_taken":[{"damage":1,"enemies":"Cultist","floor":1,"turns":3},{"damage":3,"enemies":"Jaw Worm","floor":3,"turns":3},{"damage":0,"enemies":"2 Louse","floor":4,"turns":2},{"damage":11,"enemies":"Lots of Slimes","floor":6,"turns":2},{"damage":3,"enemies":"Exordium Wildlife","floor":7,"turns":6},{"damage":5,"enemies":"Lagavulin","floor":8,"turns":9},{"damage":2,"enemies":"3 Louse","floor":11,"turns":4},{"damage":2,"enemies":"Blue Slaver","floor":12,"turns":4},{"damage":0,"enemies":"Gremlin Gang","floor":13,"turns":2},{"damage":1,"enemies":"3 Louse","floor":14,"turns":2},{"damage":42,"enemies":"The Guardian","floor":16,"turns":13},{"damage":0,"enemies":"Chosen","floor":18,"turns":5},{"damage":8,"enemies":"3 Byrds","floor":19,"turns":3},{"damage":50,"enemies":"Masked Bandits","floor":21,"turns":8},{"damage":5,"enemies":"Gremlin Leader","floor":23,"turns":11},{"damage":3,"enemies":"Snake Plant","floor":25,"turns":4},{"damage":35,"enemies":"3 Cultists","floor":28,"turns":5},{"damage":6,"enemies":"Colosseum Slavers","floor":31,"turns":5},{"damage":15,"enemies":"Colosseum Nobs","floor":31,"turns":5},{"damage":51,"enemies":"Collector","floor":33,"turns":11}],"seed_played":"3206157105735141721","potions_obtained":[{"floor":1,"key":"AttackPotion"},{"floor":3,"key":"Ancient Potion"},{"floor":4,"key":"Swift Potion"},{"floor":8,"key":"SneckoOil"},{"floor":19,"key":"LiquidBronze"},{"floor":21,"key":"Block Potion"}],"is_trial":false,"path_per_floor":["M","$","M","M","?","M","M","E","T","?","M","M","M","M","R","B",null,"M","M","$","?","?","E","?","M","T","R","M","R","?","?","R","B"],"character_chosen":"DEFECT","items_purchased":["Electrodynamics","Defragment","Cold Snap","Conserve Battery"],"campfire_rested":1,"item_purchase_floors":[2,20,20,20],"current_hp_per_floor":[74,74,71,71,71,60,57,52,52,52,50,48,48,47,47,17,75,75,67,67,29,29,36,36,45,45,45,22,59,59,38,38,0],"gold":178,"neow_bonus":"HUNDRED_GOLD","is_prod":false,"is_daily":false,"chose_seed":false,"campfire_upgraded":2,"win_rate":0,"timestamp":1549840075,"path_taken":["M","?","M","M","?","?","M","E","T","?","M","?","M","M","R","BOSS","M","M","$","?","?","E","?","?","T","R","M","R","?","?","R","BOSS"],"build_version":"2019-01-23","purchased_purges":2,"victory":false,"max_hp_per_floor":[75,75,75,75,75,75,75,75,75,75,75,75,75,75,75,75,75,75,75,75,75,75,75,75,75,75,75,75,75,75,75,75,75],"card_choices":[{"not_picked":["Recycle","Lockon"],"picked":"Reinforced Body","floor":1},{"not_picked":["Turbo","Skim"],"picked":"Steam","floor":3},{"not_picked":["Leap","Genetic Algorithm"],"picked":"Cold Snap","floor":4},{"not_picked":["Steam Power","Streamline"],"picked":"Undo","floor":6},{"not_picked":["Go for the Eyes","Turbo"],"picked":"Cold Snap","floor":7},{"not_picked":["Barrage","Double Energy"],"picked":"Loop","floor":8},{"not_picked":["All For One","Rebound"],"picked":"Stack","floor":11},{"not_picked":["Rebound","Lockon"],"picked":"Redo","floor":12},{"not_picked":["Redo","Sweeping Beam"],"picked":"Conserve Battery","floor":13},{"not_picked":["All For One","Beam Cell"],"picked":"Gash","floor":14},{"not_picked":["Creative AI","Fission"],"picked":"Core Surge","floor":16},{"not_picked":["Redo","Skim+1"],"picked":"Reinforced Body+1","floor":18},{"not_picked":["Beam Cell","Gash"],"picked":"Darkness","floor":19},{"not_picked":["Heatsinks","Scrape"],"picked":"Coolheaded+1","floor":21},{"not_picked":["Reprogram+1","Storm"],"picked":"Ball Lightning","floor":23},{"not_picked":["Reinforced Body","Reprogram","Undo"],"picked":"SKIP","floor":25},{"not_picked":["Beam Cell","Scrape","Rebound+1"],"picked":"SKIP","floor":28},{"not_picked":["Fusion","Sweeping Beam"],"picked":"Stack","floor":31}],"player_experience":181667,"relics_obtained":[{"floor":8,"key":"Meat on the Bone"},{"floor":21,"key":"Red Mask"},{"floor":23,"key":"Potion Belt"},{"floor":23,"key":"Matryoshka"},{"floor":26,"key":"Kunai"},{"floor":26,"key":"Regal Pillow"},{"floor":31,"key":"Du-Vu Doll"},{"floor":31,"key":"Letter Opener"}],"event_choices":[{"damage_healed":0,"gold_gain":0,"player_choice":"Leave","damage_taken":0,"max_hp_gain":0,"max_hp_loss":0,"event_name":"The Cleric","floor":5,"gold_loss":0},{"damage_healed":0,"gold_gain":0,"player_choice":"Forge","damage_taken":0,"max_hp_gain":0,"max_hp_loss":0,"event_name":"Accursed Blacksmith","floor":10,"gold_loss":0,"cards_upgraded":["Loop"]},{"damage_healed":0,"gold_gain":0,"player_choice":"Fought Bandits","damage_taken":0,"max_hp_gain":0,"max_hp_loss":0,"event_name":"Masked Bandits","floor":21,"gold_loss":0},{"damage_healed":0,"gold_gain":0,"player_choice":"Obtained Relic","damage_taken":0,"relics_obtained":["Bronze Scales"],"max_hp_gain":0,"max_hp_loss":0,"event_name":"Addict","floor":22,"gold_loss":85},{"damage_healed":0,"gold_gain":0,"player_choice":"1 cards matched","damage_taken":0,"max_hp_gain":0,"max_hp_loss":0,"event_name":"Match and Keep!","floor":24,"gold_loss":0,"cards_obtained":["Purity"]},{"cards_removed":["Strike_B"],"damage_healed":0,"gold_gain":0,"player_choice":"Elegance","damage_taken":0,"max_hp_gain":0,"max_hp_loss":0,"event_name":"Back to Basics","floor":30,"gold_loss":0},{"damage_healed":0,"gold_gain":0,"player_choice":"Fight","damage_taken":0,"max_hp_gain":0,"max_hp_loss":0,"event_name":"Colosseum","floor":31,"gold_loss":0},{"damage_healed":0,"gold_gain":0,"player_choice":"Fought Nobs","damage_taken":0,"max_hp_gain":0,"max_hp_loss":0,"event_name":"Colosseum","floor":31,"gold_loss":0}],"is_beta":false,"boss_relics":[{"not_picked":["White Beast Statue","Philosopher\u0027s Stone"],"picked":"Black Star"}],"items_purged_floors":[2,20],"is_endless":false,"potions_floor_spawned":[1,3,4,8,19,21,31],"killed_by":"Collector","ascension_level":0}