{"gold_per_floor":[117,42,61,61,86,86,101,101,101,113,113,127,127,143,143,241,241,256,75,75,75,95,108,121,121,121,156,175,188,188,207,207,311,311,331,331,342,342,140,140,59,59,59,59,93,104,120,131,131,131,131,131,131,159,159],"floor_reached":55,"playtime":6118,"items_purged":["Dualcast","Strike_B","Strike_B"],"score":756,"play_id":"0548b023-52d5-4b4c-ba0a-1768ad619014","local_time":"20190210211924","is_ascension_mode":false,"campfire_choices":[{"floor":6,"key":"RECALL"},{"data":"White Noise","floor":13,"key":"SMITH"},{"data":"White Noise","floor":15,"key":"SMITH"},{"floor":32,"key":"REST"},{"data":"Creative AI","floor":40,"key":"SMITH"},{"data":"Capacitor","floor":42,"key":"SMITH"},{"data":"Buffer","floor":44,"key":"SMITH"},{"data":"Defragment","floor":49,"key":"SMITH"},{"data":"Storm","floor":52,"key":"SMITH"}],"neow_cost":"NONE","seed_source_timestamp":387506396881759,"circlet_count":0,"master_deck":["Strike_B","Defend_B","Defend_B","Zap","Compile Driver","Cold Snap","Conserve Battery","White Noise+1","Static Discharge","White Noise+1","Buffer+1","Defragment+1","Storm","Conserve Battery","Reinforced Body+1","Creative AI+1","Compile Driver","Cold Snap","Thunder Strike","Capacitor","Cold Snap+1","Capacitor+1","Storm+1","Leap+1","Consume+1","Chill+1"],"relics":["Cracked Core","Pen Nib","Ornamental Fan","Mummified Hand","Nuclear Battery","Pear","Sundial","Busted Crown","Toxic Egg 2","Mercury Hourglass","Shuriken"],"potions_floor_usage":[16,25,27,31,33,46,46,54,54,55,55],"damage_taken":[{"damage":1,"enemies":"Cultist","floor":1,"turns":3},{"damage":0,"enemies":"Small Slimes","floor":3,"turns":2},{"damage":0,"enemies":"Jaw Worm","floor":7,"turns":4},{"damage":2,"enemies":"Exordium Thugs","floor":10,"turns":4},{"damage":5,"enemies":"Blue Slaver","floor":12,"turns":4},{"damage":0,"enemies":"Large Slime","floor":14,"turns":5},{"damage":0,"enemies":"Hexaghost","floor":16,"turns":9},{"damage":2,"enemies":"3 Byrds","floor":18,"turns":5},{"damage":14,"enemies":"2 Thieves","floor":22,"turns":4},{"damage":7,"enemies":"Snake Plant","floor":23,"turns":2},{"damage":0,"enemies":"Cultist and Chosen","floor":24,"turns":3},{"damage":7,"enemies":"Gremlin Leader","floor":25,"turns":8},{"damage":15,"enemies":"Slavers","floor":27,"turns":5},{"damage":10,"enemies":"Centurion and Healer","floor":28,"turns":5},{"damage":0,"enemies":"Snecko","floor":29,"turns":3},{"damage":7,"enemies":"Chosen and Byrds","floor":31,"turns":5},{"damage":1,"enemies":"Champ","floor":33,"turns":8},{"damage":3,"enemies":"3 Shapes","floor":35,"turns":5},{"damage":0,"enemies":"3 Darklings","floor":37,"turns":3},{"damage":20,"enemies":"Reptomancer","floor":45,"turns":4},{"damage":9,"enemies":"4 Shapes","floor":46,"turns":2},{"damage":0,"enemies":"Spire Growth","floor":47,"turns":4},{"damage":0,"enemies":"Transient","floor":48,"turns":5},{"damage":16,"enemies":"Donu and Deca","floor":50,"turns":6},{"damage":22,"enemies":"Shield and Spear","floor":54,"turns":5},{"damage":68,"enemies":"The Heart","floor":55,"turns":3}],"seed_played":"2394251480702988386","potions_obtained":[{"floor":10,"key":"SpeedPotion"},{"floor":12,"key":"SmokeBomb"},{"floor":16,"key":"LiquidBronze"},{"floor":23,"key":"Strength Potion"},{"floor":28,"key":"LiquidBronze"},{"floor":29,"key":"Block Potion"},{"floor":35,"key":"FocusPotion"},{"floor":36,"key":"EssenceOfSteel"},{"floor":36,"key":"Fire Potion"},{"floor":46,"key":"Fire Potion"},{"floor":48,"key":"Block Potion"},{"floor":54,"key":"Poison Potion"}],"is_trial":false,"path_per_floor":["M","$","M","?","T","R","M","?","T","M","?","M","R","M","R","B",null,"M","$","?","?","M","M","M","E","T","E","M","M","?","M","R","B",null,"M","?","M","?","$","R","$","R","T","R","E","M","M","M","R","B",null,"R","$","E","B"],"character_chosen":"DEFECT","items_purchased":["Storm","Capacitor","Storm"],"campfire_rested":1,"item_purchase_floors":[19,39,41],"current_hp_per_floor":[74,74,74,62,62,62,62,55,55,53,53,48,48,48,48,48,75,73,73,73,59,45,38,38,31,41,26,16,16,16,9,36,35,90,87,87,87,87,87,87,87,87,87,87,67,58,58,58,58,42,90,90,90,68,0],"gold":159,"neow_bonus":"RANDOM_COMMON_RELIC","is_prod":false,"is_daily":false,"chose_seed":false,"campfire_upgraded":7,"win_rate":0,"timestamp":1549851564,"path_taken":["M","?","M","?","?","R","?","?","T","M","?","M","R","?","R","BOSS","M","$","?","?","M","M","M","E","T","E","M","M","?","M","R","BOSS","M","?","?","?","$","R","?","R","T","R","E","M","M","M","R","BOSS","R","$","E","BOSS"],"build_version":"2019-01-23","purchased_purges":3,"victory":false,"max_hp_per_floor":[75,75,75,75,75,75,75,75,75,75,75,75,75,75,75,75,75,75,75,75,80,80,80,80,80,90,90,90,90,90,90,90,90,90,90,90,90,90,90,90,90,90,90,90,90,90,90,90,90,90,90,90,90,90,90],"card_choices":[{"not_picked":["Static Discharge","Barrage"],"picked":"Compile Driver","floor":1},{"not_picked":["Melter","Self Repair"],"picked":"Cold Snap","floor":3},{"not_picked":["Reprogram","Leap"],"picked":"Conserve Battery","floor":7},{"not_picked":["Steam","Turbo"],"picked":"White Noise","floor":10},{"not_picked":["Go for the Eyes","Cold Snap"],"picked":"Static Discharge","floor":12},{"not_picked":["Lockon","Scrape"],"picked":"White Noise","floor":14},{"not_picked":["Core Surge","Hyperbeam"],"picked":"Buffer","floor":16},{"not_picked":["Conserve Battery+1","Steam"],"picked":"Defragment","floor":18},{"not_picked":["Hello World","Hologram+1"],"picked":"Cold Snap","floor":22},{"not_picked":["Cold Snap","Sweeping Beam"],"picked":"Conserve Battery","floor":23},{"not_picked":["Go for the Eyes","Scrape+1"],"picked":"Reinforced Body+1","floor":24},{"not_picked":["Amplify","Beam Cell"],"picked":"Creative AI","floor":27},{"not_picked":["Redo","Scrape"],"picked":"Compile Driver","floor":28},{"not_picked":["Doom and Gloom+1","Sunder","Hologram"],"picked":"SKIP","floor":29},{"not_picked":["Reinforced Body","Darkness"],"picked":"Cold Snap","floor":31},{"not_picked":["Seek","All For One"],"picked":"Thunder Strike","floor":33},{"not_picked":[],"picked":"Capacitor","floor":35},{"not_picked":[],"picked":"Cold Snap+1","floor":37},{"not_picked":["Compile Driver"],"picked":"SKIP","floor":45},{"not_picked":[],"picked":"Leap+1","floor":46},{"not_picked":[],"picked":"Consume+1","floor":47},{"not_picked":[],"picked":"Chill+1","floor":48},{"not_picked":["Barrage"],"picked":"SKIP","floor":54}],"player_experience":184702,"relics_obtained":[{"floor":9,"key":"Mummified Hand"},{"floor":26,"key":"Pear"},{"floor":27,"key":"Sundial"},{"floor":43,"key":"Toxic Egg 2"},{"floor":45,"key":"Mercury Hourglass"},{"floor":54,"key":"Shuriken"}],"event_choices":[{"damage_healed":0,"gold_gain":0,"player_choice":"Success","damage_taken":12,"relics_obtained":["Ornamental Fan"],"max_hp_gain":0,"max_hp_loss":0,"event_name":"Scrap Ooze","floor":4,"gold_loss":0},{"cards_removed":["Defend_B"],"damage_healed":0,"gold_gain":0,"player_choice":"Card Removal","damage_taken":7,"max_hp_gain":0,"max_hp_loss":0,"event_name":"Golden Wing","floor":8,"gold_loss":0},{"cards_removed":["Strike_B"],"damage_healed":0,"gold_gain":0,"player_choice":"Purged","damage_taken":0,"max_hp_gain":0,"max_hp_loss":0,"event_name":"Purifier","floor":11,"gold_loss":0},{"cards_removed":["Defend_B"],"damage_healed":0,"gold_gain":0,"player_choice":"Elegance","damage_taken":0,"max_hp_gain":0,"max_hp_loss":0,"event_name":"Back to Basics","floor":20,"gold_loss":0},{"damage_healed":0,"gold_gain":0,"player_choice":"Shed Blood","damage_taken":19,"max_hp_gain":5,"max_hp_loss":0,"event_name":"Forgotten Altar","floor":21,"gold_loss":0},{"damage_healed":0,"gold_gain":0,"player_choice":"Ignored","damage_taken":0,"max_hp_gain":0,"max_hp_loss":0,"event_name":"Ghosts","floor":30,"gold_loss":0},{"damage_healed":0,"gold_gain":0,"player_choice":"Got Potions","damage_taken":0,"max_hp_gain":0,"max_hp_loss":0,"event_name":"Lab","floor":36,"gold_loss":0},{"cards_removed":["Cold Snap"],"damage_healed":0,"gold_gain":0,"player_choice":"Removed Attack","damage_taken":0,"max_hp_gain":0,"max_hp_loss":0,"event_name":"Falling","floor":38,"gold_loss":0}],"is_beta":false,"boss_relics":[{"not_picked":["Cursed Key","Black Star"],"picked":"Nuclear Battery"},{"not_picked":["Pandora\u0027s Box","Astrolabe"],"picked":"Busted Crown"}],"items_purged_floors":[2,19,39],"is_endless":false,"potions_floor_spawned":[10,12,16,23,25,28,29,35,45,46,48,54],"killed_by":"The Heart","ascension_level":0}