{"gold_per_floor":[117,117,129,204,204,204,204,100,127,127,139,165,179,197,197,292,292,306,306,406,416,366,366,386,187,242,242,119,131,143,163,163,259,259,277,287,287,298,27,27,37,56,102,202,76,105,119,119,119,119,119,119,18,52,52],"floor_reached":55,"playtime":4036,"items_purged":["Strike_B","Defend_B","Strike_B","Defend_B","Strike_B","Defend_B+1"],"score":799,"play_id":"aca4ca9c-816f-4699-a668-7f2917fac72b","local_time":"20190217210329","is_ascension_mode":false,"campfire_choices":[{"floor":10.0,"key":"RECALL"},{"data":"FTL","floor":15.0,"key":"SMITH"},{"data":"Echo Form","floor":23.0,"key":"SMITH"},{"data":"Defragment","floor":27.0,"key":"SMITH"},{"data":"Zap","floor":32.0,"key":"SMITH"},{"data":"Defragment","floor":40.0,"key":"SMITH"},{"floor":49.0,"key":"REST"},{"data":"Defragment","floor":52,"key":"SMITH"}],"neow_cost":"NONE","seed_source_timestamp":0,"circlet_count":0,"master_deck":["Zap+1","Conserve Battery","Cold Snap","Cold Snap","FTL+1","Cold Snap+1","Go for the Eyes+1","Undo+1","Echo Form+1","Cold Snap+1","Capacitor+1","Conserve Battery+1","Turbo+1","Defragment+1","FTL+1","FTL+1","Ball Lightning+1","FTL+1","Sunder+1","Creative AI","Tempest+1","Defragment+1","Compile Driver+1","Defragment+1","Beam Cell+1","Beam Cell+1"],"special_seed":0,"relics":["Cracked Core","NeowsBlessing","Smiling Mask","Happy Flower","Molten Egg 2","Runic Dome","Unceasing Top","Meat on the Bone","Lantern","Busted Crown","Runic Capacitor","War Paint","Ginger","Dream Catcher","Centennial Puzzle"],"potions_floor_usage":[54,55,55],"damage_taken":[{"damage":0.0,"enemies":"Small Slimes","floor":1.0,"turns":1.0},{"damage":0.0,"enemies":"2 Louse","floor":3.0,"turns":1.0},{"damage":0.0,"enemies":"Cultist","floor":11.0,"turns":1.0},{"damage":5.0,"enemies":"Gremlin Nob","floor":12.0,"turns":4.0},{"damage":0.0,"enemies":"3 Louse","floor":13.0,"turns":3.0},{"damage":1.0,"enemies":"Large Slime","floor":14.0,"turns":4.0},{"damage":10.0,"enemies":"Hexaghost","floor":16.0,"turns":11.0},{"damage":0.0,"enemies":"Spheric Guardian","floor":18.0,"turns":3.0},{"damage":12.0,"enemies":"Colosseum Slavers","floor":20.0,"turns":5.0},{"damage":39.0,"enemies":"Colosseum Nobs","floor":20.0,"turns":7.0},{"damage":0.0,"enemies":"Chosen","floor":21.0,"turns":5.0},{"damage":3.0,"enemies":"3 Cultists","floor":24.0,"turns":5.0},{"damage":0.0,"enemies":"Centurion and Healer","floor":29.0,"turns":5.0},{"damage":3.0,"enemies":"Cultist and Chosen","floor":30.0,"turns":4.0},{"damage":1.0,"enemies":"Snake Plant","floor":31.0,"turns":4.0},{"damage":0.0,"enemies":"Collector","floor":33.0,"turns":7.0},{"damage":6.0,"enemies":"Orb Walker","floor":35.0,"turns":4.0},{"damage":15.0,"enemies":"3 Darklings","floor":36.0,"turns":4.0},{"damage":10.0,"enemies":"Jaw Worm Horde","floor":38.0,"turns":4.0},{"damage":0.0,"enemies":"Transient","floor":41.0,"turns":5.0},{"damage":0.0,"enemies":"Spire Growth","floor":42.0,"turns":3.0},{"damage":0.0,"enemies":"Mind Bloom Boss Battle","floor":44.0,"turns":4.0},{"damage":0.0,"enemies":"Giant Head","floor":46.0,"turns":6.0},{"damage":3.0,"enemies":"Writhing Mass","floor":47.0,"turns":3.0},{"damage":7.0,"enemies":"Awakened One","floor":50.0,"turns":8.0},{"damage":66,"enemies":"Shield and Spear","floor":54,"turns":5},{"damage":45,"enemies":"The Heart","floor":55,"turns":3}],"seed_played":"-8739660042738195686","potions_obtained":[{"floor":1.0,"key":"Explosive Potion"},{"floor":13.0,"key":"FocusPotion"},{"floor":16.0,"key":"SkillPotion"},{"floor":20.0,"key":"PowerPotion"},{"floor":21.0,"key":"SkillPotion"},{"floor":29.0,"key":"EntropicBrew"},{"floor":33.0,"key":"SteroidPotion"},{"floor":36.0,"key":"SpeedPotion"},{"floor":41.0,"key":"Explosive Potion"},{"floor":44.0,"key":"Explosive Potion"},{"floor":46.0,"key":"SpeedPotion"}],"is_trial":false,"path_per_floor":["M","?","M","?","?","?","T","$","T","R","M","E","M","M","R","B",null,"M","?","?","M","$","R","M","$","T","R","$","M","M","M","R","B",null,"M","M","?","M","$","R","M","M","T","?","$","E","M","?","R","B",null,"R","$","E","B"],"character_chosen":"DEFECT","items_purchased":["Cold Snap","Defragment","FTL+1","FTL+1","Defragment","Runic Capacitor","Defragment","AttackPotion"],"campfire_rested":1,"item_purchase_floors":[8,25,25,28,39,39,45,53],"current_hp_per_floor":[75,63,63,52,45,45,45,45,45,45,45,40,40,39,39,29,75,75,75,24,36,36,36,45,45,45,45,45,45,42,41,41,41,75,69,54,54,44,44,44,44,44,44,44,44,44,41,41,63,56,75,75,75,21,0],"gold":52,"neow_bonus":"THREE_ENEMY_KILL","is_prod":false,"is_daily":false,"chose_seed":false,"campfire_upgraded":6,"win_rate":0,"timestamp":1550455409,"path_taken":["M","?","M","?","?","?","?","$","T","R","?","E","M","M","R","BOSS","M","?","?","M","$","R","M","$","T","R","?","M","?","M","R","BOSS","M","M","?","M","$","R","M","M","T","?","?","E","?","?","R","BOSS","R","$","E","BOSS"],"build_version":"2019-01-23","purchased_purges":6,"victory":false,"max_hp_per_floor":[75,75,75,75,75,75,75,75,75,75,75,75,75,75,75,75,75,75,75,75,75,75,75,75,75,75,75,75,75,75,75,75,75,75,75,75,75,75,75,75,75,75,75,75,75,75,75,75,75,75,75,75,75,75,75],"card_choices":[{"not_picked":["Beam Cell","Rip and Tear"],"picked":"Conserve Battery","floor":1.0},{"not_picked":["Beam Cell","Redo"],"picked":"Cold Snap","floor":3.0},{"not_picked":["Hello World","Self Repair"],"picked":"FTL","floor":11.0},{"not_picked":["Consume","Streamline"],"picked":"Cold Snap","floor":12.0},{"not_picked":["Stack","Lockon+1"],"picked":"Go for the Eyes+1","floor":13.0},{"not_picked":["Darkness","Melter+1"],"picked":"Undo","floor":14.0},{"not_picked":["Multi-Cast","All For One+1"],"picked":"Echo Form","floor":16.0},{"not_picked":["Streamline+1","Rebound+1"],"picked":"Cold Snap+1","floor":18.0},{"not_picked":["Reinforced Body","Sunder+1"],"picked":"Capacitor+1","floor":20.0},{"not_picked":["Steam","Steam Power"],"picked":"Conserve Battery+1","floor":21.0},{"not_picked":["Beam Cell+1","Rebound+1"],"picked":"Turbo+1","floor":24.0},{"not_picked":["Streamline+1","Hologram+1"],"picked":"Ball Lightning+1","floor":29.0},{"not_picked":["Meteor Strike+1","Hologram"],"picked":"FTL+1","floor":30.0},{"not_picked":["Leap","Beam Cell+1"],"picked":"Sunder+1","floor":31.0},{"not_picked":["Amplify","Fission"],"picked":"Creative AI","floor":33.0},{"not_picked":["Gash+1"],"picked":"SKIP","floor":35.0},{"not_picked":["Rebound+1"],"picked":"SKIP","floor":36.0},{"not_picked":[],"picked":"Tempest+1","floor":38.0},{"not_picked":["Redo"],"picked":"SKIP","floor":41.0},{"not_picked":["Chaos+1"],"picked":"SKIP","floor":42.0},{"not_picked":[],"picked":"Compile Driver+1","floor":44.0},{"not_picked":[],"picked":"Beam Cell+1","floor":46.0},{"not_picked":["Gash+1"],"picked":"SKIP","floor":47.0},{"not_picked":[],"picked":"Beam Cell+1","floor":54}],"player_experience":201106,"relics_obtained":[{"floor":9.0,"key":"Happy Flower"},{"floor":12.0,"key":"Molten Egg 2"},{"floor":20.0,"key":"Unceasing Top"},{"floor":20.0,"key":"Meat on the Bone"},{"floor":26.0,"key":"Lantern"},{"floor":43.0,"key":"War Paint"},{"floor":44.0,"key":"Ginger"},{"floor":46.0,"key":"Dream Catcher"},{"floor":54,"key":"Centennial Puzzle"}],"event_choices":[{"damage_healed":0.0,"max_hp_gain":0.0,"max_hp_loss":0.0,"gold_gain":0.0,"event_name":"Scrap Ooze","player_choice":"Success","floor":2.0,"gold_loss":0.0,"damage_taken":12.0,"relics_obtained":["Smiling Mask"]},{"damage_healed":0.0,"max_hp_gain":0.0,"max_hp_loss":0.0,"gold_gain":75.0,"event_name":"World of Goop","player_choice":"Gather Gold","floor":4.0,"gold_loss":0.0,"damage_taken":11.0},{"cards_removed":["Dualcast"],"damage_healed":0.0,"max_hp_gain":0.0,"max_hp_loss":0.0,"gold_gain":0.0,"event_name":"Golden Wing","player_choice":"Card Removal","floor":5.0,"gold_loss":0.0,"damage_taken":7.0},{"cards_removed":["Defend_B"],"damage_healed":0.0,"max_hp_gain":0.0,"max_hp_loss":0.0,"gold_gain":0.0,"event_name":"Living Wall","player_choice":"Forget","floor":6.0,"gold_loss":0.0,"damage_taken":0.0},{"damage_healed":0.0,"max_hp_gain":0.0,"max_hp_loss":0.0,"gold_gain":0.0,"event_name":"Vampires","player_choice":"Ignored","floor":19.0,"gold_loss":0.0,"damage_taken":0.0},{"damage_healed":0.0,"max_hp_gain":0.0,"max_hp_loss":0.0,"gold_gain":0.0,"event_name":"Colosseum","player_choice":"Fight","floor":20.0,"gold_loss":0.0,"damage_taken":0.0},{"damage_healed":0.0,"max_hp_gain":0.0,"max_hp_loss":0.0,"gold_gain":0.0,"event_name":"Colosseum","player_choice":"Fought Nobs","floor":20.0,"gold_loss":0.0,"damage_taken":0.0},{"damage_healed":0.0,"max_hp_gain":0.0,"max_hp_loss":0.0,"gold_gain":0.0,"event_name":"Tomb of Lord Red Mask","player_choice":"Ignored","floor":37.0,"gold_loss":0.0,"damage_taken":0.0},{"damage_healed":0.0,"max_hp_gain":0.0,"max_hp_loss":0.0,"gold_gain":0.0,"event_name":"MindBloom","player_choice":"Fight","floor":44.0,"gold_loss":0.0,"damage_taken":0.0},{"cards_removed":["Strike_B"],"damage_healed":0.0,"max_hp_gain":0.0,"max_hp_loss":0.0,"gold_gain":0.0,"event_name":"Falling","player_choice":"Removed Attack","floor":48.0,"gold_loss":0.0,"damage_taken":0.0}],"is_beta":false,"boss_relics":[{"not_picked":["Lizard Tail","Cursed Key"],"picked":"Runic Dome"},{"not_picked":["Fusion Hammer","Pandora\u0027s Box"],"picked":"Busted Crown"}],"items_purged_floors":[8,22,25,28,45,53],"is_endless":false,"potions_floor_spawned":[1,13,16,20,21,29,33,36,41,44,46],"killed_by":"The Heart","ascension_level":0}