{"gold_per_floor":[116,116,116,7,21,21,50,50,50,64,64,92,52,72,72,146,146,161,161,161,177,277,277,290,305,329,364,89,89,118,138,138,216,216,234,246,36,51,0,0,32,44,115,115,132,158,158,192,192,192,192],"floor_reached":52,"playtime":3988,"items_purged":["Strike_R","Strike_R"],"score":2276,"play_id":"50d1f980-2462-4146-af9a-7a2f8baae927","local_time":"20190316205940","is_ascension_mode":true,"campfire_choices":[{"data":"Pommel Strike","floor":6,"key":"SMITH"},{"data":"Flame Barrier","floor":8,"key":"SMITH"},{"data":"Body Slam","floor":11,"key":"SMITH"},{"floor":15,"key":"REST"},{"floor":29,"key":"REST"},{"floor":32,"key":"REST"},{"floor":40,"key":"REST"},{"floor":49,"key":"REST"}],"neow_cost":"NONE","seed_source_timestamp":286427388047865,"circlet_count":0,"master_deck":["AscendersBane","Strike_R","Strike_R+1","Strike_R+1","Defend_R","Defend_R","Defend_R","Defend_R+1","Bash+1","Pommel Strike+1","Shrug It Off","Sentinel","Flame Barrier+1","Body Slam+1","Impervious","Demon Form","Heavy Blade","Burning Pact+1","True Grit+1","Pommel Strike+1","Apotheosis","Whirlwind","Clothesline+1","True Grit","Demon Form","Shrug It Off","Sword Boomerang+1","Dual Wield","Burning Pact","Parasite","Ghostly Armor","Corruption","Flame Barrier","Shockwave+1"],"relics":["Burning Blood","Gremlin Horn","Bronze Scales","Happy Flower","Whetstone","Fusion Hammer","Darkstone Periapt","Thread and Needle","The Courier","Regal Pillow","Bag of Marbles","Dodecahedron","Bird Faced Urn","Sozu","Oddly Smooth Stone","Red Mask","Pear","Ornamental Fan","Bottled Flame","Mummified Hand","Bag of Preparation"],"potions_floor_usage":[7,12,16,16,22,30],"damage_taken":[{"damage":3,"enemies":"2 Louse","floor":1,"turns":4},{"damage":0,"enemies":"Jaw Worm","floor":5,"turns":4},{"damage":17,"enemies":"3 Sentries","floor":7,"turns":10},{"damage":4,"enemies":"Small Slimes","floor":10,"turns":4},{"damage":19,"enemies":"Gremlin Nob","floor":12,"turns":4},{"damage":0,"enemies":"Gremlin Gang","floor":14,"turns":3},{"damage":0,"enemies":"Slime Boss","floor":16,"turns":3},{"damage":0,"enemies":"Spheric Guardian","floor":18,"turns":4},{"damage":0,"enemies":"3 Byrds","floor":21,"turns":3},{"damage":13,"enemies":"Colosseum Slavers","floor":22,"turns":3},{"damage":21,"enemies":"Colosseum Nobs","floor":22,"turns":5},{"damage":9,"enemies":"Snecko","floor":24,"turns":5},{"damage":2,"enemies":"3 Cultists","floor":25,"turns":6},{"damage":7,"enemies":"Slavers","floor":27,"turns":6},{"damage":0,"enemies":"Book of Stabbing","floor":30,"turns":4},{"damage":14,"enemies":"Snake Plant","floor":31,"turns":3},{"damage":0,"enemies":"Automaton","floor":33,"turns":6},{"damage":23,"enemies":"3 Darklings","floor":35,"turns":4},{"damage":0,"enemies":"Orb Walker","floor":36,"turns":2},{"damage":1,"enemies":"3 Darklings","floor":38,"turns":3},{"damage":25,"enemies":"Giant Head","floor":41,"turns":7},{"damage":6,"enemies":"Writhing Mass","floor":42,"turns":6},{"damage":2,"enemies":"Jaw Worm Horde","floor":45,"turns":5},{"damage":0,"enemies":"Reptomancer","floor":46,"turns":5},{"damage":31,"enemies":"Giant Head","floor":48,"turns":8},{"damage":61,"enemies":"Time Eater","floor":50,"turns":8},{"damage":36,"enemies":"Awakened One","floor":51,"turns":8}],"seed_played":"4731200769912354504","potions_obtained":[{"floor":7,"key":"Block Potion"},{"floor":12,"key":"SkillPotion"},{"floor":13,"key":"AttackPotion"},{"floor":13,"key":"Weak Potion"},{"floor":14,"key":"AttackPotion"},{"floor":21,"key":"Dexterity Potion"},{"floor":25,"key":"SteroidPotion"},{"floor":30,"key":"SpeedPotion"}],"is_trial":false,"path_per_floor":["M","?","?","$","M","R","E","R","T","M","R","E","?","M","R","B",null,"M","?","T","M","?","T","M","M","T","E","$","R","E","M","R","B",null,"M","M","$","M","?","R","E","M","T","T","M","E","?","E","R","B","B",null],"character_chosen":"IRONCLAD","items_purchased":["Shrug It Off","Fire Potion","Apotheosis","Whirlwind","Oddly Smooth Stone"],"campfire_rested":5,"item_purchase_floors":[4,4,28,28,37],"current_hp_per_floor":[78,52,27,27,33,33,22,22,22,24,24,11,11,17,41,47,73,79,79,79,82,60,60,57,61,61,60,60,82,82,74,82,82,82,65,73,73,80,80,82,75,85,85,85,93,98,98,73,98,47,23],"gold":192,"neow_bonus":"TEN_PERCENT_HP_BONUS","is_prod":false,"is_daily":false,"chose_seed":false,"campfire_upgraded":3,"win_rate":0,"timestamp":1552762780,"path_taken":["M","?","?","?","?","R","E","R","T","M","R","E","?","?","R","BOSS","M","?","?","?","?","?","M","M","T","E","$","R","E","M","R","BOSS","M","M","$","M","?","R","E","M","T","?","?","E","?","E","R","BOSS","BOSS"],"build_version":"2019-03-15","purchased_purges":2,"victory":true,"max_hp_per_floor":[82,82,82,82,82,82,82,82,82,82,82,82,82,82,82,82,82,82,82,82,82,82,82,82,82,82,82,82,82,82,82,82,82,82,82,82,82,82,82,82,92,98,98,98,98,98,98,98,98,98,98],"card_choices":[{"not_picked":["Flex","Twin Strike"],"picked":"Pommel Strike","floor":1},{"not_picked":["Fire Breathing","Hemokinesis"],"picked":"Sentinel","floor":5},{"not_picked":["Uppercut","Spot Weakness"],"picked":"Flame Barrier","floor":7},{"not_picked":["Sword Boomerang","Perfected Strike"],"picked":"Body Slam","floor":10},{"not_picked":["Shrug It Off","Infernal Blade"],"picked":"Impervious","floor":12},{"not_picked":["Flex","Clash","Reckless Charge"],"picked":"SKIP","floor":14},{"not_picked":["Juggernaut","Offering"],"picked":"Demon Form","floor":16},{"not_picked":["Cleave","Sever Soul+1"],"picked":"Heavy Blade","floor":18},{"not_picked":["Sever Soul","Thunderclap"],"picked":"Burning Pact+1","floor":21},{"not_picked":["Burning Pact+1","Entrench"],"picked":"True Grit+1","floor":22},{"not_picked":["Clothesline","Rage"],"picked":"Pommel Strike+1","floor":24},{"not_picked":["Armaments","Body Slam"],"picked":"Disarm","floor":25},{"not_picked":["Dark Embrace","Flex","Rupture"],"picked":"SKIP","floor":27},{"not_picked":["Reckless Charge","Perfected Strike"],"picked":"Clothesline+1","floor":30},{"not_picked":["Combust+1","Thunderclap"],"picked":"True Grit","floor":31},{"not_picked":["Exhume","Berserk"],"picked":"Demon Form","floor":33},{"not_picked":["Perfected Strike","Evolve+1"],"picked":"Shrug It Off","floor":35},{"not_picked":["Body Slam","Warcry"],"picked":"Sword Boomerang+1","floor":36},{"not_picked":["Iron Wave","Sever Soul+1"],"picked":"Dual Wield","floor":38},{"not_picked":["Searing Blow+1","Sword Boomerang"],"picked":"Burning Pact","floor":41},{"not_picked":["Combust","Pommel Strike"],"picked":"Ghostly Armor","floor":42},{"not_picked":["Sword Boomerang","Twin Strike+1"],"picked":"Corruption","floor":45},{"not_picked":["Demon Form","Anger+1"],"picked":"Flame Barrier","floor":46},{"not_picked":["Pommel Strike","Hemokinesis"],"picked":"Shockwave+1","floor":48}],"player_experience":701332,"relics_obtained":[{"floor":7,"key":"Bronze Scales"},{"floor":9,"key":"Happy Flower"},{"floor":12,"key":"Whetstone"},{"floor":20,"key":"Darkstone Periapt"},{"floor":22,"key":"Thread and Needle"},{"floor":22,"key":"The Courier"},{"floor":23,"key":"Regal Pillow"},{"floor":26,"key":"Bag of Marbles"},{"floor":27,"key":"Dodecahedron"},{"floor":30,"key":"Bird Faced Urn"},{"floor":41,"key":"Pear"},{"floor":43,"key":"Ornamental Fan"},{"floor":44,"key":"Bottled Flame"},{"floor":46,"key":"Mummified Hand"},{"floor":48,"key":"Bag of Preparation"}],"event_choices":[{"damage_healed":0,"gold_gain":0,"player_choice":"Success","damage_taken":26,"relics_obtained":["Gremlin Horn"],"max_hp_gain":0,"max_hp_loss":0,"event_name":"Scrap Ooze","floor":2,"gold_loss":0},{"damage_healed":0,"gold_gain":0,"player_choice":"Entered Light","damage_taken":25,"max_hp_gain":0,"max_hp_loss":0,"event_name":"Shining Light","floor":3,"gold_loss":0,"cards_upgraded":["Defend_R","Strike_R"]},{"damage_healed":0,"gold_gain":0,"player_choice":"Bought 3 Potions","damage_taken":0,"max_hp_gain":0,"max_hp_loss":0,"event_name":"The Woman in Blue","floor":13,"gold_loss":0},{"damage_healed":0,"gold_gain":0,"player_choice":"Ignored","damage_taken":0,"max_hp_gain":0,"max_hp_loss":0,"event_name":"Vampires","floor":19,"gold_loss":0},{"damage_healed":0,"gold_gain":0,"player_choice":"Fight","damage_taken":0,"max_hp_gain":0,"max_hp_loss":0,"event_name":"Colosseum","floor":22,"gold_loss":0},{"damage_healed":0,"gold_gain":0,"player_choice":"Fought Nobs","damage_taken":0,"max_hp_gain":0,"max_hp_loss":0,"event_name":"Colosseum","floor":22,"gold_loss":0},{"damage_healed":0,"gold_gain":0,"player_choice":"Paid","damage_taken":0,"relics_obtained":["Red Mask"],"max_hp_gain":0,"max_hp_loss":0,"event_name":"Tomb of Lord Red Mask","floor":39,"gold_loss":51},{"cards_removed":["Disarm"],"damage_healed":0,"gold_gain":0,"player_choice":"Removed Skill","damage_taken":0,"max_hp_gain":0,"max_hp_loss":0,"event_name":"Falling","floor":47,"gold_loss":0}],"is_beta":true,"boss_relics":[{"not_picked":["White Beast Statue","Tiny House"],"picked":"Fusion Hammer"},{"not_picked":["Philosopher\u0027s Stone","Calling Bell"],"picked":"Sozu"}],"items_purged_floors":[28,37],"is_endless":false,"potions_floor_spawned":[7,12,14,21,22,25,30,36,38,42],"ascension_level":20}