{"gold_per_floor":[10,85,95,113,113,113,142,142,165,177,199,10,10,41,41,146,146,162,162,1,13,13,13,45,45,45,45,64,64,83,108,108,205,205,220,75,85,85,104,104,104],"floor_reached":41,"playtime":4412,"items_purged":["Strike_R","Combust+1"],"score":647,"play_id":"b7320bca-a21a-4d31-bb95-60691292393e","local_time":"20190316225859","is_ascension_mode":true,"campfire_choices":[{"data":"True Grit","floor":6,"key":"SMITH"},{"data":"Bludgeon","floor":8,"key":"SMITH"},{"floor":15,"key":"REST"},{"data":"Inflame","floor":23,"key":"SMITH"},{"data":"Immolate","floor":27,"key":"SMITH"},{"data":"Immolate","floor":29,"key":"SMITH"},{"data":"Fiend Fire","floor":32,"key":"SMITH"},{"data":"True Grit","floor":40,"key":"SMITH"}],"neow_cost":"NO_GOLD","seed_source_timestamp":237796380431797,"circlet_count":0,"master_deck":["Strike_R","Defend_R","Bash","Bludgeon+1","Shrug It Off","True Grit+1","Pommel Strike","Reaper","Shrug It Off","Immolate+1","Immolate+1","Armaments+1","Impervious","Shrug It Off","Fiend Fire+1","Impervious","Intimidate+1","Twin Strike+1","True Grit+1","Second Wind+1"],"relics":["Burning Blood","Ancient Tea Set","Orichalcum","MawBank","Charon\u0027s Ashes","WingedGreaves","Sozu","Torii","Unceasing Top","Thread and Needle","Matryoshka","Astrolabe"],"potions_floor_usage":[7,16],"damage_taken":[{"damage":8,"enemies":"2 Louse","floor":1,"turns":3},{"damage":7,"enemies":"Small Slimes","floor":3,"turns":4},{"damage":0,"enemies":"Jaw Worm","floor":4,"turns":5},{"damage":22,"enemies":"Lagavulin","floor":7,"turns":8},{"damage":0,"enemies":"Looter","floor":11,"turns":2},{"damage":10,"enemies":"Gremlin Nob","floor":14,"turns":3},{"damage":37,"enemies":"Slime Boss","floor":16,"turns":11},{"damage":0,"enemies":"Spheric Guardian","floor":18,"turns":3},{"damage":7,"enemies":"Chosen","floor":21,"turns":4},{"damage":10,"enemies":"Slavers","floor":24,"turns":6},{"damage":9,"enemies":"Snecko","floor":28,"turns":3},{"damage":0,"enemies":"Chosen and Byrds","floor":30,"turns":4},{"damage":0,"enemies":"Gremlin Leader","floor":31,"turns":4},{"damage":59,"enemies":"Collector","floor":33,"turns":9},{"damage":0,"enemies":"Orb Walker","floor":35,"turns":2},{"damage":7,"enemies":"3 Shapes","floor":37,"turns":2},{"damage":0,"enemies":"3 Darklings","floor":39,"turns":3},{"damage":80,"enemies":"Giant Head","floor":41,"turns":8}],"seed_played":"4893691658752640350","potions_obtained":[{"floor":1,"key":"PowerPotion"},{"floor":4,"key":"SkillPotion"},{"floor":14,"key":"SpeedPotion"}],"is_trial":false,"path_per_floor":["M","?","M","M","?","R","E","R","T","?","M","$","T","E","R","B",null,"M","?","$","M","$","R","E","?","T","R","M","R","M","E","R","B",null,"M","$","M","?","M","R","E"],"character_chosen":"IRONCLAD","items_purchased":["Inflame","Shrug It Off","Impervious","True Grit"],"campfire_rested":1,"item_purchase_floors":[12,12,20,36],"current_hp_per_floor":[70,59,58,64,52,52,36,36,36,36,46,46,46,46,70,45,71,77,77,77,78,78,78,80,80,80,80,77,77,80,80,80,27,67,73,73,72,72,78,78,0],"gold":104,"neow_bonus":"TRANSFORM_TWO_CARDS","is_prod":false,"is_daily":false,"chose_seed":false,"campfire_upgraded":7,"win_rate":0,"timestamp":1552802339,"path_taken":["M","?","M","M","?","R","E","R","T","?","M","$","?","E","R","BOSS","M","?","$","M","$","R","E","?","T","R","M","R","M","E","R","BOSS","M","$","M","?","M","R","E"],"build_version":"2019-01-23","purchased_purges":2,"victory":false,"max_hp_per_floor":[80,80,80,80,80,80,80,80,80,80,80,80,80,80,80,80,80,80,80,80,80,80,80,80,80,80,80,80,80,80,80,80,80,80,80,80,80,80,80,80,80],"card_choices":[{"not_picked":["Entrench","Warcry","Rage"],"picked":"SKIP","floor":1},{"not_picked":["Clash","Heavy Blade"],"picked":"True Grit","floor":3},{"not_picked":["Sentinel","Searing Blow"],"picked":"Pommel Strike","floor":4},{"not_picked":["Evolve","Rage"],"picked":"Reaper","floor":7},{"not_picked":["Heavy Blade","Body Slam","Sword Boomerang"],"picked":"SKIP","floor":11},{"not_picked":["Pommel Strike","Warcry"],"picked":"Immolate","floor":14},{"not_picked":["Double Tap","Juggernaut"],"picked":"Immolate","floor":16},{"not_picked":["Blood for Blood","Infernal Blade"],"picked":"Armaments+1","floor":18},{"not_picked":["Perfected Strike+1","Pommel Strike+1"],"picked":"Shrug It Off","floor":21},{"not_picked":["Sever Soul","Sentinel","Infernal Blade"],"picked":"SKIP","floor":24},{"not_picked":["Thunderclap","Feel No Pain","Clash"],"picked":"SKIP","floor":28},{"not_picked":["Flex","Corruption+1"],"picked":"Fiend Fire","floor":30},{"not_picked":["Combust","Pommel Strike","Flex"],"picked":"SKIP","floor":31},{"not_picked":["Exhume","Brutality"],"picked":"Impervious","floor":33},{"not_picked":["Cleave+1","Flex","Whirlwind"],"picked":"SKIP","floor":35},{"not_picked":["Anger","Pommel Strike","Clash+1"],"picked":"SKIP","floor":37},{"not_picked":["Inflame+1","Havoc"],"picked":"Second Wind+1","floor":39}],"player_experience":357401,"relics_obtained":[{"floor":7,"key":"Orichalcum"},{"floor":9,"key":"MawBank"},{"floor":13,"key":"Charon\u0027s Ashes"},{"floor":14,"key":"WingedGreaves"},{"floor":24,"key":"Unceasing Top"},{"floor":26,"key":"Thread and Needle"},{"floor":31,"key":"Matryoshka"}],"event_choices":[{"damage_healed":0,"gold_gain":75,"player_choice":"Gather Gold","damage_taken":11,"max_hp_gain":0,"max_hp_loss":0,"event_name":"World of Goop","floor":2,"gold_loss":0},{"damage_healed":0,"gold_gain":0,"player_choice":"Success","damage_taken":12,"relics_obtained":["Ancient Tea Set"],"max_hp_gain":0,"max_hp_loss":0,"event_name":"Scrap Ooze","floor":5,"gold_loss":0},{"cards_removed":["Strike_R"],"damage_healed":0,"gold_gain":0,"player_choice":"Forget","damage_taken":0,"max_hp_gain":0,"max_hp_loss":0,"event_name":"Living Wall","floor":10,"gold_loss":0},{"damage_healed":0,"gold_gain":0,"player_choice":"Opened","damage_taken":0,"relics_obtained":["Torii"],"max_hp_gain":0,"max_hp_loss":0,"event_name":"The Mausoleum","floor":19,"gold_loss":0,"cards_obtained":["Writhe"]},{"cards_removed":["Writhe"],"damage_healed":0,"gold_gain":0,"player_choice":"Removed Curses","damage_taken":0,"max_hp_gain":0,"max_hp_loss":0,"event_name":"Fountain of Cleansing","floor":25,"gold_loss":0},{"cards_removed":["Inflame"],"damage_healed":0,"gold_gain":0,"player_choice":"Removed Power","damage_taken":0,"max_hp_gain":0,"max_hp_loss":0,"event_name":"Falling","floor":38,"gold_loss":0}],"is_beta":false,"boss_relics":[{"not_picked":["Runic Cube","Philosopher\u0027s Stone"],"picked":"Sozu"},{"not_picked":["Cursed Key","Pandora\u0027s Box"],"picked":"Astrolabe"}],"items_purged_floors":[12,36],"is_endless":false,"potions_floor_spawned":[1,4,14,18,21,30,31,35,37],"killed_by":"Giant Head","ascension_level":8}