{"gold_per_floor":[117,137,137,153,153,153,186,186,240,240,270,270,250],"floor_reached":13,"playtime":450,"items_purged":[],"score":182,"play_id":"c1c85ed6-9cd4-422d-9525-f386e88276ea","local_time":"20190316222747","is_ascension_mode":true,"campfire_choices":[{"data":"Body Slam","floor":6,"key":"SMITH"},{"floor":8,"key":"REST"},{"floor":10,"key":"REST"}],"neow_cost":"NONE","seed_source_timestamp":270607136087944,"circlet_count":0,"master_deck":["AscendersBane","Strike_R","Strike_R","Strike_R+1","Strike_R","Strike_R","Defend_R+1","Defend_R","Defend_R","Defend_R","Bash","Trip","Dual Wield","Cleave","Body Slam+1","Pommel Strike","Whirlwind+1"],"relics":["Burning Blood","Orichalcum","Vajra","Shuriken"],"potions_floor_usage":[],"damage_taken":[{"damage":7,"enemies":"Small Slimes","floor":1,"turns":4},{"damage":1,"enemies":"2 Louse","floor":2,"turns":3},{"damage":4,"enemies":"Cultist","floor":4,"turns":4},{"damage":45,"enemies":"Gremlin Nob","floor":7,"turns":4},{"damage":55,"enemies":"Lagavulin","floor":11,"turns":7},{"damage":17,"enemies":"Exordium Thugs","floor":13,"turns":1}],"seed_played":"4040485949108153556","potions_obtained":[{"floor":11,"key":"Energy Potion"}],"is_trial":false,"path_per_floor":["M","M","?","M","?","R","E","R","T","R","E","?","M"],"character_chosen":"IRONCLAD","items_purchased":[],"campfire_rested":2,"item_purchase_floors":[],"current_hp_per_floor":[67,72,49,51,51,51,12,34,34,56,7,7,0],"gold":250,"neow_bonus":"RANDOM_COLORLESS","is_prod":false,"is_daily":false,"chose_seed":false,"campfire_upgraded":1,"win_rate":0,"timestamp":1552796867,"path_taken":["M","M","?","M","?","R","E","R","T","R","E","?","?"],"build_version":"2019-01-23","purchased_purges":0,"victory":false,"max_hp_per_floor":[75,75,75,75,75,75,75,75,75,75,75,75,75],"card_choices":[{"not_picked":["Havoc","Clash"],"picked":"Dual Wield","floor":1},{"not_picked":["Anger","Wild Strike"],"picked":"Cleave","floor":2},{"not_picked":["Twin Strike","Rampage"],"picked":"Body Slam","floor":4},{"not_picked":["Armaments","Thunderclap"],"picked":"Pommel Strike","floor":7},{"not_picked":["Wild Strike","Twin Strike"],"picked":"Whirlwind","floor":11}],"player_experience":1450398,"relics_obtained":[{"floor":7,"key":"Orichalcum"},{"floor":9,"key":"Vajra"},{"floor":11,"key":"Shuriken"}],"event_choices":[{"damage_healed":0,"gold_gain":0,"player_choice":"Entered Light","damage_taken":23,"max_hp_gain":0,"max_hp_loss":0,"event_name":"Shining Light","floor":3,"gold_loss":0,"cards_upgraded":["Defend_R","Strike_R"]},{"damage_healed":0,"gold_gain":0,"player_choice":"Ignored","damage_taken":0,"max_hp_gain":0,"max_hp_loss":0,"event_name":"Liars Game","floor":5,"gold_loss":0},{"damage_healed":0,"gold_gain":0,"player_choice":"Upgraded","damage_taken":0,"max_hp_gain":0,"max_hp_loss":0,"event_name":"Upgrade Shrine","floor":12,"gold_loss":0,"cards_upgraded":["Whirlwind"]}],"is_beta":false,"boss_relics":[],"items_purged_floors":[],"is_endless":false,"potions_floor_spawned":[11],"killed_by":"Exordium Thugs","ascension_level":20}