{"gold_per_floor":[19,94,94,94,19,40,40,40,40,55,79,113,113,131,131,131],"floor_reached":16,"playtime":1285,"items_purged":["Defend_G"],"score":105,"play_id":"7468aba5-4b2c-4f8f-9426-7afcaf9b721f","local_time":"20181005081503","is_ascension_mode":true,"campfire_choices":[{"floor":8,"key":"REST"},{"floor":13,"key":"REST"},{"floor":15,"key":"REST"}],"neow_cost":"NO_GOLD","seed_source_timestamp":873841007313931,"circlet_count":0,"master_deck":["Defend_G+1","Defend_G","Defend_G","Strike_G","Strike_G","Strike_G","Strike_G","Survivor","Neutralize","Backflip","Finesse+1","Heel Hook","Quick Slash","Accuracy"],"relics":["Ring of the Snake","Golden Idol","Lantern"],"potions_floor_usage":[12,16,16],"damage_taken":[{"damage":1,"enemies":"Jaw Worm","floor":1,"turns":6},{"damage":0,"enemies":"2 Louse","floor":6,"turns":3},{"damage":0,"enemies":"Small Slimes","floor":10,"turns":4},{"damage":0,"enemies":"Exordium Wildlife","floor":11,"turns":3},{"damage":36,"enemies":"Gremlin Nob","floor":12,"turns":5},{"damage":0,"enemies":"Large Slime","floor":14,"turns":8},{"damage":65,"enemies":"Slime Boss","floor":16,"turns":15}],"seed_played":"3415773828456794295","potions_obtained":[{"floor":6,"key":"Ancient Potion"},{"floor":11,"key":"PowerPotion"},{"floor":14,"key":"GhostInAJar"}],"is_trial":false,"path_per_floor":["M","?","?","?","$","M","?","R","T","M","M","E","R","M","R"],"character_chosen":"THE_SILENT","items_purchased":[],"campfire_rested":3,"item_purchase_floors":[],"current_hp_per_floor":[69,58,41,41,41,41,27,48,48,48,48,12,33,33,54,0],"gold":131,"neow_bonus":"REMOVE_TWO","is_prod":false,"is_daily":false,"chose_seed":false,"campfire_upgraded":0,"win_rate":0,"timestamp":1538752503,"path_taken":["M","?","?","?","$","?","?","R","T","M","M","E","R","M","R","BOSS"],"build_version":"2018-10-04","purchased_purges":1,"victory":false,"max_hp_per_floor":[70,70,70,70,70,70,70,70,70,70,70,70,70,70,70,70],"card_choices":[{"not_picked":["Prepared","All Out Attack"],"picked":"Backflip","floor":1},{"not_picked":["PiercingWail","Prepared","Catalyst"],"picked":"SKIP","floor":6},{"not_picked":["Terror","Dagger Spray"],"picked":"Heel Hook","floor":10},{"not_picked":["Reflex","All Out Attack","Dagger Spray"],"picked":"SKIP","floor":11},{"not_picked":["Deadly Poison","Caltrops"],"picked":"Quick Slash","floor":12},{"not_picked":["Dagger Throw","Skewer"],"picked":"Accuracy","floor":14}],"player_experience":332432,"relics_obtained":[{"floor":12,"key":"Lantern"}],"event_choices":[{"event_name":"World of Goop","player_choice":"Gather Gold","floor":2,"damage_taken":0},{"event_name":"Golden Idol","player_choice":"Take Damage","floor":3,"damage_taken":0},{"event_name":"Match and Keep!","player_choice":"1 cards matched","floor":4,"damage_taken":0},{"event_name":"Shining Light","player_choice":"Entered Light","floor":7,"damage_taken":0}],"is_beta":false,"boss_relics":[],"items_purged_floors":[5],"is_endless":false,"potions_floor_spawned":[6,11,14],"killed_by":"Slime Boss","ascension_level":1}