{"gold_per_floor":[215,234,234,251,267,302,302,302,302,316,316,82,82,414,414,519,519,534,633,633,648,665,665,683,683,683,701,701,713,533,533,533,628,628,647,647,663,663,586,614,625,625],"floor_reached":42,"playtime":2272,"items_purged":["Strike_G","Defend_G","Defend_G"],"score":507,"play_id":"b5e16abb-d888-4976-9a4a-25c5e71b3028","local_time":"20190223181428","is_ascension_mode":true,"campfire_choices":[{"data":"Dagger Spray","floor":7,"key":"SMITH"},{"data":"Neutralize","floor":11,"key":"SMITH"},{"floor":15,"key":"REST"},{"data":"A Thousand Cuts","floor":23,"key":"SMITH"},{"data":"Cloak And Dagger","floor":25,"key":"SMITH"},{"data":"Blade Dance","floor":28,"key":"SMITH"},{"data":"Burst","floor":32,"key":"SMITH"}],"neow_cost":"NONE","seed_source_timestamp":24191779989900,"circlet_count":0,"master_deck":["Defend_G","Defend_G+1","Defend_G","Strike_G+1","Strike_G+1","Survivor","Neutralize+1","Dagger Spray+1","Blade Dance+1","Cloak And Dagger+1","Sucker Punch","After Image","Adrenaline+1","A Thousand Cuts+1","Blade Dance+1","Blade Dance+1","Accuracy+1","Burst+1","After Image","Terror","Accuracy"],"relics":["Ring of the Snake","Smiling Mask","The Courier","Oddly Smooth Stone","Old Coin","Sozu","War Paint","Black Star","Omamori","Vajra"],"potions_floor_usage":[14,42],"damage_taken":[{"damage":0,"enemies":"Cultist","floor":1,"turns":4},{"damage":7,"enemies":"Jaw Worm","floor":2,"turns":7},{"damage":0,"enemies":"Small Slimes","floor":4,"turns":2},{"damage":7,"enemies":"3 Louse","floor":5,"turns":2},{"damage":10,"enemies":"3 Sentries","floor":6,"turns":11},{"damage":1,"enemies":"Blue Slaver","floor":10,"turns":4},{"damage":6,"enemies":"Gremlin Nob","floor":14,"turns":4},{"damage":21,"enemies":"Slime Boss","floor":16,"turns":10},{"damage":0,"enemies":"3 Byrds","floor":18,"turns":4},{"damage":0,"enemies":"Chosen","floor":21,"turns":4},{"damage":15,"enemies":"Shelled Parasite and Fungi","floor":22,"turns":6},{"damage":1,"enemies":"3 Cultists","floor":24,"turns":4},{"damage":2,"enemies":"Cultist and Chosen","floor":27,"turns":4},{"damage":6,"enemies":"Snake Plant","floor":29,"turns":5},{"damage":10,"enemies":"Champ","floor":33,"turns":9},{"damage":0,"enemies":"3 Shapes","floor":35,"turns":4},{"damage":9,"enemies":"Orb Walker","floor":37,"turns":4},{"damage":19,"enemies":"Reptomancer","floor":40,"turns":5},{"damage":9,"enemies":"Maw","floor":41,"turns":5},{"damage":31,"enemies":"Nemesis","floor":42,"turns":5}],"seed_played":"-7673801967435273233","potions_obtained":[{"floor":2,"key":"SneckoOil"},{"floor":5,"key":"Energy Potion"},{"floor":10,"key":"PowerPotion"},{"floor":16,"key":"Dexterity Potion"}],"is_trial":false,"path_per_floor":["?","?","?","?","?","M","?","?","?"],"character_chosen":"THE_SILENT","items_purchased":["Oddly Smooth Stone","After Image","Burst","Accuracy"],"campfire_rested":1,"item_purchase_floors":[12,12,30,39],"current_hp_per_floor":[70,63,49,49,42,32,32,32,32,31,31,31,24,18,39,18,70,70,70,70,70,55,55,54,54,54,52,52,46,46,46,46,36,70,70,66,57,57,57,38,29,0],"gold":625,"neow_bonus":"HUNDRED_GOLD","is_prod":false,"is_daily":false,"chose_seed":false,"campfire_upgraded":6,"win_rate":0,"timestamp":1550963668,"path_taken":["M","M","?","M","M","E","R","?","T","M","R","$","?","E","R","BOSS","M","?","?","M","M","R","M","R","T","M","R","?","$","?","R","BOSS","M","?","M","?","$","E","M","E"],"build_version":"2019-01-23","purchased_purges":3,"victory":false,"max_hp_per_floor":[70,70,70,70,70,70,70,70,70,70,70,70,70,70,70,70,70,70,70,70,70,70,70,70,70,70,70,70,70,70,70,70,70,70,70,66,66,66,66,66,66,66],"card_choices":[{"not_picked":["Sucker Punch","Catalyst"],"picked":"Dagger Spray","floor":1},{"not_picked":["Slice","Dagger Spray"],"picked":"Blade Dance","floor":2},{"not_picked":["Bane","Concentrate","Masterful Stab"],"picked":"SKIP","floor":4},{"not_picked":["Dodge and Roll","Bane"],"picked":"Cloak And Dagger","floor":5},{"not_picked":["Deflect","Setup"],"picked":"Noxious Fumes","floor":6},{"not_picked":["Choke","Eviscerate"],"picked":"Sucker Punch","floor":10},{"not_picked":["Backflip","Acrobatics"],"picked":"Adrenaline","floor":14},{"not_picked":["Bullet Time","Venomology"],"picked":"A Thousand Cuts","floor":16},{"not_picked":["Crippling Poison","Quick Slash"],"picked":"Blade Dance+1","floor":18},{"not_picked":["Caltrops+1","Backflip","Slice+1"],"picked":"SKIP","floor":21},{"not_picked":["Deflect","Prepared","Finisher"],"picked":"SKIP","floor":22},{"not_picked":["Finisher","Masterful Stab+1","Quick Slash"],"picked":"SKIP","floor":24},{"not_picked":["Endless Agony","Underhanded Strike"],"picked":"Blade Dance+1","floor":27},{"not_picked":["Dodge and Roll","Bouncing Flask"],"picked":"Accuracy+1","floor":29},{"not_picked":["Storm of Steel","Wraith Form v2"],"picked":"After Image","floor":33},{"not_picked":["PiercingWail","Dagger Throw+1"],"picked":"Terror","floor":35},{"not_picked":["Dagger Spray","Expertise+1","Concentrate"],"picked":"SKIP","floor":37},{"not_picked":["Expertise","Noxious Fumes+1","Bouncing Flask"],"picked":"SKIP","floor":40},{"not_picked":["Sucker Punch","Finisher","Choke+1"],"picked":"SKIP","floor":41}],"player_experience":116735,"relics_obtained":[{"floor":6,"key":"Smiling Mask"},{"floor":9,"key":"The Courier"},{"floor":14,"key":"Old Coin"},{"floor":26,"key":"War Paint"},{"floor":40,"key":"Omamori"},{"floor":40,"key":"Vajra"}],"event_choices":[{"damage_healed":0,"gold_gain":0,"player_choice":"Entered Light","damage_taken":14,"max_hp_gain":0,"max_hp_loss":0,"event_name":"Shining Light","floor":3,"gold_loss":0,"cards_upgraded":["Strike_G","Strike_G"]},{"cards_removed":["Strike_G"],"damage_healed":0,"gold_gain":0,"player_choice":"Forget","damage_taken":0,"max_hp_gain":0,"max_hp_loss":0,"event_name":"Living Wall","floor":8,"gold_loss":0},{"cards_removed":["Strike_G"],"damage_healed":0,"gold_gain":0,"player_choice":"Card Removal","damage_taken":7,"max_hp_gain":0,"max_hp_loss":0,"event_name":"Golden Wing","floor":13,"gold_loss":0},{"damage_healed":0,"gold_gain":99,"player_choice":"Stole From Cult","damage_taken":0,"max_hp_gain":0,"max_hp_loss":0,"event_name":"Nest","floor":19,"gold_loss":0},{"damage_healed":0,"gold_gain":0,"player_choice":"Ignored","damage_taken":0,"max_hp_gain":0,"max_hp_loss":0,"event_name":"The Mausoleum","floor":20,"gold_loss":0},{"damage_healed":0,"gold_gain":0,"player_choice":"Ignored","damage_taken":0,"max_hp_gain":0,"max_hp_loss":0,"event_name":"Ghosts","floor":31,"gold_loss":0},{"damage_healed":0,"gold_gain":0,"player_choice":"Max HP","damage_taken":0,"max_hp_gain":0,"max_hp_loss":4,"event_name":"Winding Halls","floor":36,"gold_loss":0},{"cards_removed":["Noxious Fumes"],"damage_healed":0,"gold_gain":0,"player_choice":"Removed Power","damage_taken":0,"max_hp_gain":0,"max_hp_loss":0,"event_name":"Falling","floor":38,"gold_loss":0}],"is_beta":false,"boss_relics":[{"not_picked":["Ring of the Serpent","Lizard Tail"],"picked":"Sozu"},{"not_picked":["Astrolabe","Calling Bell"],"picked":"Black Star"}],"items_purged_floors":[12,30,39],"is_endless":false,"potions_floor_spawned":[2,5,10,16,27,37,40,41],"killed_by":"Nemesis","ascension_level":2}