{"gold_per_floor":[117,140,150,160,160,160,187,187,187,201,201,92,103,103],"floor_reached":14,"playtime":693,"items_purged":[],"score":171,"play_id":"d4fe601a-6bcc-4256-a1ee-8a69f5ccb4ce","local_time":"20190216134136","is_ascension_mode":true,"campfire_choices":[{"data":"Madness","floor":6,"key":"SMITH"},{"floor":8,"key":"REST"},{"data":"Strike_G","floor":11,"key":"PURGE"}],"neow_cost":"TEN_PERCENT_HP_LOSS","seed_source_timestamp":8977629926467,"circlet_count":0,"master_deck":["AscendersBane","Defend_G","Defend_G","Defend_G","Defend_G","Defend_G","Strike_G","Strike_G","Strike_G","Survivor","Neutralize","Sadistic Nature","Madness+1","Sucker Punch","Crippling Poison","Dagger Spray","Unload","Dash"],"relics":["Ring of the Snake","Snake Skull","Du-Vu Doll","Peace Pipe","Singing Bowl"],"potions_floor_usage":[7],"damage_taken":[{"damage":6,"enemies":"Cultist","floor":1,"turns":5},{"damage":2,"enemies":"2 Louse","floor":3,"turns":3},{"damage":7,"enemies":"Jaw Worm","floor":4,"turns":5},{"damage":26,"enemies":"Gremlin Nob","floor":7,"turns":4},{"damage":0,"enemies":"Gremlin Gang","floor":10,"turns":3},{"damage":7,"enemies":"Exordium Thugs","floor":13,"turns":4},{"damage":25,"enemies":"Lagavulin","floor":14,"turns":6}],"seed_played":"-6820151966853752000","potions_obtained":[{"floor":3,"key":"SteroidPotion"}],"is_trial":false,"path_per_floor":["M","T","M","M","?","R","E","R","T","M","R","?","M","E"],"character_chosen":"THE_SILENT","items_purchased":[],"campfire_rested":1,"item_purchase_floors":[],"current_hp_per_floor":[53,53,51,44,37,37,11,29,29,29,29,29,24,0],"gold":103,"neow_bonus":"RANDOM_COLORLESS_2","is_prod":false,"is_daily":false,"chose_seed":false,"campfire_upgraded":1,"win_rate":0,"timestamp":1550353296,"path_taken":["M","?","M","M","?","R","E","R","T","M","R","?","?","E"],"build_version":"2019-01-23","purchased_purges":0,"victory":false,"max_hp_per_floor":[60,60,60,60,60,60,60,60,60,60,60,60,62,62],"card_choices":[{"not_picked":["Skewer","Backflip"],"picked":"Sucker Punch","floor":1},{"not_picked":["Backflip","Dagger Throw"],"picked":"Crippling Poison","floor":3},{"not_picked":["Underhanded Strike","Dodge and Roll"],"picked":"Dagger Spray","floor":4},{"not_picked":["Tactician","Choke"],"picked":"Unload","floor":7},{"not_picked":["Poisoned Stab","Skewer"],"picked":"Dash","floor":10},{"not_picked":["Setup","Dodge and Roll","Quick Slash"],"picked":"Singing Bowl","floor":13}],"player_experience":531025,"relics_obtained":[{"floor":2,"key":"Snake Skull"},{"floor":7,"key":"Du-Vu Doll"},{"floor":9,"key":"Peace Pipe"}],"event_choices":[{"cards_removed":["Strike_G"],"damage_healed":0,"gold_gain":0,"player_choice":"Card Removal","damage_taken":7,"max_hp_gain":0,"max_hp_loss":0,"event_name":"Golden Wing","floor":5,"gold_loss":0},{"damage_healed":0,"gold_gain":0,"player_choice":"Paid Gold","damage_taken":0,"relics_obtained":["Singing Bowl"],"max_hp_gain":0,"max_hp_loss":0,"event_name":"WeMeetAgain","floor":12,"gold_loss":109}],"is_beta":false,"boss_relics":[],"items_purged_floors":[],"is_endless":false,"potions_floor_spawned":[3],"killed_by":"Lagavulin","ascension_level":18}