{"gold_per_floor":[116,128,128,203,219,219,253,253,277,289,301,301,301,331,331,431,431,446,446,15,15,42,54,83,95],"floor_reached":25,"playtime":625,"items_purged":["Parasite"],"score":255,"play_id":"5ec98b67-4b96-414b-871f-04d1ca96a881","local_time":"20190111014254","is_ascension_mode":true,"campfire_choices":[{"data":"Zap","floor":6,"key":"SMITH"},{"data":"Redo","floor":8,"key":"SMITH"},{"floor":12,"key":"REST"},{"data":"Streamline","floor":15,"key":"SMITH"},{"data":"Hologram","floor":23,"key":"SMITH"}],"neow_cost":"NONE","seed_source_timestamp":110369527782106,"circlet_count":0,"master_deck":["Strike_B","Strike_B","Strike_B","Strike_B","Defend_B","Defend_B","Defend_B","Defend_B","Zap+1","Dualcast","Streamline+1","Gash","Melter","Redo+1","Auto Shields","Go for the Eyes","Scrape+1","Hologram+1","FTL"],"relics":["Cracked Core","Vajra","Orichalcum","Oddly Smooth Stone","Happy Flower","Philosopher\u0027s Stone","Enchiridion","Lantern","Strawberry","MawBank"],"potions_floor_usage":[7,14],"damage_taken":[{"damage":1,"enemies":"Small Slimes","floor":1,"turns":3},{"damage":0,"enemies":"2 Louse","floor":2,"turns":1},{"damage":7,"enemies":"Jaw Worm","floor":5,"turns":3},{"damage":28,"enemies":"Gremlin Nob","floor":7,"turns":4},{"damage":14,"enemies":"Blue Slaver","floor":10,"turns":3},{"damage":19,"enemies":"Exordium Thugs","floor":11,"turns":5},{"damage":6,"enemies":"Lagavulin","floor":14,"turns":6},{"damage":29,"enemies":"The Guardian","floor":16,"turns":10},{"damage":15,"enemies":"2 Thieves","floor":18,"turns":3},{"damage":11,"enemies":"Shell Parasite","floor":24,"turns":5},{"damage":35,"enemies":"Slavers","floor":25,"turns":2}],"seed_played":"9016477686914817588","potions_obtained":[{"floor":5,"key":"Regen Potion"},{"floor":7,"key":"FearPotion"},{"floor":16,"key":"GamblersBrew"}],"is_trial":false,"path_per_floor":["M","M","?","?","M","R","E","R","T","M","M","R","?","E","R","B",null,"M","?","$","?","T","R","M","E"],"character_chosen":"DEFECT","items_purchased":["Lantern","Hologram","Strawberry"],"campfire_rested":1,"item_purchase_floors":[20,20,20],"current_hp_per_floor":[81,81,69,58,51,51,35,35,35,21,2,26,46,40,40,11,82,67,51,58,41,41,41,30,0],"gold":95,"neow_bonus":"TEN_PERCENT_HP_BONUS","is_prod":false,"is_daily":false,"chose_seed":false,"campfire_upgraded":4,"win_rate":0,"timestamp":1547138574,"path_taken":["M","M","?","?","M","R","E","R","T","M","M","R","?","E","R","BOSS","M","?","$","?","?","R","?","E"],"build_version":"2019-01-03v4","purchased_purges":1,"victory":false,"max_hp_per_floor":[82,82,82,82,82,82,82,82,82,82,82,82,82,82,82,82,82,82,82,86,91,91,91,91,91],"card_choices":[{"not_picked":["Double Energy","Recycle"],"picked":"Streamline","floor":1},{"not_picked":["Hello World","Doom and Gloom"],"picked":"Gash","floor":2},{"not_picked":["Leap","Turbo"],"picked":"Melter","floor":5},{"not_picked":["Steam","Barrage"],"picked":"Redo","floor":7},{"not_picked":["Cold Snap","Chill"],"picked":"Auto Shields","floor":10},{"not_picked":["Reinforced Body","All For One"],"picked":"Go for the Eyes","floor":11},{"not_picked":["Redo","Force Field","Leap"],"picked":"SKIP","floor":14},{"not_picked":["Glacier","Rebound"],"picked":"Scrape+1","floor":18},{"not_picked":["Barrage","Melter"],"picked":"FTL","floor":24}],"player_experience":386199,"relics_obtained":[{"floor":7,"key":"Orichalcum"},{"floor":9,"key":"Oddly Smooth Stone"},{"floor":14,"key":"Happy Flower"},{"floor":19,"key":"Enchiridion"},{"floor":22,"key":"MawBank"}],"event_choices":[{"damage_healed":0,"gold_gain":0,"player_choice":"Success","damage_taken":12,"relics_obtained":["Vajra"],"max_hp_gain":0,"max_hp_loss":0,"event_name":"Scrap Ooze","floor":3,"gold_loss":0},{"damage_healed":0,"gold_gain":75,"player_choice":"Gather Gold","damage_taken":11,"max_hp_gain":0,"max_hp_loss":0,"event_name":"World of Goop","floor":4,"gold_loss":0},{"damage_healed":20,"gold_gain":0,"player_choice":"Healed and dodged fight","damage_taken":0,"max_hp_gain":0,"max_hp_loss":0,"event_name":"Mushrooms","floor":13,"gold_loss":0,"cards_obtained":["Parasite"]},{"damage_healed":0,"gold_gain":0,"player_choice":"Obtained Book","damage_taken":16,"max_hp_gain":0,"max_hp_loss":0,"event_name":"Cursed Tome","floor":19,"gold_loss":0},{"damage_healed":0,"gold_gain":0,"player_choice":"Shed Blood","damage_taken":22,"max_hp_gain":5,"max_hp_loss":0,"event_name":"Forgotten Altar","floor":21,"gold_loss":0}],"is_beta":false,"boss_relics":[{"not_picked":["White Beast Statue","Eternal Feather"],"picked":"Philosopher\u0027s Stone"}],"items_purged_floors":[20],"is_endless":false,"potions_floor_spawned":[5,7,16],"killed_by":"Slavers","ascension_level":2}