{"gold_per_floor":[118,137,153,167,186,219,236,386,386,386,397,7,42,57,57,128,128,145,165,165,185,185,185,218,218,218,244,89,107,127,146,146,224,224,244,67,87,106,126,126,138,168,195,205,222,41,61,78,78,78,78],"floor_reached":52,"playtime":10510,"items_purged":["Doubt","Strike_G","Strike_G"],"score":2092,"play_id":"f8aeee2a-4e0e-4667-842e-b85203e76c20","local_time":"20181102210659","is_ascension_mode":true,"campfire_choices":[{"data":"Tactician","floor":15.0,"key":"SMITH"},{"data":"Reflex","floor":23.0,"key":"SMITH"},{"data":"Reflex","floor":25.0,"key":"SMITH"},{"data":"Noxious Fumes","floor":32.0,"key":"SMITH"},{"data":"Acrobatics","floor":40.0,"key":"SMITH"},{"data":"Dash","floor":49,"key":"SMITH"}],"neow_cost":"NONE","seed_source_timestamp":2007368294006430,"circlet_count":0,"master_deck":["AscendersBane","Defend_G","Defend_G","Defend_G","Defend_G","Defend_G","Survivor","Neutralize","Dagger Throw+1","Masterful Stab+1","Tools of the Trade+1","PiercingWail","Cloak And Dagger","Reflex+1","Dash+1","After Image","Well Laid Plans","Reflex+1","Dagger Throw","Noxious Fumes+1","Terror","Tactician+1","Tools of the Trade","Acrobatics","Cloak And Dagger+1","Necronomicurse","Malaise","Tactician+1","Backstab","Prepared","Escape Plan+1","Dash","Storm of Steel","Acrobatics+1","Prepared+1","Acrobatics+1","Parasite","Doppelganger","Blur","Madness","After Image+1","Footwork+1"],"special_seed":0,"relics":["Astrolabe","StoneCalendar","Meat on the Bone","Kunai","Centennial Puzzle","Coffee Dripper","Necronomicon","Regal Pillow","Dodecahedron","Frozen Egg 2","WristBlade","FossilizedHelix","Art of War"],"potions_floor_usage":[51,51,51],"damage_taken":[{"damage":0.0,"enemies":"2 Louse","floor":1.0,"turns":3.0},{"damage":0.0,"enemies":"Cultist","floor":2.0,"turns":3.0},{"damage":1.0,"enemies":"Jaw Worm","floor":3.0,"turns":4.0},{"damage":26.0,"enemies":"Exordium Thugs","floor":4.0,"turns":8.0},{"damage":0.0,"enemies":"Lots of Slimes","floor":5.0,"turns":4.0},{"damage":14.0,"enemies":"Lagavulin","floor":6.0,"turns":8.0},{"damage":3.0,"enemies":"Looter","floor":7.0,"turns":5.0},{"damage":6.0,"enemies":"Exordium Thugs","floor":11.0,"turns":7.0},{"damage":12.0,"enemies":"3 Sentries","floor":13.0,"turns":7.0},{"damage":0.0,"enemies":"Large Slime","floor":14.0,"turns":4.0},{"damage":0.0,"enemies":"The Guardian","floor":16.0,"turns":9.0},{"damage":5.0,"enemies":"2 Thieves","floor":18.0,"turns":4.0},{"damage":9.0,"enemies":"Chosen","floor":19.0,"turns":6.0},{"damage":9.0,"enemies":"Shelled Parasite and Fungi","floor":21.0,"turns":5.0},{"damage":14.0,"enemies":"Slavers","floor":24.0,"turns":8.0},{"damage":14.0,"enemies":"Gremlin Leader","floor":27.0,"turns":6.0},{"damage":10.0,"enemies":"Cultist and Chosen","floor":29.0,"turns":9.0},{"damage":3.0,"enemies":"Centurion and Healer","floor":30.0,"turns":7.0},{"damage":12.0,"enemies":"Snake Plant","floor":31.0,"turns":5.0},{"damage":2.0,"enemies":"Collector","floor":33.0,"turns":10.0},{"damage":0.0,"enemies":"3 Shapes","floor":35.0,"turns":7.0},{"damage":15.0,"enemies":"Orb Walker","floor":37.0,"turns":3.0},{"damage":6.0,"enemies":"3 Darklings","floor":38.0,"turns":4.0},{"damage":15.0,"enemies":"Spire Growth","floor":39.0,"turns":4.0},{"damage":3.0,"enemies":"Writhing Mass","floor":41.0,"turns":7.0},{"damage":4.0,"enemies":"Giant Head","floor":42.0,"turns":6.0},{"damage":0.0,"enemies":"Sphere and 2 Shapes","floor":44.0,"turns":5.0},{"damage":12.0,"enemies":"4 Shapes","floor":45.0,"turns":7.0},{"damage":3.0,"enemies":"Writhing Mass","floor":47.0,"turns":8.0},{"damage":0.0,"enemies":"Maw","floor":48.0,"turns":8.0},{"damage":12,"enemies":"Donu and Deca","floor":50,"turns":11},{"damage":0,"enemies":"Awakened One","floor":51,"turns":11}],"seed_played":"-5329610560920166387","potions_obtained":[{"floor":2.0,"key":"Explosive Potion"},{"floor":4.0,"key":"Swift Potion"},{"floor":10.0,"key":"GhostInAJar"},{"floor":10.0,"key":"SneckoOil"},{"floor":11.0,"key":"Poison Potion"},{"floor":13.0,"key":"Poison Potion"},{"floor":18.0,"key":"LiquidBronze"},{"floor":19.0,"key":"Energy Potion"},{"floor":27.0,"key":"PowerPotion"},{"floor":30.0,"key":"EntropicBrew"}],"is_trial":false,"path_per_floor":["M","M","M","M","M","E","M","?","T","?","M","$","E","M","R","B",null,"M","M","?","M","?","R","E","R","T","E","$","M","M","M","R","B",null,"M","$","M","M","M","R","M","E","T","M","M","$","M","M","R","B","B",null],"character_chosen":"THE_SILENT","items_purchased":["Kunai","Noxious Fumes","Prepared","Acrobatics","Madness","After Image+1"],"campfire_rested":0,"item_purchase_floors":[12,12,28,36,46,46],"current_hp_per_floor":[59,59,58,32,32,18,15,15,15,15,21,21,21,33,33,45,61,56,47,26,29,29,29,27,27,27,25,25,27,36,36,36,34,58,58,58,43,37,34,34,43,39,39,39,39,39,36,36,36,36,36],"gold":78,"neow_bonus":"BOSS_RELIC","is_prod":false,"is_daily":false,"chose_seed":false,"campfire_upgraded":6,"win_rate":0,"timestamp":1541185619,"path_taken":["M","M","M","M","M","E","M","?","T","?","M","$","E","M","R","BOSS","M","M","?","M","?","R","E","R","T","E","$","?","M","M","R","BOSS","M","?","M","M","M","R","M","E","T","M","M","$","M","M","R","BOSS","BOSS"],"build_version":"2018-11-01","purchased_purges":3,"victory":true,"max_hp_per_floor":[66,66,66,66,66,66,66,66,66,66,66,66,66,66,66,66,66,66,66,66,66,66,66,66,66,66,66,66,66,66,66,66,66,66,66,66,66,66,66,66,66,66,66,66,66,66,66,66,66,66,66],"card_choices":[{"not_picked":["Prepared","Deadly Poison"],"picked":"PiercingWail","floor":1.0},{"not_picked":["Blade Dance","Eviscerate"],"picked":"Cloak And Dagger","floor":2.0},{"not_picked":["Infinite Blades","Quick Slash"],"picked":"Reflex","floor":3.0},{"not_picked":["Flying Knee","Quick Slash"],"picked":"Dash","floor":4.0},{"not_picked":["Prepared","Backflip"],"picked":"After Image","floor":5.0},{"not_picked":["Outmaneuver","Finisher"],"picked":"Well Laid Plans","floor":6.0},{"not_picked":["PiercingWail","Slice"],"picked":"Reflex","floor":7.0},{"not_picked":["Flying Knee","Dodge and Roll"],"picked":"Dagger Throw","floor":11.0},{"not_picked":["Grand Finale","Dodge and Roll"],"picked":"Terror","floor":13.0},{"not_picked":["Acrobatics","Quick Slash"],"picked":"Tactician","floor":14.0},{"not_picked":["Storm of Steel","Venomology"],"picked":"Tools of the Trade","floor":16.0},{"not_picked":["Dodge and Roll","Cloak And Dagger"],"picked":"Acrobatics","floor":18.0},{"not_picked":["Slice","Underhanded Strike"],"picked":"Cloak And Dagger+1","floor":19.0},{"not_picked":["Dagger Throw","Dagger Spray"],"picked":"Malaise","floor":21.0},{"not_picked":["Prepared","Glass Knife"],"picked":"Backstab","floor":24.0},{"not_picked":["Setup","Slice","Dagger Throw"],"picked":"SKIP","floor":27.0},{"not_picked":["Poisoned Stab","Slice"],"picked":"Escape Plan+1","floor":29.0},{"not_picked":["Terror+1","Deflect+1"],"picked":"Dash","floor":30.0},{"not_picked":["Dagger Throw","Quick Slash","Bouncing Flask"],"picked":"SKIP","floor":31.0},{"not_picked":["Bullet Time","Malaise"],"picked":"Storm of Steel","floor":33.0},{"not_picked":["Distraction","Slice+1","Blade Dance"],"picked":"SKIP","floor":35.0},{"not_picked":["Outmaneuver","Calculated Gamble"],"picked":"Prepared+1","floor":37.0},{"not_picked":["Blade Dance","Dagger Throw","Backstab+1"],"picked":"SKIP","floor":38.0},{"not_picked":["Riddle With Holes","Sucker Punch+1"],"picked":"Acrobatics+1","floor":39.0},{"not_picked":["Bane","Deadly Poison"],"picked":"Doppelganger","floor":41.0},{"not_picked":["Calculated Gamble","Infinite Blades+1"],"picked":"Blur","floor":42.0},{"not_picked":["Bouncing Flask","Deadly Poison+1","Poisoned Stab+1"],"picked":"SKIP","floor":44.0},{"not_picked":["Dagger Throw","Bane","Bouncing Flask"],"picked":"SKIP","floor":45.0},{"not_picked":["Outmaneuver","Finisher","Slice+1"],"picked":"SKIP","floor":47.0},{"not_picked":["Prepared","Unload"],"picked":"Footwork+1","floor":48.0}],"player_experience":546673,"relics_obtained":[{"floor":6.0,"key":"StoneCalendar"},{"floor":9.0,"key":"Meat on the Bone"},{"floor":13.0,"key":"Centennial Puzzle"},{"floor":20.0,"key":"Necronomicon"},{"floor":24.0,"key":"Regal Pillow"},{"floor":26.0,"key":"Dodecahedron"},{"floor":27.0,"key":"Frozen Egg 2"},{"floor":42.0,"key":"FossilizedHelix"},{"floor":43.0,"key":"Art of War"}],"event_choices":[{"damage_healed":0.0,"max_hp_gain":0.0,"max_hp_loss":0.0,"gold_gain":150.0,"event_name":"Liars Game","player_choice":"AGREE","floor":8.0,"gold_loss":0.0,"damage_taken":0.0,"cards_obtained":["Doubt"]},{"damage_healed":0.0,"max_hp_gain":0.0,"max_hp_loss":0.0,"gold_gain":0.0,"event_name":"Lab","player_choice":"Got Potions","floor":10.0,"gold_loss":0.0,"damage_taken":0.0},{"damage_healed":0.0,"max_hp_gain":0.0,"max_hp_loss":0.0,"gold_gain":0.0,"event_name":"Cursed Tome","player_choice":"Obtained Book","floor":20.0,"gold_loss":0.0,"damage_taken":21.0},{"damage_healed":0.0,"max_hp_gain":0.0,"max_hp_loss":0.0,"gold_gain":0.0,"event_name":"Duplicator","player_choice":"Copied","floor":22.0,"gold_loss":0.0,"damage_taken":0.0,"cards_obtained":["Tactician"]}],"is_beta":false,"boss_relics":[{"not_picked":["Eternal Feather","Orrery"],"picked":"Coffee Dripper"},{"not_picked":["HoveringKite","Calling Bell"],"picked":"WristBlade"}],"items_purged_floors":[12,28,36],"is_endless":false,"potions_floor_spawned":[2,4,11,13,18,19,27,30,31,35,44,45,47,48],"ascension_level":20}