{"gold_per_floor":[115,115,43,63,63,90,102,127,153,166,181,181,37,51,51,148,148,165,176,176,0,0,0,19,32,55,55,67,67,67,81,81,81],"floor_reached":33,"playtime":1737,"items_purged":["Strike_B","Defend_B"],"score":274,"play_id":"bbc5f040-dc84-427e-be32-bdd421d0a2b2","local_time":"20190130123150","is_ascension_mode":false,"campfire_choices":[{"data":"Scrape","floor":15.0,"key":"SMITH"},{"data":"Gash","floor":23.0,"key":"SMITH"},{"floor":29.0,"key":"REST"},{"floor":32,"key":"REST"}],"neow_cost":"NONE","seed_source_timestamp":0,"circlet_count":0,"master_deck":["Strike_B","Strike_B","Defend_B","Defend_B","Defend_B","Zap","Dualcast","Scrape+1","Scrape","Sweeping Beam","BootSequence+1","Gash+1","BootSequence+1","Reboot","Rebound","Rainbow","Beam Cell","Sweeping Beam+1","J.A.X.","Gash","Streamline","FTL","Coolheaded","Decay","Self Repair"],"special_seed":0,"relics":["Cracked Core","NeowsBlessing","Juzu Bracelet","Mummified Hand","Bag of Marbles","Bronze Scales","Nuclear Battery","War Paint"],"potions_floor_usage":[33],"damage_taken":[{"damage":0.0,"enemies":"Jaw Worm","floor":1.0,"turns":1.0},{"damage":0.0,"enemies":"Small Slimes","floor":4.0,"turns":1.0},{"damage":0.0,"enemies":"3 Sentries","floor":6.0,"turns":1.0},{"damage":0.0,"enemies":"2 Louse","floor":7.0,"turns":2.0},{"damage":7.0,"enemies":"Blue Slaver","floor":10.0,"turns":3.0},{"damage":0.0,"enemies":"3 Louse","floor":11.0,"turns":2.0},{"damage":6.0,"enemies":"Large Slime","floor":14.0,"turns":4.0},{"damage":38.0,"enemies":"Hexaghost","floor":16.0,"turns":7.0},{"damage":5.0,"enemies":"2 Thieves","floor":18.0,"turns":3.0},{"damage":0.0,"enemies":"Chosen","floor":19.0,"turns":2.0},{"damage":13.0,"enemies":"Snecko","floor":24.0,"turns":3.0},{"damage":21.0,"enemies":"Shelled Parasite and Fungi","floor":25.0,"turns":3.0},{"damage":3.0,"enemies":"Chosen and Byrds","floor":28.0,"turns":4.0},{"damage":20.0,"enemies":"3 Cultists","floor":31.0,"turns":4.0},{"damage":73,"enemies":"Automaton","floor":33,"turns":6}],"seed_played":"7046763981110587119","potions_obtained":[{"floor":7.0,"key":"Regen Potion"},{"floor":10.0,"key":"SpeedPotion"},{"floor":14.0,"key":"LiquidBronze"},{"floor":18.0,"key":"Poison Potion"},{"floor":25.0,"key":"EssenceOfSteel"}],"is_trial":false,"path_per_floor":["M","?","$","M","?","E","M","T","T","M","M","?","$","M","R","B",null,"M","M","?","$","?","R","M","M","T","?","M","R","?","M","R","B"],"character_chosen":"DEFECT","items_purchased":["Scrape","Reboot","Gash","Streamline"],"campfire_rested":2,"item_purchase_floors":[3,13,21,21],"current_hp_per_floor":[75,63,63,63,56,56,56,56,56,49,49,49,49,43,43,20,75,70,70,70,70,70,70,57,36,36,36,33,55,55,35,57,0],"gold":81,"neow_bonus":"THREE_ENEMY_KILL","is_prod":false,"is_daily":false,"chose_seed":false,"campfire_upgraded":2,"win_rate":0,"timestamp":1548869510,"path_taken":["M","?","$","M","?","E","M","?","T","M","M","?","$","M","R","BOSS","M","M","?","$","?","R","M","M","T","?","M","R","?","M","R","BOSS"],"build_version":"2019-01-23","purchased_purges":2,"victory":false,"max_hp_per_floor":[75,75,75,75,75,75,75,75,75,75,75,75,75,75,75,75,75,75,75,75,75,75,75,75,75,75,75,75,75,75,75,75,75],"card_choices":[{"not_picked":["Rebound","Steam"],"picked":"Scrape","floor":1.0},{"not_picked":["Redo","Conserve Battery","Double Energy"],"picked":"SKIP","floor":4.0},{"not_picked":["Ball Lightning","Force Field"],"picked":"Sweeping Beam","floor":6.0},{"not_picked":["Steam Power","Stack"],"picked":"BootSequence","floor":7.0},{"not_picked":["Chill","Double Energy"],"picked":"Gash","floor":10.0},{"not_picked":["Heatsinks","Turbo"],"picked":"BootSequence","floor":11.0},{"not_picked":["Leap","Rainbow"],"picked":"Rebound","floor":14.0},{"not_picked":["Meteor Strike","Electrodynamics"],"picked":"Rainbow","floor":16.0},{"not_picked":["Double Energy","Skim"],"picked":"Beam Cell","floor":18.0},{"not_picked":["Stack","Ball Lightning+1"],"picked":"Sweeping Beam+1","floor":19.0},{"not_picked":["Darkness","Capacitor+1"],"picked":"Coolheaded","floor":24.0},{"not_picked":["Coolheaded","Core Surge","Streamline"],"picked":"SKIP","floor":25.0},{"not_picked":["Loop","Sunder+1","Compile Driver"],"picked":"SKIP","floor":28.0},{"not_picked":["BootSequence","Compile Driver"],"picked":"Self Repair","floor":31}],"player_experience":92712,"relics_obtained":[{"floor":6.0,"key":"Mummified Hand"},{"floor":9.0,"key":"Bag of Marbles"},{"floor":26.0,"key":"War Paint"}],"event_choices":[{"damage_healed":0.0,"max_hp_gain":0.0,"max_hp_loss":0.0,"gold_gain":0.0,"event_name":"Scrap Ooze","player_choice":"Success","floor":2.0,"gold_loss":0.0,"damage_taken":12.0,"relics_obtained":["Juzu Bracelet"]},{"cards_removed":["Strike_B"],"damage_healed":0.0,"max_hp_gain":0.0,"max_hp_loss":0.0,"gold_gain":0.0,"event_name":"Golden Wing","player_choice":"Card Removal","floor":5.0,"gold_loss":0.0,"damage_taken":7.0},{"damage_healed":0.0,"max_hp_gain":0.0,"max_hp_loss":0.0,"gold_gain":0.0,"event_name":"Dead Adventurer","player_choice":"Searched \u00271\u0027 times","floor":12.0,"gold_loss":0.0,"damage_taken":0.0,"relics_obtained":["Bronze Scales"]},{"damage_healed":0.0,"max_hp_gain":0.0,"max_hp_loss":0.0,"gold_gain":0.0,"event_name":"Drug Dealer","player_choice":"Obtain J.A.X.","floor":20.0,"gold_loss":0.0,"damage_taken":0.0,"cards_obtained":["J.A.X."]},{"damage_healed":0.0,"max_hp_gain":0.0,"max_hp_loss":0.0,"gold_gain":0.0,"event_name":"The Library","player_choice":"Read","floor":22.0,"gold_loss":0.0,"damage_taken":0.0,"cards_obtained":["FTL"]},{"damage_healed":0.0,"max_hp_gain":0.0,"max_hp_loss":0.0,"gold_gain":0.0,"event_name":"Forgotten Altar","player_choice":"Smashed Altar","floor":27.0,"gold_loss":0.0,"damage_taken":0.0,"cards_obtained":["Decay"]}],"is_beta":false,"boss_relics":[{"not_picked":["Snecko Eye","Inserter"],"picked":"Nuclear Battery"}],"items_purged_floors":[13,21],"is_endless":false,"potions_floor_spawned":[7,10,14,18,25],"killed_by":"Automaton","ascension_level":0}