{"gold_per_floor":[112,124,139,153,168,168,179,191,214,229,229,229,244,263,263,365,415,431,441,441],"floor_reached":20,"playtime":1856,"items_purged":[],"score":174,"play_id":"8c206e40-33c0-4d2d-ac15-55e457fb0a1a","local_time":"20190129214819","is_ascension_mode":false,"campfire_choices":[{"floor":6,"key":"REST"},{"floor":12,"key":"REST"},{"data":"Bash","floor":15,"key":"SMITH"}],"neow_cost":"NONE","seed_source_timestamp":39400057724164,"circlet_count":0,"master_deck":["Strike_R","Strike_R","Strike_R","Strike_R","Strike_R","Defend_R","Defend_R","Defend_R+1","Defend_R","Bash+1","Dropkick","Second Wind"],"relics":["Burning Blood","Pen Nib","PreservedInsect","Tiny House"],"potions_floor_usage":[16,16,16,20,20],"damage_taken":[{"damage":1,"enemies":"Jaw Worm","floor":1,"turns":5},{"damage":0,"enemies":"Small Slimes","floor":2,"turns":3},{"damage":6,"enemies":"2 Louse","floor":3,"turns":3},{"damage":43,"enemies":"Exordium Thugs","floor":4,"turns":7},{"damage":11,"enemies":"Lots of Slimes","floor":5,"turns":4},{"damage":2,"enemies":"Looter","floor":7,"turns":5},{"damage":7,"enemies":"Red Slaver","floor":8,"turns":6},{"damage":14,"enemies":"Exordium Thugs","floor":10,"turns":7},{"damage":6,"enemies":"Blue Slaver","floor":13,"turns":5},{"damage":6,"enemies":"Large Slime","floor":14,"turns":6},{"damage":92,"enemies":"Hexaghost","floor":16,"turns":12},{"damage":36,"enemies":"3 Byrds","floor":18,"turns":8},{"damage":31,"enemies":"Shell Parasite","floor":19,"turns":7},{"damage":59,"enemies":"Cultist and Chosen","floor":20,"turns":8}],"seed_played":"6713078082114678798","potions_obtained":[{"floor":4,"key":"Swift Potion"},{"floor":5,"key":"Swift Potion"},{"floor":7,"key":"SkillPotion"},{"floor":8,"key":"Block Potion"},{"floor":10,"key":"Regen Potion"},{"floor":17,"key":"Fire Potion"},{"floor":18,"key":"BloodPotion"}],"is_trial":false,"path_per_floor":[],"character_chosen":"IRONCLAD","items_purchased":[],"campfire_rested":2,"item_purchase_floors":[],"current_hp_per_floor":[80,80,80,43,38,62,66,65,65,57,57,80,80,80,80,9,85,55,30,0],"gold":441,"neow_bonus":"RANDOM_COMMON_RELIC","is_prod":false,"is_daily":false,"chose_seed":false,"campfire_upgraded":1,"win_rate":0.0,"timestamp":1548816499,"path_taken":["M","M","M","M","M","R","M","M","T","M","$","R","M","M","R","BOSS","M","M","M"],"build_version":"2019-01-23","purchased_purges":0,"victory":false,"max_hp_per_floor":[80,80,80,80,80,80,80,80,80,80,80,80,80,80,80,80,85,85,85,85],"card_choices":[{"not_picked":["Thunderclap","Pommel Strike","Body Slam"],"picked":"SKIP","floor":1},{"not_picked":["Heavy Blade","Power Through","Feed"],"picked":"SKIP","floor":2},{"not_picked":["Thunderclap","True Grit","Disarm"],"picked":"SKIP","floor":3},{"not_picked":["Metallicize","Clash","Rage"],"picked":"SKIP","floor":4},{"not_picked":["Combust","Sword Boomerang","Body Slam"],"picked":"SKIP","floor":5},{"not_picked":["Clothesline","Flex","Shockwave"],"picked":"SKIP","floor":7},{"not_picked":["Fire Breathing","Anger"],"picked":"Dropkick","floor":8},{"not_picked":["True Grit","Uppercut","Pommel Strike"],"picked":"SKIP","floor":10},{"not_picked":["Body Slam","Power Through","Cleave"],"picked":"SKIP","floor":13},{"not_picked":["Rampage","Perfected Strike","Rupture"],"picked":"SKIP","floor":14},{"not_picked":["Thunderclap","Armaments"],"picked":"Second Wind","floor":17},{"not_picked":["Uppercut","Whirlwind","Armaments+1"],"picked":"SKIP","floor":18},{"not_picked":["Twin Strike","Hemokinesis","Feel No Pain+1"],"picked":"SKIP","floor":19}],"player_experience":5676,"relics_obtained":[{"floor":9,"key":"PreservedInsect"}],"event_choices":[],"is_beta":false,"boss_relics":[{"not_picked":["Calling Bell","Eternal Feather"],"picked":"Tiny House"}],"items_purged_floors":[],"is_endless":false,"potions_floor_spawned":[4,5,7,8,10,18],"killed_by":"Cultist and Chosen","ascension_level":0}