{"gold_per_floor":[119,136,61,136,149,149,129,143,143,172,186,219,238,271,271,348,348,363,363,220,220,20,20,46,46,46,46,56,74,74,101,101,172,172,185,460,139,153,153,153,185,185,185,185,198,198,198,230,230,230],"floor_reached":50,"playtime":3619,"items_purged":["Defend_G","Strike_G","Regret"],"score":1104,"play_id":"58727f3f-fa5e-4a95-8807-345ddf556a6d","local_time":"20190209231612","is_ascension_mode":true,"campfire_choices":[{"data":"Cloak And Dagger","floor":6,"key":"SMITH"},{"data":"Neutralize","floor":15,"key":"SMITH"},{"floor":23,"key":"REST"},{"floor":25,"key":"REST"},{"data":"1","floor":27,"key":"LIFT"},{"data":"2","floor":32,"key":"LIFT"},{"data":"3","floor":40,"key":"LIFT"},{"data":"Wraith Form v2","floor":42,"key":"SMITH"},{"data":"Setup","floor":44,"key":"SMITH"},{"data":"Storm of Steel","floor":49,"key":"SMITH"}],"neow_cost":"NONE","seed_source_timestamp":38420114256882,"circlet_count":0,"master_deck":["AscendersBane","Defend_G","Defend_G","Defend_G","Defend_G","Strike_G","Strike_G","Strike_G","Strike_G","Survivor","Neutralize+1","Cloak And Dagger+1","Dagger Throw","Accuracy","Endless Agony","Dagger Spray","Finisher","Sucker Punch","Setup+1","Storm of Steel+1","Dagger Spray","Adrenaline","Clumsy","PiercingWail","Dodge and Roll+1","Wraith Form v2+1","Infinite Blades","Night Terror","Madness","Madness","Secret Weapon"],"relics":["Ring of the Snake","NeowsBlessing","Bottled Flame","Unceasing Top","Pantograph","Vajra","Cursed Key","PreservedInsect","Du-Vu Doll","Girya","Enchiridion","Oddly Smooth Stone","Busted Crown","Shuriken","Thread and Needle"],"potions_floor_usage":[10,10,11,12,14,24,24,33,39,50,50],"damage_taken":[{"damage":0,"enemies":"Small Slimes","floor":1,"turns":1},{"damage":0,"enemies":"2 Louse","floor":2,"turns":1},{"damage":0,"enemies":"Cultist","floor":5,"turns":1},{"damage":3,"enemies":"Blue Slaver","floor":8,"turns":4},{"damage":16,"enemies":"Lagavulin","floor":10,"turns":9},{"damage":0,"enemies":"3 Louse","floor":11,"turns":2},{"damage":0,"enemies":"Gremlin Nob","floor":12,"turns":2},{"damage":0,"enemies":"Lots of Slimes","floor":13,"turns":3},{"damage":15,"enemies":"Lagavulin","floor":14,"turns":6},{"damage":38,"enemies":"The Guardian","floor":16,"turns":16},{"damage":17,"enemies":"2 Thieves","floor":18,"turns":4},{"damage":22,"enemies":"Book of Stabbing","floor":24,"turns":4},{"damage":0,"enemies":"3 Byrds","floor":28,"turns":3},{"damage":0,"enemies":"Shelled Parasite and Fungi","floor":29,"turns":3},{"damage":7,"enemies":"Slavers","floor":31,"turns":2},{"damage":33,"enemies":"Champ","floor":33,"turns":12},{"damage":0,"enemies":"3 Darklings","floor":35,"turns":3},{"damage":3,"enemies":"Orb Walker","floor":38,"turns":3},{"damage":0,"enemies":"Transient","floor":39,"turns":3},{"damage":0,"enemies":"Reptomancer","floor":41,"turns":3},{"damage":0,"enemies":"Spire Growth","floor":45,"turns":2},{"damage":0,"enemies":"Nemesis","floor":48,"turns":4},{"damage":69,"enemies":"Awakened One","floor":50,"turns":7}],"seed_played":"2971491872572349261","potions_obtained":[{"floor":5,"key":"SteroidPotion"},{"floor":7,"key":"Dexterity Potion"},{"floor":10,"key":"AttackPotion"},{"floor":11,"key":"Fruit Juice"},{"floor":13,"key":"GhostInAJar"},{"floor":28,"key":"SmokeBomb"},{"floor":29,"key":"Ancient Potion"},{"floor":41,"key":"LiquidBronze"},{"floor":45,"key":"Ancient Potion"},{"floor":48,"key":"Energy Potion"}],"is_trial":false,"path_per_floor":["M","M","$","?","M","R","?","M","T","E","M","E","M","E","R","B",null,"M","?","$","?","$","R","E","R","T","R","M","M","?","E","R","B",null,"M","?","$","M","M","R","E","R","T","R","M","?","?","E","R","B"],"character_chosen":"THE_SILENT","items_purchased":["PreservedInsect","Strength Potion","Strength Potion","Infinite Blades","Night Terror"],"campfire_rested":2,"item_purchase_floors":[20,22,22,37,37],"current_hp_per_floor":[59,59,59,48,48,48,48,45,45,29,34,34,34,19,19,6,55,38,52,52,32,32,54,32,54,54,54,54,54,33,26,26,18,62,62,62,62,59,59,59,59,59,59,59,59,45,35,35,35,0],"gold":230,"neow_bonus":"THREE_ENEMY_KILL","is_prod":false,"is_daily":false,"chose_seed":false,"campfire_upgraded":5,"win_rate":0,"timestamp":1549782972,"path_taken":["M","M","$","?","M","R","?","M","T","E","M","E","M","E","R","BOSS","M","?","$","?","$","R","E","R","T","R","M","M","?","E","R","BOSS","M","?","$","M","?","R","E","R","T","R","M","?","?","E","R","BOSS"],"build_version":"2019-01-23","purchased_purges":3,"victory":false,"max_hp_per_floor":[66,66,66,66,66,66,66,66,66,66,71,71,71,71,71,71,71,71,71,71,76,76,76,76,76,76,76,76,76,76,76,76,76,76,76,76,76,76,76,76,76,76,76,76,76,76,76,76,76,76],"card_choices":[{"not_picked":["Flechettes","Dodge and Roll"],"picked":"Cloak And Dagger","floor":1},{"not_picked":["Dodge and Roll","Bane"],"picked":"Dagger Throw","floor":2},{"not_picked":["All Out Attack","Concentrate"],"picked":"Accuracy","floor":5},{"not_picked":["Distraction","Deflect"],"picked":"Endless Agony","floor":8},{"not_picked":["Flechettes","Escape Plan"],"picked":"Dagger Spray","floor":10},{"not_picked":["PiercingWail","Dagger Spray"],"picked":"Finisher","floor":11},{"not_picked":["Eviscerate","Acrobatics"],"picked":"Sucker Punch","floor":12},{"not_picked":["Skewer","Noxious Fumes"],"picked":"Setup","floor":13},{"not_picked":["Skewer","Crippling Poison","Setup"],"picked":"SKIP","floor":14},{"not_picked":["Bullet Time","Phantasmal Killer"],"picked":"Storm of Steel","floor":16},{"not_picked":["Riddle With Holes","Quick Slash"],"picked":"Dagger Spray","floor":18},{"not_picked":["Well Laid Plans","Grand Finale"],"picked":"Adrenaline","floor":24},{"not_picked":["Deadly Poison","Eviscerate"],"picked":"PiercingWail","floor":28},{"not_picked":["Acrobatics","Flying Knee","Bane"],"picked":"SKIP","floor":29},{"not_picked":["Underhanded Strike","Acrobatics+1"],"picked":"Dodge and Roll+1","floor":31},{"not_picked":["Tools of the Trade","Corpse Explosion"],"picked":"Wraith Form v2","floor":33},{"not_picked":["Dodge and Roll"],"picked":"SKIP","floor":35},{"not_picked":["Dash+1"],"picked":"SKIP","floor":38},{"not_picked":["Cloak And Dagger"],"picked":"SKIP","floor":41},{"not_picked":["Blade Dance"],"picked":"SKIP","floor":45},{"not_picked":[],"picked":"Secret Weapon","floor":47},{"not_picked":["Cloak And Dagger"],"picked":"SKIP","floor":48}],"player_experience":461036,"relics_obtained":[{"floor":9,"key":"Bottled Flame"},{"floor":10,"key":"Unceasing Top"},{"floor":12,"key":"Pantograph"},{"floor":14,"key":"Vajra"},{"floor":24,"key":"Du-Vu Doll"},{"floor":26,"key":"Girya"},{"floor":30,"key":"Enchiridion"},{"floor":31,"key":"Oddly Smooth Stone"},{"floor":41,"key":"Shuriken"},{"floor":48,"key":"Thread and Needle"}],"event_choices":[{"damage_healed":0,"gold_gain":75,"player_choice":"Gather Gold","damage_taken":11,"max_hp_gain":0,"max_hp_loss":0,"event_name":"World of Goop","floor":4,"gold_loss":0},{"damage_healed":0,"gold_gain":0,"player_choice":"Bought 1 Potion","damage_taken":0,"max_hp_gain":0,"max_hp_loss":0,"event_name":"The Woman in Blue","floor":7,"gold_loss":0},{"damage_healed":14,"gold_gain":0,"player_choice":"Heal","damage_taken":0,"max_hp_gain":0,"max_hp_loss":0,"event_name":"The Library","floor":19,"gold_loss":0},{"damage_healed":0,"gold_gain":0,"player_choice":"Shed Blood","damage_taken":25,"max_hp_gain":5,"max_hp_loss":0,"event_name":"Forgotten Altar","floor":21,"gold_loss":0},{"damage_healed":0,"gold_gain":0,"player_choice":"Obtained Book","damage_taken":21,"max_hp_gain":0,"max_hp_loss":0,"event_name":"Cursed Tome","floor":30,"gold_loss":0},{"damage_healed":0,"gold_gain":275,"player_choice":"Desecrate","damage_taken":0,"max_hp_gain":0,"max_hp_loss":0,"event_name":"Golden Shrine","floor":36,"gold_loss":0,"cards_obtained":["Regret"]},{"damage_healed":0,"gold_gain":0,"player_choice":"Embrace Madness","damage_taken":14,"max_hp_gain":0,"max_hp_loss":0,"event_name":"Winding Halls","floor":46,"gold_loss":0,"cards_obtained":["Madness","Madness"]},{"damage_healed":0,"gold_gain":0,"player_choice":"Memory 3","damage_taken":10,"max_hp_gain":0,"max_hp_loss":0,"event_name":"SensoryStone","floor":47,"gold_loss":0}],"is_beta":false,"boss_relics":[{"not_picked":["Astrolabe","Pandora\u0027s Box"],"picked":"Cursed Key"},{"not_picked":["Eternal Feather","White Beast Statue"],"picked":"Busted Crown"}],"items_purged_floors":[3,22,37],"is_endless":false,"potions_floor_spawned":[5,10,11,13,28,29,31,41,45,48],"killed_by":"Awakened One","ascension_level":15}