{"gold_per_floor":[115,162,176,126,126,151,151,167,192,202,221,65,65,20,20,117,117,130,55,65,164,164,164,212,212,235,235,251,263,295,306,306,409,409,421,421,432,452,471,471,488,488,488,107,107,121,121,134,134,134],"floor_reached":51,"playtime":12164,"items_purged":["Defend_R"],"score":644,"play_id":"9fd6f876-1fdc-4e53-b65b-70c4d4c5a8ff","local_time":"20190317224309","is_ascension_mode":false,"campfire_choices":[{"data":"Whirlwind","floor":7,"key":"SMITH"},{"data":"Body Slam","floor":13,"key":"SMITH"},{"data":"Armaments","floor":15,"key":"SMITH"},{"data":"Limit Break","floor":23,"key":"SMITH"},{"data":"Uppercut","floor":25,"key":"SMITH"},{"data":"Inflame","floor":27,"key":"SMITH"},{"floor":32,"key":"REST"},{"data":"Shockwave","floor":40,"key":"SMITH"},{"data":"Inflame","floor":42,"key":"SMITH"},{"data":"Whirlwind","floor":49,"key":"SMITH"}],"neow_cost":"TEN_PERCENT_HP_LOSS","seed_source_timestamp":1190291463762000,"circlet_count":0,"master_deck":["Strike_R","Strike_R+1","Strike_R","Defend_R+1","Defend_R+1","Bash+1","Inflame+1","Ghostly Armor","Whirlwind+1","Body Slam+1","Offering","Flame Barrier","Shrug It Off","Uppercut+1","Armaments+1","Limit Break+1","Inflame+1","Limit Break+1","Shockwave+1","Whirlwind+1","Inflame","Shrug It Off+1","Inflame"],"relics":["Burning Blood","Unceasing Top","War Paint","Red Skull","Vajra","Sozu","Whetstone","Potion Belt","Happy Flower","Snecko Eye","Centennial Puzzle","Chemical X","Dodecahedron"],"potions_floor_usage":[28,29,39],"damage_taken":[{"damage":1,"enemies":"Cultist","floor":1,"turns":4},{"damage":0,"enemies":"Small Slimes","floor":3,"turns":3},{"damage":47,"enemies":"Lagavulin","floor":6,"turns":12},{"damage":0,"enemies":"2 Louse","floor":8,"turns":1},{"damage":2,"enemies":"Looter","floor":10,"turns":3},{"damage":2,"enemies":"Blue Slaver","floor":11,"turns":3},{"damage":14,"enemies":"Slime Boss","floor":16,"turns":8},{"damage":9,"enemies":"Shell Parasite","floor":18,"turns":5},{"damage":8,"enemies":"Spheric Guardian","floor":20,"turns":3},{"damage":0,"enemies":"Shelled Parasite and Fungi","floor":28,"turns":4},{"damage":7,"enemies":"Centurion and Healer","floor":29,"turns":3},{"damage":25,"enemies":"Slavers","floor":30,"turns":6},{"damage":19,"enemies":"Cultist and Chosen","floor":31,"turns":5},{"damage":15,"enemies":"Champ","floor":33,"turns":6},{"damage":0,"enemies":"Orb Walker","floor":35,"turns":3},{"damage":11,"enemies":"3 Darklings","floor":37,"turns":4},{"damage":4,"enemies":"Transient","floor":38,"turns":5},{"damage":16,"enemies":"Spire Growth","floor":39,"turns":3},{"damage":0,"enemies":"Jaw Worm Horde","floor":41,"turns":2},{"damage":0,"enemies":"4 Shapes","floor":46,"turns":1},{"damage":0,"enemies":"Writhing Mass","floor":48,"turns":2},{"damage":32,"enemies":"Time Eater","floor":50,"turns":4}],"seed_played":"3982469809966103907","potions_obtained":[{"floor":6,"key":"Energy Potion"},{"floor":8,"key":"SpeedPotion"},{"floor":10,"key":"Block Potion"},{"floor":16,"key":"Explosive Potion"}],"is_trial":false,"path_per_floor":["M","T","M","?","?","E","R","M","T","M","M","$","R","$","R","B",null,"M","?","M","?","?","R","T","R","T","R","M","M","E","M","R","B",null,"M","?","M","M","M","R","M","R","T","$","?","M","T","M","R","B",null],"character_chosen":"IRONCLAD","items_purchased":["Flame Barrier","Shrug It Off","Uppercut","Armaments","Chemical X","Whirlwind","Inflame"],"campfire_rested":1,"item_purchase_floors":[12,12,12,14,44,44,44],"current_hp_per_floor":[72,72,72,72,72,31,31,37,37,41,45,45,45,45,45,37,72,69,69,67,67,54,54,54,54,54,54,60,59,40,27,50,41,77,77,77,72,74,64,64,70,70,70,70,70,73,73,73,73,47],"gold":134,"neow_bonus":"ONE_RARE_RELIC","is_prod":false,"is_daily":false,"chose_seed":false,"campfire_upgraded":9,"win_rate":0,"timestamp":1552876989,"path_taken":["M","?","M","?","?","E","R","M","T","?","M","?","R","$","R","BOSS","M","?","M","?","?","R","?","R","T","R","M","M","E","M","R","BOSS","M","?","?","M","M","R","M","R","T","$","?","M","?","?","R","BOSS"],"build_version":"2019-01-23","purchased_purges":1,"victory":true,"max_hp_per_floor":[72,72,72,72,72,72,72,72,72,72,72,72,72,72,72,72,72,72,72,72,72,77,77,77,77,77,77,77,77,77,77,77,77,77,77,77,77,77,77,77,77,77,77,77,73,73,73,73,73,73],"card_choices":[{"not_picked":["Anger","True Grit"],"picked":"Inflame","floor":1},{"not_picked":["Sword Boomerang","Warcry"],"picked":"Ghostly Armor","floor":3},{"not_picked":["Rupture","Corruption"],"picked":"Whirlwind","floor":6},{"not_picked":["Corruption","Anger"],"picked":"Body Slam","floor":8},{"not_picked":["Thunderclap","Pummel","Wild Strike"],"picked":"SKIP","floor":10},{"not_picked":["Whirlwind","Corruption"],"picked":"Offering","floor":11},{"not_picked":["Feed","Bludgeon"],"picked":"Limit Break","floor":16},{"not_picked":["Wild Strike","Cleave"],"picked":"Inflame","floor":18},{"not_picked":["Havoc+1","True Grit","Exhume"],"picked":"SKIP","floor":20},{"not_picked":["Anger","Clash+1","Feel No Pain"],"picked":"SKIP","floor":28},{"not_picked":["Twin Strike","Bloodletting","Cleave"],"picked":"SKIP","floor":29},{"not_picked":["Pommel Strike+1","Hemokinesis","Bloodletting"],"picked":"SKIP","floor":30},{"not_picked":["Heavy Blade","Wild Strike","Cleave"],"picked":"SKIP","floor":31},{"not_picked":["Bludgeon","Berserk"],"picked":"Limit Break","floor":33},{"not_picked":["Corruption","Wild Strike","Heavy Blade"],"picked":"SKIP","floor":35},{"not_picked":["Warcry+1","Headbutt+1","Pommel Strike"],"picked":"SKIP","floor":37},{"not_picked":["Armaments","Bloodletting+1"],"picked":"Shockwave","floor":38},{"not_picked":["Seeing Red","Havoc+1","Armaments"],"picked":"SKIP","floor":39},{"not_picked":["Metallicize","Wild Strike+1","Dual Wield+1"],"picked":"SKIP","floor":41},{"not_picked":["Bloodletting+1","Hemokinesis+1"],"picked":"Shrug It Off+1","floor":46},{"not_picked":["Dark Embrace","Sever Soul"],"picked":"Inflame","floor":48}],"player_experience":57098,"relics_obtained":[{"floor":2,"key":"War Paint"},{"floor":6,"key":"Red Skull"},{"floor":9,"key":"Vajra"},{"floor":24,"key":"Whetstone"},{"floor":26,"key":"Potion Belt"},{"floor":30,"key":"Happy Flower"},{"floor":43,"key":"Centennial Puzzle"},{"floor":47,"key":"Dodecahedron"}],"event_choices":[{"cards_removed":["Strike_R"],"damage_healed":0,"gold_gain":0,"player_choice":"Card Removal","damage_taken":0,"max_hp_gain":0,"max_hp_loss":0,"event_name":"The Cleric","floor":4,"gold_loss":50},{"cards_removed":["Strike_R"],"damage_healed":0,"gold_gain":0,"player_choice":"Purged","damage_taken":0,"max_hp_gain":0,"max_hp_loss":0,"event_name":"Purifier","floor":5,"gold_loss":0},{"cards_removed":["Defend_R"],"damage_healed":0,"gold_gain":0,"player_choice":"Gave Gold","damage_taken":0,"max_hp_gain":0,"max_hp_loss":0,"event_name":"Beggar","floor":19,"gold_loss":75},{"damage_healed":0,"gold_gain":99,"player_choice":"Stole From Cult","damage_taken":0,"max_hp_gain":0,"max_hp_loss":0,"event_name":"Nest","floor":21,"gold_loss":0},{"damage_healed":0,"gold_gain":0,"player_choice":"Shed Blood","damage_taken":18,"max_hp_gain":5,"max_hp_loss":0,"event_name":"Forgotten Altar","floor":22,"gold_loss":0},{"damage_healed":0,"gold_gain":0,"player_choice":"Forge","damage_taken":0,"max_hp_gain":0,"max_hp_loss":0,"event_name":"Accursed Blacksmith","floor":36,"gold_loss":0,"cards_upgraded":["Limit Break"]},{"damage_healed":0,"gold_gain":0,"player_choice":"Max HP","damage_taken":0,"max_hp_gain":0,"max_hp_loss":4,"event_name":"Winding Halls","floor":45,"gold_loss":0}],"is_beta":false,"boss_relics":[{"not_picked":["Orrery","Fusion Hammer"],"picked":"Sozu"},{"not_picked":["Black Star","White Beast Statue"],"picked":"Snecko Eye"}],"items_purged_floors":[44],"is_endless":false,"potions_floor_spawned":[6,8,10,16,18,20,28,33,38,41,48],"ascension_level":0}