{"gold_per_floor":[210,221,221,221,235,270,270,289,289,289,302,4,22,32,32,32],"floor_reached":16,"playtime":768,"items_purged":[],"score":125,"play_id":"f8e0438c-800b-4e96-ae10-1c09aa521cd1","local_time":"20190315032110","is_ascension_mode":true,"campfire_choices":[{"floor":7,"key":"REST"},{"data":"Predator","floor":10,"key":"SMITH"},{"data":"Cloak And Dagger","floor":15,"key":"SMITH"}],"neow_cost":"NONE","seed_source_timestamp":165266673650577,"circlet_count":0,"master_deck":["Defend_G","Defend_G","Defend_G","Defend_G","Defend_G","Strike_G","Strike_G","Strike_G","Strike_G","Strike_G","Survivor","Neutralize","Predator+1","PiercingWail","Cloak And Dagger+1","Backstab","PiercingWail","Panache","Noxious Fumes","Flechettes","Escape Plan","Cloak And Dagger"],"special_seed":0,"relics":["Ring of the Snake","NlothsMask","Paper Crane"],"potions_floor_usage":[6,16],"damage_taken":[{"damage":6.0,"enemies":"Cultist","floor":1.0,"turns":4.0},{"damage":0.0,"enemies":"Small Slimes","floor":2.0,"turns":3.0},{"damage":6.0,"enemies":"Jaw Worm","floor":5.0,"turns":5.0},{"damage":29,"enemies":"Lagavulin","floor":6,"turns":6},{"damage":10,"enemies":"Lots of Slimes","floor":8,"turns":6},{"damage":4,"enemies":"Exordium Wildlife","floor":11,"turns":5},{"damage":5,"enemies":"Looter","floor":13,"turns":2},{"damage":0,"enemies":"Large Slime","floor":14,"turns":4},{"damage":31,"enemies":"Hexaghost","floor":16,"turns":9}],"seed_played":"-1004765026673100505","potions_obtained":[{"floor":2.0,"key":"FearPotion"},{"floor":5.0,"key":"Fire Potion"}],"is_trial":false,"path_per_floor":["M","M","?","?","M","E","R","M","T","R","M","$","M","M","R","B"],"character_chosen":"THE_SILENT","items_purchased":["Panache","Noxious Fumes","Flechettes"],"campfire_rested":1,"item_purchase_floors":[12,12,12],"current_hp_per_floor":[64,64,64,64,58,29,50,40,40,40,36,36,31,31,31,0],"gold":32,"neow_bonus":"HUNDRED_GOLD","is_prod":false,"is_daily":false,"chose_seed":false,"campfire_upgraded":2,"win_rate":0,"timestamp":1552634470,"path_taken":["M","?","?","?","M","E","R","M","T","R","M","$","?","M","R","BOSS"],"build_version":"2019-01-23","purchased_purges":0,"victory":false,"max_hp_per_floor":[70,70,70,70,70,70,70,70,70,70,70,70,70,70,70,70],"card_choices":[{"not_picked":["Sucker Punch","Well Laid Plans"],"picked":"Predator","floor":1.0},{"not_picked":["Poisoned Stab","Deflect","Flying Knee"],"picked":"SKIP","floor":2.0},{"not_picked":["Finisher","Terror"],"picked":"PiercingWail","floor":5.0},{"not_picked":["Storm of Steel","Outmaneuver"],"picked":"Cloak And Dagger","floor":6},{"not_picked":["Poisoned Stab","Sucker Punch"],"picked":"Backstab","floor":8},{"not_picked":["Acrobatics","Calculated Gamble"],"picked":"PiercingWail","floor":11},{"not_picked":["Deflect","Dash"],"picked":"Escape Plan","floor":13},{"not_picked":["Finisher","Bouncing Flask"],"picked":"Cloak And Dagger","floor":14}],"player_experience":1241608,"relics_obtained":[{"floor":6,"key":"Paper Crane"}],"event_choices":[{"damage_healed":0.0,"max_hp_gain":0.0,"max_hp_loss":0.0,"gold_gain":0.0,"event_name":"Liars Game","player_choice":"Ignored","floor":3.0,"gold_loss":0.0,"damage_taken":0.0},{"damage_healed":0.0,"max_hp_gain":0.0,"max_hp_loss":0.0,"gold_gain":0.0,"event_name":"FaceTrader","player_choice":"Trade","floor":4.0,"gold_loss":0.0,"damage_taken":0.0,"relics_obtained":["NlothsMask"]}],"is_beta":false,"boss_relics":[],"items_purged_floors":[],"is_endless":false,"potions_floor_spawned":[2,5],"killed_by":"Hexaghost","ascension_level":4}