{"gold_per_floor":[112,92,111,126,140,171,171,18,72,99,151,166,185,202,202,304,304,319,319,319,244,25,57,157,157,157,157,107,134,152,181,181,280,280,299,345,345,345,47,47,80,99,99,99,113,113,133,7,7,7,7,7,7,38,38],"floor_reached":56,"playtime":3666,"items_purged":["Second Wind","Uppercut","Bash"],"score":1464,"play_id":"b28060cc-0e49-4d6a-b919-503fdc85b180","local_time":"20190306211940","is_ascension_mode":true,"campfire_choices":[{"floor":7,"key":"REST"},{"data":"Juggernaut","floor":15,"key":"SMITH"},{"data":"Body Slam","floor":25,"key":"SMITH"},{"data":"Entrench","floor":27,"key":"SMITH"},{"data":"Barricade","floor":32,"key":"SMITH"},{"data":"Flame Barrier","floor":40,"key":"SMITH"},{"data":"Secret Technique","floor":44,"key":"SMITH"},{"data":"Impervious","floor":46,"key":"SMITH"},{"floor":49,"key":"RECALL"},{"data":"Warcry","floor":52,"key":"SMITH"}],"neow_cost":"PERCENT_DAMAGE","seed_source_timestamp":1483222935675792,"circlet_count":0,"master_deck":["Defend_R","Defend_R","Defend_R","Defend_R","Entrench+1","Disarm","Body Slam+1","Juggernaut+1","Feed","Flame Barrier+1","Disarm","Barricade+1","Offering+1","Headbutt+1","Bloodletting+1","Ghostly","Ghostly","Ghostly","Ghostly","Ghostly","Juggernaut+1","Body Slam+1","Impervious+1","Exhume","Feed+1","Warcry+1","Dramatic Entrance+1","Secret Technique","Secret Technique+1","Berserk","Iron Wave+1"],"relics":["Burning Blood","The Courier","Membership Card","Bronze Scales","Blood Vial","Astrolabe","DollysMirror","Molten Egg 2","Red Skull","Girya","Mercury Hourglass","Paper Frog","Ornamental Fan","Centennial Puzzle","Philosopher\u0027s Stone","Unceasing Top","Bag of Preparation","Singing Bowl","Mango","Art of War"],"potions_floor_usage":[10,13,36,45,55,55],"damage_taken":[{"damage":5,"enemies":"Cultist","floor":1,"turns":5},{"damage":0,"enemies":"2 Louse","floor":3,"turns":3},{"damage":16,"enemies":"Small Slimes","floor":4,"turns":5},{"damage":9,"enemies":"Looter","floor":5,"turns":4},{"damage":41,"enemies":"Lagavulin","floor":6,"turns":9},{"damage":33,"enemies":"Gremlin Nob","floor":10,"turns":5},{"damage":6,"enemies":"2 Fungi Beasts","floor":12,"turns":4},{"damage":0,"enemies":"Large Slime","floor":13,"turns":8},{"damage":4,"enemies":"Blue Slaver","floor":14,"turns":5},{"damage":20,"enemies":"Hexaghost","floor":16,"turns":14},{"damage":17,"enemies":"Shell Parasite","floor":18,"turns":4},{"damage":26,"enemies":"Slavers","floor":23,"turns":7},{"damage":1,"enemies":"Colosseum Slavers","floor":24,"turns":6},{"damage":14,"enemies":"Colosseum Nobs","floor":24,"turns":6},{"damage":8,"enemies":"Book of Stabbing","floor":29,"turns":7},{"damage":2,"enemies":"Spheric Guardian","floor":30,"turns":4},{"damage":6,"enemies":"Slavers","floor":31,"turns":5},{"damage":5,"enemies":"Champ","floor":33,"turns":11},{"damage":2,"enemies":"Orb Walker","floor":35,"turns":5},{"damage":10,"enemies":"2 Orb Walkers","floor":36,"turns":6},{"damage":7,"enemies":"Reptomancer","floor":41,"turns":5},{"damage":3,"enemies":"3 Darklings","floor":42,"turns":5},{"damage":1,"enemies":"Maw","floor":45,"turns":6},{"damage":8,"enemies":"Transient","floor":47,"turns":5},{"damage":10,"enemies":"Donu and Deca","floor":50,"turns":11},{"damage":11,"enemies":"Shield and Spear","floor":54,"turns":8},{"damage":21,"enemies":"The Heart","floor":55,"turns":10}],"seed_played":"-5555142141001144530","potions_obtained":[{"floor":1,"key":"SkillPotion"},{"floor":2,"key":"BloodPotion"},{"floor":4,"key":"Explosive Potion"},{"floor":5,"key":"Weak Potion"},{"floor":13,"key":"Dexterity Potion"},{"floor":30,"key":"Swift Potion"},{"floor":41,"key":"Regen Potion"},{"floor":42,"key":"Energy Potion"},{"floor":45,"key":"Block Potion"}],"is_trial":false,"path_per_floor":["M","?","M","M","M","E","R","$","T","E","?","M","M","M","R","B",null,"M","?","?","?","$","E","?","R","T","R","$","E","M","E","R","B",null,"M","?","?","?","$","R","E","M","T","R","M","R","M","$","R","B",null,"R","$","E","B",null],"character_chosen":"IRONCLAD","items_purchased":["Membership Card","DollysMirror","Molten Egg 2","Bag of Preparation","Dramatic Entrance+1","Secret Technique","Secret Technique","Mango"],"campfire_rested":1,"item_purchase_floors":[8,22,22,39,39,39,39,48],"current_hp_per_floor":[57,57,63,53,50,15,39,39,39,12,12,17,28,35,35,23,89,78,78,44,44,44,27,28,28,28,28,28,28,37,39,39,42,50,50,49,49,49,49,49,50,55,55,55,58,58,58,72,72,70,74,74,74,74,72],"gold":38,"neow_bonus":"TRANSFORM_TWO_CARDS","is_prod":false,"is_daily":false,"chose_seed":false,"campfire_upgraded":8,"win_rate":0,"timestamp":1551925180,"path_taken":["M","?","M","?","M","E","R","?","T","E","?","M","M","M","R","BOSS","M","?","?","?","$","E","?","R","T","R","$","E","M","E","R","BOSS","M","?","?","?","$","R","E","M","T","R","?","R","M","$","R","BOSS","R","$","E","BOSS"],"build_version":"2019-01-23","purchased_purges":3,"victory":true,"max_hp_per_floor":[80,80,80,80,80,80,80,80,80,80,80,83,86,89,89,89,89,89,89,44,44,44,47,47,47,47,47,47,47,50,50,50,50,50,50,53,53,53,53,53,53,55,55,55,58,58,60,74,74,74,74,74,74,79,83],"card_choices":[{"not_picked":["Anger","Clothesline"],"picked":"Body Slam","floor":1},{"not_picked":["Feel No Pain","Body Slam"],"picked":"Uppercut","floor":3},{"not_picked":["Sword Boomerang","Burning Pact","Corruption"],"picked":"SKIP","floor":4},{"not_picked":["Clash","Pommel Strike"],"picked":"Juggernaut","floor":5},{"not_picked":["Shockwave","Ghostly Armor"],"picked":"Feed","floor":6},{"not_picked":["Havoc","Wild Strike"],"picked":"Flame Barrier","floor":10},{"not_picked":["Dropkick","Perfected Strike"],"picked":"Disarm","floor":12},{"not_picked":["Rupture","Pummel","Combust"],"picked":"SKIP","floor":13},{"not_picked":["Anger","Havoc"],"picked":"Second Wind","floor":14},{"not_picked":["Offering","Limit Break"],"picked":"Barricade","floor":16},{"not_picked":["Warcry+1","Armaments"],"picked":"Bloodletting+1","floor":18},{"not_picked":["Heavy Blade+1","Havoc+1"],"picked":"Body Slam+1","floor":23},{"not_picked":["Shrug It Off","Wild Strike+1"],"picked":"Impervious","floor":29},{"not_picked":["Sentinel+1","Headbutt+1","Corruption"],"picked":"SKIP","floor":30},{"not_picked":["Fire Breathing","Clash+1"],"picked":"Exhume","floor":31},{"not_picked":["Fiend Fire+1","Barricade"],"picked":"Feed+1","floor":33},{"not_picked":["Pommel Strike+1","Havoc+1"],"picked":"Warcry","floor":35},{"not_picked":["Clothesline+1","Dropkick+1"],"picked":"Berserk","floor":41},{"not_picked":["Rampage+1","Reckless Charge+1","Fire Breathing+1"],"picked":"Singing Bowl","floor":42},{"not_picked":["Anger+1","Heavy Blade+1"],"picked":"Iron Wave+1","floor":45},{"not_picked":["Warcry+1","Battle Trance+1","Sentinel"],"picked":"Singing Bowl","floor":47},{"not_picked":["Searing Blow+1","Perfected Strike+1","Immolate+1"],"picked":"Singing Bowl","floor":54}],"player_experience":246021,"relics_obtained":[{"floor":6,"key":"The Courier"},{"floor":9,"key":"Bronze Scales"},{"floor":10,"key":"Blood Vial"},{"floor":23,"key":"Red Skull"},{"floor":24,"key":"Girya"},{"floor":24,"key":"Mercury Hourglass"},{"floor":26,"key":"Paper Frog"},{"floor":29,"key":"Ornamental Fan"},{"floor":31,"key":"Centennial Puzzle"},{"floor":36,"key":"Unceasing Top"},{"floor":41,"key":"Singing Bowl"},{"floor":54,"key":"Art of War"}],"event_choices":[{"damage_healed":0,"gold_gain":0,"player_choice":"Bought 1 Potion","damage_taken":0,"max_hp_gain":0,"max_hp_loss":0,"event_name":"The Woman in Blue","floor":2,"gold_loss":0},{"damage_healed":0,"gold_gain":52,"player_choice":"Gained Gold","damage_taken":0,"max_hp_gain":0,"max_hp_loss":0,"event_name":"Golden Wing","floor":11,"gold_loss":0},{"damage_healed":0,"gold_gain":0,"player_choice":"Ignored","damage_taken":0,"max_hp_gain":0,"max_hp_loss":0,"event_name":"Vampires","floor":19,"gold_loss":0},{"damage_healed":0,"gold_gain":0,"player_choice":"Became a Ghost","damage_taken":0,"max_hp_gain":0,"max_hp_loss":45,"event_name":"Ghosts","floor":20,"gold_loss":0,"cards_obtained":["Ghostly","Ghostly","Ghostly","Ghostly","Ghostly"]},{"cards_removed":["Clash"],"damage_healed":0,"gold_gain":0,"player_choice":"Gave Gold","damage_taken":0,"max_hp_gain":0,"max_hp_loss":0,"event_name":"Beggar","floor":21,"gold_loss":75},{"damage_healed":0,"gold_gain":0,"player_choice":"Fight","damage_taken":0,"max_hp_gain":0,"max_hp_loss":0,"event_name":"Colosseum","floor":24,"gold_loss":0},{"damage_healed":0,"gold_gain":0,"player_choice":"Fought Nobs","damage_taken":0,"max_hp_gain":0,"max_hp_loss":0,"event_name":"Colosseum","floor":24,"gold_loss":0},{"damage_healed":0,"gold_gain":0,"player_choice":"Fight","damage_taken":0,"max_hp_gain":0,"max_hp_loss":0,"event_name":"Mysterious Sphere","floor":36,"gold_loss":0},{"damage_healed":0,"gold_gain":0,"player_choice":"Memory 1","damage_taken":0,"max_hp_gain":0,"max_hp_loss":0,"event_name":"SensoryStone","floor":37,"gold_loss":0},{"damage_healed":0,"gold_gain":0,"player_choice":"Ignored","damage_taken":0,"max_hp_gain":0,"max_hp_loss":0,"event_name":"Tomb of Lord Red Mask","floor":38,"gold_loss":0}],"is_beta":false,"boss_relics":[{"not_picked":["Fusion Hammer","Runic Dome"],"picked":"Astrolabe"},{"not_picked":["Tiny House","Orrery"],"picked":"Philosopher\u0027s Stone"}],"items_purged_floors":[22,28,39],"is_endless":false,"potions_floor_spawned":[1,4,5,13,24,30,31,33,35,41,42,45],"ascension_level":4}