{"gold_per_floor":[109,127,127,146,146,146,178,143,169,230,8,8,28,62,62,138,138,153,173,187,187,112,112,142,142,142,142,157,173,198,212,212,212],"floor_reached":33,"playtime":1612,"items_purged":["Strike_G"],"score":657,"play_id":"ece96222-3b8c-4254-bb0b-30881002e86d","local_time":"20190212214753","is_ascension_mode":true,"campfire_choices":[{"floor":6.0,"key":"REST"},{"data":"Sucker Punch","floor":12.0,"key":"SMITH"},{"data":"Bouncing Flask","floor":15.0,"key":"SMITH"},{"floor":23,"key":"REST"},{"floor":25,"key":"REST"},{"data":"Bullet Time","floor":27,"key":"SMITH"},{"data":"PiercingWail","floor":32,"key":"SMITH"}],"neow_cost":"TEN_PERCENT_HP_LOSS","seed_source_timestamp":0,"circlet_count":0,"master_deck":["AscendersBane","Defend_G","Defend_G","Defend_G","Defend_G","Defend_G","Strike_G","Strike_G","Strike_G","Strike_G","Survivor","Neutralize+1","Backstab+1","Dagger Throw","Bouncing Flask+1","Bullet Time+1","Sucker Punch+1","Endless Agony","Die Die Die","Backstab","PiercingWail+1"],"special_seed":0,"relics":["Ring of the Snake","Dead Branch","Art of War","Bag of Preparation","Happy Flower","Tiny Chest","Medical Kit","Shuriken","Sozu","Pantograph","Mercury Hourglass","Matryoshka"],"potions_floor_usage":[16],"damage_taken":[{"damage":0.0,"enemies":"2 Louse","floor":1.0,"turns":3.0},{"damage":0.0,"enemies":"Jaw Worm","floor":2.0,"turns":5.0},{"damage":0.0,"enemies":"Small Slimes","floor":4.0,"turns":3.0},{"damage":4.0,"enemies":"3 Sentries","floor":7.0,"turns":6.0},{"damage":25.0,"enemies":"Lagavulin","floor":10.0,"turns":5.0},{"damage":0.0,"enemies":"2 Fungi Beasts","floor":13.0,"turns":1.0},{"damage":0.0,"enemies":"Gremlin Nob","floor":14.0,"turns":2.0},{"damage":1,"enemies":"Hexaghost","floor":16,"turns":7},{"damage":0,"enemies":"Shell Parasite","floor":18,"turns":2},{"damage":1,"enemies":"Spheric Guardian","floor":19,"turns":3},{"damage":13,"enemies":"Shelled Parasite and Fungi","floor":20,"turns":2},{"damage":0,"enemies":"Book of Stabbing","floor":24,"turns":3},{"damage":3,"enemies":"Snecko","floor":28,"turns":4},{"damage":0,"enemies":"Snake Plant","floor":29,"turns":1},{"damage":7,"enemies":"Slavers","floor":30,"turns":2},{"damage":0,"enemies":"3 Cultists","floor":31,"turns":3},{"damage":64,"enemies":"Champ","floor":33,"turns":10}],"seed_played":"4565332176341724318","potions_obtained":[{"floor":1.0,"key":"PowerPotion"},{"floor":2.0,"key":"AttackPotion"},{"floor":7.0,"key":"Fire Potion"},{"floor":10.0,"key":"PowerPotion"},{"floor":14.0,"key":"PowerPotion"}],"is_trial":false,"path_per_floor":["M","M","?","M","?","R","E","?","T","E","$","R","M","E","R","B",null,"M","M","M","?","$","R","E","R","T","R","M","M","E","M","R","B"],"character_chosen":"THE_SILENT","items_purchased":["Medical Kit"],"campfire_rested":3,"item_purchase_floors":[11],"current_hp_per_floor":[59,59,41,41,23,41,37,52,52,27,27,27,27,27,27,26,52,52,51,38,22,22,41,41,60,60,60,57,57,50,50,50,1],"gold":212,"neow_bonus":"ONE_RARE_RELIC","is_prod":false,"is_daily":false,"chose_seed":false,"campfire_upgraded":4,"win_rate":0,"timestamp":1550036873,"path_taken":["M","M","?","M","?","R","E","?","T","E","?","R","M","E","R","BOSS","M","M","M","?","$","R","E","R","T","R","M","M","E","M","R","BOSS"],"build_version":"2019-01-23","purchased_purges":1,"victory":false,"max_hp_per_floor":[60,60,60,60,60,60,60,60,60,60,60,60,60,60,60,60,60,60,60,60,65,65,65,65,65,65,65,65,65,65,65,65,65],"card_choices":[{"not_picked":["Sucker Punch","Deflect"],"picked":"Backstab","floor":1.0},{"not_picked":["Deflect","Deadly Poison"],"picked":"Dagger Throw","floor":2.0},{"not_picked":["Deflect","Heel Hook"],"picked":"Bouncing Flask","floor":4.0},{"not_picked":["Dash","Backflip"],"picked":"Bullet Time","floor":7.0},{"not_picked":["Setup","Concentrate"],"picked":"Sucker Punch","floor":10.0},{"not_picked":["Eviscerate","Blade Dance"],"picked":"Endless Agony","floor":13.0},{"not_picked":["Choke","Flying Knee","Leg Sweep"],"picked":"SKIP","floor":14.0},{"not_picked":["Bullet Time","Tools of the Trade"],"picked":"Die Die Die","floor":16},{"not_picked":["Underhanded Strike","Blade Dance"],"picked":"Backstab","floor":18},{"not_picked":["Masterful Stab","Choke"],"picked":"PiercingWail","floor":19},{"not_picked":["Dagger Throw+1","Expertise","Phantasmal Killer"],"picked":"SKIP","floor":20},{"not_picked":["Deflect","Grand Finale","Dodge and Roll"],"picked":"SKIP","floor":24},{"not_picked":["Catalyst","Flechettes","Slice"],"picked":"SKIP","floor":28},{"not_picked":["Blade Dance","Dagger Spray","Envenom"],"picked":"SKIP","floor":29},{"not_picked":["Dagger Throw","Reflex","Setup"],"picked":"SKIP","floor":30},{"not_picked":["Heel Hook","Sucker Punch","Quick Slash+1"],"picked":"SKIP","floor":31}],"player_experience":513835,"relics_obtained":[{"floor":7.0,"key":"Bag of Preparation"},{"floor":9.0,"key":"Happy Flower"},{"floor":10.0,"key":"Tiny Chest"},{"floor":14.0,"key":"Shuriken"},{"floor":24,"key":"Pantograph"},{"floor":26,"key":"Mercury Hourglass"},{"floor":30,"key":"Matryoshka"}],"event_choices":[{"damage_healed":0.0,"max_hp_gain":0.0,"max_hp_loss":0.0,"gold_gain":0.0,"event_name":"Shining Light","player_choice":"Entered Light","floor":3.0,"gold_loss":0.0,"damage_taken":18.0,"cards_upgraded":["Backstab","Neutralize"]},{"damage_healed":0.0,"max_hp_gain":0.0,"max_hp_loss":0.0,"gold_gain":0.0,"event_name":"Scrap Ooze","player_choice":"Success","floor":5.0,"gold_loss":0.0,"damage_taken":18.0,"relics_obtained":["Art of War"]},{"damage_healed":15.0,"max_hp_gain":0.0,"max_hp_loss":0.0,"gold_gain":0.0,"event_name":"The Cleric","player_choice":"Healed","floor":8.0,"gold_loss":35.0,"damage_taken":0.0},{"damage_healed":0,"gold_gain":0,"player_choice":"Shed Blood","damage_taken":21,"max_hp_gain":5,"max_hp_loss":0,"event_name":"Forgotten Altar","floor":21,"gold_loss":0}],"is_beta":false,"boss_relics":[{"not_picked":["White Beast Statue","Orrery"],"picked":"Sozu"}],"items_purged_floors":[22],"is_endless":false,"potions_floor_spawned":[1,2,7,10,14,18,19,28,29,31],"killed_by":"Champ","ascension_level":17}