{"gold_per_floor":[116,129,54,69,69,80,80,92,92,117,117,132,132,165,165,236,236,249,249,249,261,3,3,3,3,82,94,126,126,145,31,31,31],"floor_reached":33,"playtime":1571,"items_purged":["Strike_R"],"score":550,"play_id":"e4cd4370-d10c-4bbf-8226-35b27b9dbddf","local_time":"20190311210128","is_ascension_mode":true,"campfire_choices":[{"data":"Immolate","floor":7,"key":"SMITH"},{"data":"True Grit","floor":11,"key":"SMITH"},{"data":"Wild Strike","floor":13,"key":"SMITH"},{"data":"Cleave","floor":15,"key":"SMITH"},{"data":"Discovery","floor":23,"key":"SMITH"},{"data":"Entrench","floor":25,"key":"SMITH"},{"data":"Second Wind","floor":29,"key":"SMITH"},{"data":"Armaments","floor":32,"key":"SMITH"}],"neow_cost":"NONE","seed_source_timestamp":418848119009901,"circlet_count":0,"master_deck":["AscendersBane","Defend_R","Defend_R","Defend_R","Defend_R","Bash","Immolate+1","Battle Trance","True Grit+1","Cleave+1","Infernal Blade","Juggernaut","Fiend Fire","Wild Strike+1","Sever Soul","Impervious","Warcry+1","Rampage+1","Iron Wave+1","Sentinel","Impervious","Entrench+1","Discovery+1","Feed","Second Wind+1","Armaments+1","Discovery+1"],"relics":["Burning Blood","Self Forming Clay","Blood Vial","Incense Burner","Astrolabe","Membership Card","Meat on the Bone","Magic Flower","DollysMirror"],"potions_floor_usage":[2,10,12,21,28],"damage_taken":[{"damage":15,"enemies":"Small Slimes","floor":1,"turns":3},{"damage":1,"enemies":"Cultist","floor":2,"turns":3},{"damage":0,"enemies":"2 Louse","floor":4,"turns":1},{"damage":15,"enemies":"Exordium Thugs","floor":6,"turns":3},{"damage":14,"enemies":"Gremlin Gang","floor":8,"turns":2},{"damage":3,"enemies":"Gremlin Nob","floor":10,"turns":3},{"damage":4,"enemies":"Blue Slaver","floor":12,"turns":2},{"damage":17,"enemies":"3 Sentries","floor":14,"turns":3},{"damage":57,"enemies":"The Guardian","floor":16,"turns":10},{"damage":15,"enemies":"Chosen","floor":18,"turns":4},{"damage":0,"enemies":"Spheric Guardian","floor":21,"turns":3},{"damage":8,"enemies":"Chosen and Byrds","floor":27,"turns":4},{"damage":15,"enemies":"Slavers","floor":28,"turns":4},{"damage":24,"enemies":"Snake Plant","floor":30,"turns":4},{"damage":83,"enemies":"Collector","floor":33,"turns":8}],"seed_played":"-5975394304431063827","potions_obtained":[{"floor":1,"key":"Strength Potion"},{"floor":6,"key":"PowerPotion"},{"floor":10,"key":"BloodPotion"},{"floor":16,"key":"Swift Potion"},{"floor":18,"key":"Fire Potion"},{"floor":27,"key":"LiquidBronze"}],"is_trial":false,"path_per_floor":["M","M","$","M","?","M","R","M","T","E","R","M","R","E","R","B",null,"M","?","?","M","$","R","$","R","T","M","E","R","M","$","R","B"],"character_chosen":"IRONCLAD","items_purchased":["Membership Card","Discovery","DollysMirror"],"campfire_rested":0,"item_purchase_floors":[22,22,31],"current_hp_per_floor":[59,64,64,70,70,61,61,53,53,56,56,67,67,58,58,9,59,52,52,52,60,60,60,60,60,60,60,53,53,59,59,59,0],"gold":31,"neow_bonus":"ONE_RANDOM_RARE_CARD","is_prod":false,"is_daily":false,"chose_seed":false,"campfire_upgraded":8,"win_rate":0,"timestamp":1552359688,"path_taken":["M","M","$","M","?","?","R","M","T","E","R","M","R","E","R","BOSS","M","?","?","?","$","R","?","R","T","M","E","R","M","$","R","BOSS"],"build_version":"2019-01-23","purchased_purges":1,"victory":false,"max_hp_per_floor":[75,75,75,75,75,75,75,75,75,75,75,75,75,75,75,75,75,75,75,75,75,75,75,75,75,75,75,75,75,75,75,75,75],"card_choices":[{"not_picked":["Uppercut","Anger"],"picked":"Battle Trance","floor":1},{"not_picked":["Anger","Carnage","Clothesline"],"picked":"SKIP","floor":2},{"not_picked":["Body Slam","Clothesline"],"picked":"True Grit","floor":4},{"not_picked":["Dual Wield","Warcry"],"picked":"Infernal Blade","floor":6},{"not_picked":["Clothesline","Pommel Strike"],"picked":"Juggernaut","floor":8},{"not_picked":["Armaments","Heavy Blade"],"picked":"Fiend Fire","floor":10},{"not_picked":["True Grit","Warcry"],"picked":"Wild Strike","floor":12},{"not_picked":["Havoc","Reckless Charge"],"picked":"Sever Soul","floor":14},{"not_picked":["Fiend Fire","Exhume"],"picked":"Impervious","floor":16},{"not_picked":["True Grit","Armaments"],"picked":"Sentinel","floor":18},{"not_picked":["True Grit","Twin Strike"],"picked":"Entrench","floor":21},{"not_picked":["Pummel+1","Bloodletting"],"picked":"Feed","floor":27},{"not_picked":["Sentinel","Evolve"],"picked":"Second Wind","floor":28},{"not_picked":["Burning Pact","Perfected Strike"],"picked":"Armaments","floor":30}],"player_experience":1388818,"relics_obtained":[{"floor":9,"key":"Self Forming Clay"},{"floor":10,"key":"Blood Vial"},{"floor":14,"key":"Incense Burner"},{"floor":26,"key":"Meat on the Bone"},{"floor":28,"key":"Magic Flower"}],"event_choices":[{"damage_healed":0,"gold_gain":0,"cards_transformed":["Strike_R"],"player_choice":"Transformed","damage_taken":0,"max_hp_gain":0,"max_hp_loss":0,"event_name":"Transmorgrifier","floor":5,"gold_loss":0,"cards_obtained":["Cleave"]},{"damage_healed":0,"gold_gain":0,"player_choice":"Ignored","damage_taken":0,"max_hp_gain":0,"max_hp_loss":0,"event_name":"Vampires","floor":19,"gold_loss":0},{"damage_healed":0,"gold_gain":0,"player_choice":"Copied","damage_taken":0,"max_hp_gain":0,"max_hp_loss":0,"event_name":"Duplicator","floor":20,"gold_loss":0,"cards_obtained":["Impervious"]}],"is_beta":false,"boss_relics":[{"not_picked":["Black Blood","Runic Dome"],"picked":"Astrolabe"}],"items_purged_floors":[3],"is_endless":false,"potions_floor_spawned":[1,6,10,16,18,27],"killed_by":"Collector","ascension_level":20}