{"gold_per_floor":[110,17,30,49,49,74,24,50,103,103,103,123,123],"floor_reached":13,"playtime":906,"items_purged":[],"score":112,"play_id":"05c635cf-8d9c-4dc2-9831-1f9f1c9d2f90","local_time":"20190103230733","is_ascension_mode":true,"campfire_choices":[],"neow_cost":"NONE","seed_source_timestamp":16879782412045,"circlet_count":0,"master_deck":["Defend_G","Defend_G","Defend_G","Defend_G","Defend_G","Strike_G","Strike_G","Strike_G+1","Strike_G","Strike_G","Survivor","Neutralize","Bullet Time+1","Deadly Poison","Purity","Noxious Fumes","Phantasmal Killer","Dagger Spray","Poisoned Stab"],"relics":["Ring of the Snake","Blue Candle","Orichalcum","Happy Flower"],"potions_floor_usage":[8,8,12],"damage_taken":[{"damage":2,"enemies":"Cultist","floor":1,"turns":5},{"damage":0,"enemies":"Jaw Worm","floor":3,"turns":5},{"damage":0,"enemies":"Small Slimes","floor":4,"turns":3},{"damage":42,"enemies":"3 Sentries","floor":6,"turns":7},{"damage":7,"enemies":"Lagavulin","floor":8,"turns":7},{"damage":0,"enemies":"2 Fungi Beasts","floor":12,"turns":2},{"damage":0,"enemies":"3 Sentries","floor":13,"turns":1}],"seed_played":"1892601574797004202","potions_obtained":[{"floor":4,"key":"SpeedPotion"},{"floor":6,"key":"Explosive Potion"},{"floor":8,"key":"Ancient Potion"}],"is_trial":false,"path_per_floor":["M","$","M","M","?","E","$","E","T","$","?","M","E"],"character_chosen":"THE_SILENT","items_purchased":["Purity","SteroidPotion"],"campfire_rested":0,"item_purchase_floors":[2,7],"current_hp_per_floor":[68,68,68,68,68,26,26,19,19,19,5,5,5],"gold":123,"neow_bonus":"ONE_RANDOM_RARE_CARD","is_prod":false,"is_daily":false,"chose_seed":false,"campfire_upgraded":0,"win_rate":0,"timestamp":1546585653,"path_taken":["M","$","M","?","?","E","?","E","T","$","?","M","E"],"build_version":"2019-01-03v2","purchased_purges":0,"victory":false,"max_hp_per_floor":[70,70,70,70,70,70,70,70,70,70,70,70,70],"card_choices":[{"not_picked":["Backflip","Dodge and Roll"],"picked":"Deadly Poison","floor":1},{"not_picked":["Quick Slash","Flying Knee"],"picked":"Noxious Fumes","floor":3},{"not_picked":["Outmaneuver","Acrobatics","Bullet Time"],"picked":"SKIP","floor":4},{"not_picked":["PiercingWail","Prepared"],"picked":"Phantasmal Killer","floor":6},{"not_picked":["Caltrops","Deadly Poison"],"picked":"Dagger Spray","floor":8},{"not_picked":["Blur","Dodge and Roll"],"picked":"Poisoned Stab","floor":12}],"player_experience":140423,"relics_obtained":[{"floor":6,"key":"Blue Candle"},{"floor":8,"key":"Orichalcum"},{"floor":9,"key":"Happy Flower"}],"event_choices":[{"damage_healed":0,"gold_gain":0,"player_choice":"0 cards matched","damage_taken":0,"max_hp_gain":0,"max_hp_loss":0,"event_name":"Match and Keep!","floor":5,"gold_loss":0,"cards_obtained":[]},{"damage_healed":0,"gold_gain":0,"player_choice":"Entered Light","damage_taken":14,"max_hp_gain":0,"max_hp_loss":0,"event_name":"Shining Light","floor":11,"gold_loss":0,"cards_upgraded":["Strike_G","Bullet Time"]}],"is_beta":false,"boss_relics":[],"items_purged_floors":[],"is_endless":false,"potions_floor_spawned":[4,6,8],"killed_by":"3 Sentries","ascension_level":4}