{"gold_per_floor":[112,112,62,14,14,14,39,39,39,39,58,58,58,89,89,215,215,230,225,225,246,269,269,287,287,287,386,386,429,444,444],"floor_reached":31,"playtime":2971,"items_purged":[],"score":266,"play_id":"0478cd90-7588-444d-aa77-fcd36ae8f4cb","local_time":"20190308195955","is_ascension_mode":true,"campfire_choices":[{"floor":6.0,"key":"RECALL"},{"data":"Defragment","floor":8.0,"key":"SMITH"},{"data":"Fusion","floor":10.0,"key":"SMITH"},{"data":"Loop","floor":15,"key":"SMITH"},{"floor":23,"key":"REST"},{"floor":25,"key":"REST"}],"neow_cost":"CURSE","seed_source_timestamp":0,"circlet_count":0,"master_deck":["Strike_B","Strike_B","Defend_B","Defend_B","Zap","Fusion+1","Defragment+1","Go for the Eyes","Coolheaded","Leap","Loop+1","Echo Form","Coolheaded","Glacier","Defragment+1","Double Energy","Fusion","Conserve Battery"],"special_seed":0,"relics":["Cracked Core","Golden Idol","GremlinMask","Pear","Inserter","Bronze Scales","Boot"],"potions_floor_usage":[16,24,29,30],"damage_taken":[{"damage":3.0,"enemies":"Jaw Worm","floor":1.0,"turns":4.0},{"damage":0.0,"enemies":"2 Louse","floor":7.0,"turns":4.0},{"damage":0.0,"enemies":"Small Slimes","floor":11.0,"turns":3.0},{"damage":20.0,"enemies":"Lagavulin","floor":14.0,"turns":7.0},{"damage":11,"enemies":"The Guardian","floor":16,"turns":12},{"damage":1,"enemies":"Chosen","floor":18,"turns":7},{"damage":33,"enemies":"2 Thieves","floor":19,"turns":5},{"damage":33,"enemies":"Snake Plant","floor":21,"turns":5},{"damage":25,"enemies":"Cultist and Chosen","floor":22,"turns":9},{"damage":36,"enemies":"3 Cultists","floor":24,"turns":9},{"damage":46,"enemies":"Slavers","floor":29,"turns":7},{"damage":0,"enemies":"Sentry and Sphere","floor":30,"turns":7}],"seed_played":"-8783961289616098297","potions_obtained":[{"floor":1.0,"key":"Fire Potion"},{"floor":11.0,"key":"SteroidPotion"},{"floor":19,"key":"SteroidPotion"},{"floor":22,"key":"Regen Potion"},{"floor":24,"key":"LiquidBronze"}],"is_trial":false,"path_per_floor":["M","?","?","$","?","R","M","R","T","R","M","?","?","E","R","B",null,"M","M","?","M","M","R","M","R","T","?","?","E","M","?"],"character_chosen":"DEFECT","items_purchased":["Coolheaded"],"campfire_rested":2,"item_purchase_floors":[4],"current_hp_per_floor":[72,77,77,77,74,74,74,74,74,74,74,74,74,64,64,53,84,83,50,78,45,20,45,24,49,49,49,49,3,3,0],"gold":444,"neow_bonus":"TRANSFORM_TWO_CARDS","is_prod":false,"is_daily":false,"chose_seed":false,"campfire_upgraded":3,"win_rate":0,"timestamp":1552093195,"path_taken":["M","?","?","?","?","R","M","R","T","R","?","?","?","E","R","BOSS","M","?","?","M","M","R","M","R","T","?","?","E","?","?"],"build_version":"2019-01-23","purchased_purges":0,"victory":false,"max_hp_per_floor":[75,80,80,80,74,74,74,74,74,74,74,74,74,84,84,84,84,84,84,84,84,84,84,84,84,84,84,84,84,84,84],"card_choices":[{"not_picked":["Conserve Battery","Streamline"],"picked":"Go for the Eyes","floor":1.0},{"not_picked":["Streamline","Redo"],"picked":"Leap","floor":7.0},{"not_picked":["Barrage","Steam","Gash"],"picked":"SKIP","floor":11.0},{"not_picked":["Go for the Eyes","Cold Snap"],"picked":"Loop","floor":14.0},{"not_picked":["Seek","Buffer"],"picked":"Echo Form","floor":16},{"not_picked":["Stack","Steam"],"picked":"Coolheaded","floor":18},{"not_picked":["Double Energy","Leap","Steam"],"picked":"SKIP","floor":19},{"not_picked":["Streamline","Turbo"],"picked":"Glacier","floor":21},{"not_picked":["Doom and Gloom","Stack","Tempest+1"],"picked":"SKIP","floor":22},{"not_picked":["Creative AI","Storm"],"picked":"Defragment+1","floor":24},{"not_picked":["Darkness+1","Steam Power"],"picked":"Conserve Battery","floor":29},{"not_picked":["Beam Cell","Rebound","Steam"],"picked":"SKIP","floor":30}],"player_experience":266518,"relics_obtained":[{"floor":14.0,"key":"Pear"},{"floor":26,"key":"Bronze Scales"},{"floor":29,"key":"Boot"}],"event_choices":[{"damage_healed":0.0,"max_hp_gain":5.0,"max_hp_loss":0.0,"gold_gain":0.0,"event_name":"Big Fish","player_choice":"Donut","floor":2.0,"gold_loss":0.0,"damage_taken":0.0},{"cards_removed":["Injury"],"damage_healed":0.0,"max_hp_gain":0.0,"max_hp_loss":0.0,"gold_gain":0.0,"event_name":"The Cleric","player_choice":"Card Removal","floor":3.0,"gold_loss":50.0,"damage_taken":0.0},{"damage_healed":0.0,"max_hp_gain":0.0,"max_hp_loss":6.0,"gold_gain":0.0,"event_name":"Golden Idol","player_choice":"Lose Max HP","floor":5.0,"gold_loss":0.0,"damage_taken":0.0,"relics_obtained":["Golden Idol"]},{"cards_removed":["Defend_B"],"damage_healed":0.0,"max_hp_gain":0.0,"max_hp_loss":0.0,"gold_gain":0.0,"event_name":"Living Wall","player_choice":"Forget","floor":12.0,"gold_loss":0.0,"damage_taken":0.0},{"damage_healed":0.0,"max_hp_gain":0.0,"max_hp_loss":0.0,"gold_gain":0.0,"event_name":"FaceTrader","player_choice":"Trade","floor":13.0,"gold_loss":0.0,"damage_taken":0.0,"relics_obtained":["GremlinMask"]},{"damage_healed":28,"gold_gain":0,"player_choice":"Heal","damage_taken":0,"max_hp_gain":0,"max_hp_loss":0,"event_name":"The Library","floor":20,"gold_loss":0},{"damage_healed":0,"gold_gain":99,"player_choice":"Stole From Cult","damage_taken":0,"max_hp_gain":0,"max_hp_loss":0,"event_name":"Nest","floor":27,"gold_loss":0},{"damage_healed":0,"gold_gain":0,"cards_transformed":["Strike_B","Defend_B"],"player_choice":"Became Test Subject","damage_taken":0,"max_hp_gain":0,"max_hp_loss":0,"event_name":"Drug Dealer","floor":28,"gold_loss":0,"cards_obtained":["Double Energy","Fusion"]}],"is_beta":false,"boss_relics":[{"not_picked":["Nuclear Battery","FrozenCore"],"picked":"Inserter"}],"items_purged_floors":[],"is_endless":false,"potions_floor_spawned":[1,11,19,22,24],"ascension_level":1}