{"gold_per_floor":[118,131,131,306,317,329,329,357,383,383,154,154,154,154,154,154],"floor_reached":16,"playtime":1503,"items_purged":["Doubt"],"score":127,"play_id":"e48a3d0e-8c47-47d7-9d32-2bb38b5b8506","local_time":"20190317111525","is_ascension_mode":true,"campfire_choices":[{"data":"Neutralize","floor":7,"key":"SMITH"},{"floor":10,"key":"REST"},{"data":"Deflect","floor":13,"key":"SMITH"},{"data":"Dodge and Roll","floor":15,"key":"SMITH"}],"neow_cost":"NONE","seed_source_timestamp":284805026381929,"circlet_count":0,"master_deck":["Defend_G","Defend_G","Defend_G","Defend_G","Strike_G","Strike_G","Strike_G+1","Strike_G","Survivor+1","Neutralize+1","Dodge and Roll+1","Deflect+1","Acrobatics"],"special_seed":0,"relics":["Ring of the Snake","Centennial Puzzle","Strawberry","Ancient Tea Set","Snake Skull"],"potions_floor_usage":[8,8,16],"damage_taken":[{"damage":2,"enemies":"Cultist","floor":1,"turns":5},{"damage":1,"enemies":"2 Louse","floor":2,"turns":4},{"damage":3,"enemies":"Small Slimes","floor":5,"turns":5},{"damage":6,"enemies":"Exordium Wildlife","floor":6,"turns":12},{"damage":21,"enemies":"3 Sentries","floor":8,"turns":12},{"damage":41,"enemies":"The Guardian","floor":16,"turns":24}],"seed_played":"-2798960432539449187","potions_obtained":[{"floor":1,"key":"SkillPotion"},{"floor":2,"key":"Energy Potion"},{"floor":5,"key":"SteroidPotion"}],"is_trial":false,"path_per_floor":["M","M","?","?","M","M","R","E","T","R","$","?","R","?","R","B"],"character_chosen":"THE_SILENT","items_purchased":["Ancient Tea Set"],"campfire_rested":1,"item_purchase_floors":[11],"current_hp_per_floor":[61,60,46,46,43,37,37,16,23,46,46,39,39,36,36,0],"gold":154,"neow_bonus":"REMOVE_CARD","is_prod":false,"is_daily":false,"chose_seed":false,"campfire_upgraded":3,"win_rate":0,"timestamp":1552846525,"path_taken":["M","?","?","?","M","M","R","E","T","R","$","?","R","?","R","BOSS"],"build_version":"2019-01-23","purchased_purges":1,"victory":false,"max_hp_per_floor":[70,70,70,70,70,70,70,70,77,77,77,77,77,77,77,77],"card_choices":[{"not_picked":["Slice","Outmaneuver"],"picked":"Dodge and Roll","floor":1},{"not_picked":["Finisher","Deadly Poison"],"picked":"Deflect","floor":2},{"not_picked":["Deadly Poison","Prepared","Tactician"],"picked":"SKIP","floor":5},{"not_picked":["Bouncing Flask","Blade Dance"],"picked":"Acrobatics","floor":6},{"not_picked":["Dagger Spray","All Out Attack","Outmaneuver"],"picked":"SKIP","floor":8}],"player_experience":368470,"relics_obtained":[{"floor":8,"key":"Centennial Puzzle"},{"floor":9,"key":"Strawberry"}],"event_choices":[{"damage_healed":0,"gold_gain":0,"player_choice":"Entered Light","damage_taken":14,"max_hp_gain":0,"max_hp_loss":0,"event_name":"Shining Light","floor":3,"gold_loss":0,"cards_upgraded":["Survivor","Strike_G"]},{"damage_healed":0,"gold_gain":175,"player_choice":"AGREE","damage_taken":0,"max_hp_gain":0,"max_hp_loss":0,"event_name":"Liars Game","floor":4,"gold_loss":0,"cards_obtained":["Doubt"]},{"cards_removed":["Defend_G"],"damage_healed":0,"gold_gain":0,"player_choice":"Card Removal","damage_taken":7,"max_hp_gain":0,"max_hp_loss":0,"event_name":"Golden Wing","floor":12,"gold_loss":0},{"damage_healed":0,"gold_gain":0,"player_choice":"Success","damage_taken":3,"relics_obtained":["Snake Skull"],"max_hp_gain":0,"max_hp_loss":0,"event_name":"Scrap Ooze","floor":14,"gold_loss":0}],"is_beta":false,"boss_relics":[],"items_purged_floors":[11],"is_endless":false,"potions_floor_spawned":[1,2,5,6],"killed_by":"The Guardian","ascension_level":6}