{"gold_per_floor":[115,131,141,11,11,11,11,11,35,67,78,88,98,112,112,213,213,231,243,262,273,198,217,217,296,348,14,31,41,52,69,69,169,169,179,192,68,82,92,92,110,110,110,145,145,45,45,63,63,63],"floor_reached":51,"playtime":8479,"items_purged":["Defend_R","Defend_R"],"score":714,"play_id":"c7cee7a3-c652-4509-bc0a-d6f7fa5800cf","local_time":"20190316135852","is_ascension_mode":false,"campfire_choices":[{"data":"Anger","floor":6.0,"key":"SMITH"},{"data":"Metallicize","floor":15.0,"key":"SMITH"},{"floor":24.0,"key":"REST"},{"floor":32.0,"key":"REST"},{"floor":40.0,"key":"REST"},{"floor":42,"key":"REST"},{"floor":47,"key":"REST"},{"floor":49,"key":"REST"}],"neow_cost":"NONE","seed_source_timestamp":1074469275819819,"circlet_count":0,"master_deck":["Strike_R+1","Strike_R+1","Strike_R","Strike_R","Strike_R","Bash","Battle Trance","Metallicize+1","Headbutt","Feed+1","Anger+1","Dropkick+1","Headbutt+1","Disarm","Sword Boomerang+1","Carnage+1","Bludgeon+1","Pommel Strike+1","Uppercut+1","Blood for Blood+1","Clash+1","Anger+1","Inflame","Headbutt+1","Bludgeon+1","Ghostly Armor","Pommel Strike+1","Armaments+1","Dual Wield","Feed+1","Twin Strike+1","Searing Blow+1","Thunderclap+1","Twin Strike+1","Shockwave+1","Flame Barrier","Double Tap","Anger+1"],"special_seed":0,"relics":["Velvet Choker","Molten Egg 2","Whetstone","Bronze Scales","Mark of Pain","Kunai","Bag of Marbles","DollysMirror","Sozu","Shuriken","Champion Belt"],"potions_floor_usage":[41],"damage_taken":[{"damage":2.0,"enemies":"Small Slimes","floor":1.0,"turns":3.0},{"damage":0.0,"enemies":"2 Louse","floor":2.0,"turns":3.0},{"damage":0.0,"enemies":"Cultist","floor":3.0,"turns":3.0},{"damage":12.0,"enemies":"3 Sentries","floor":10.0,"turns":7.0},{"damage":0.0,"enemies":"3 Louse","floor":11.0,"turns":1.0},{"damage":0.0,"enemies":"Exordium Thugs","floor":12.0,"turns":2.0},{"damage":8.0,"enemies":"2 Fungi Beasts","floor":13.0,"turns":2.0},{"damage":7.0,"enemies":"Large Slime","floor":14.0,"turns":3.0},{"damage":6.0,"enemies":"Slime Boss","floor":16.0,"turns":7.0},{"damage":13.0,"enemies":"2 Thieves","floor":18.0,"turns":3.0},{"damage":0.0,"enemies":"Chosen","floor":19.0,"turns":3.0},{"damage":13.0,"enemies":"Snecko","floor":20.0,"turns":3.0},{"damage":19.0,"enemies":"Sentry and Sphere","floor":21.0,"turns":3.0},{"damage":4.0,"enemies":"Snake Plant","floor":23.0,"turns":2.0},{"damage":1.0,"enemies":"Cultist and Chosen","floor":28.0,"turns":3.0},{"damage":0.0,"enemies":"Centurion and Healer","floor":29.0,"turns":2.0},{"damage":6.0,"enemies":"Chosen and Byrds","floor":30.0,"turns":2.0},{"damage":0.0,"enemies":"Snake Plant","floor":31.0,"turns":1.0},{"damage":31.0,"enemies":"Automaton","floor":33.0,"turns":4.0},{"damage":13.0,"enemies":"3 Darklings","floor":35.0,"turns":3.0},{"damage":0.0,"enemies":"Orb Walker","floor":36.0,"turns":1.0},{"damage":28.0,"enemies":"Jaw Worm Horde","floor":38.0,"turns":3.0},{"damage":9.0,"enemies":"4 Shapes","floor":39.0,"turns":2.0},{"damage":31,"enemies":"Maw","floor":41,"turns":5},{"damage":28,"enemies":"Giant Head","floor":44,"turns":6},{"damage":26,"enemies":"Sphere and 2 Shapes","floor":48,"turns":3},{"damage":103,"enemies":"Awakened One","floor":50,"turns":8}],"seed_played":"-8120224919130562749","potions_obtained":[{"floor":1.0,"key":"Ancient Potion"},{"floor":3.0,"key":"SpeedPotion"},{"floor":10.0,"key":"Explosive Potion"},{"floor":12.0,"key":"PowerPotion"},{"floor":20.0,"key":"SteroidPotion"},{"floor":21.0,"key":"FearPotion"},{"floor":23.0,"key":"Regen Potion"},{"floor":30.0,"key":"AttackPotion"},{"floor":33.0,"key":"SpeedPotion"}],"is_trial":false,"path_per_floor":["M","M","M","$","?","R","$","?","T","E","M","M","M","M","R","B",null,"M","M","M","M","?","M","R","T","T","$","M","M","M","M","R","B",null,"M","M","$","M","M","R","M","R","T","E","?","$","R","M","R","B",null],"character_chosen":"IRONCLAD","items_purchased":["Feed","Anger","Anger+1","Inflame","Headbutt+1","DollysMirror","Thunderclap+1"],"campfire_rested":6,"item_purchase_floors":[4,4,27,27,27,27,37],"current_hp_per_floor":[78,78,78,78,78,78,78,78,78,70,70,74,70,63,63,57,92,79,83,70,51,51,47,75,75,75,75,74,78,72,72,100,69,100,87,91,91,67,58,90,59,91,91,67,67,67,100,78,112,9],"gold":63,"neow_bonus":"BOSS_RELIC","is_prod":false,"is_daily":false,"chose_seed":false,"campfire_upgraded":2,"win_rate":0.0,"timestamp":1552759132,"path_taken":["M","M","M","$","?","R","$","?","T","E","M","M","?","M","R","BOSS","M","M","M","M","?","M","R","?","T","$","M","M","?","M","R","BOSS","M","M","$","M","M","R","M","R","T","E","?","?","R","M","R","BOSS"],"build_version":"2019-01-23","purchased_purges":2,"victory":true,"max_hp_per_floor":[80,80,80,80,80,80,80,80,80,84,84,88,92,92,92,92,92,92,96,96,96,96,96,96,96,96,96,96,100,100,100,100,100,100,100,104,104,108,108,108,108,108,108,112,112,112,112,116,116,116],"card_choices":[{"not_picked":["Feel No Pain","Sword Boomerang"],"picked":"Battle Trance","floor":1.0},{"not_picked":["Sever Soul","Power Through"],"picked":"Metallicize","floor":2.0},{"not_picked":["Spot Weakness","Sever Soul"],"picked":"Headbutt","floor":3.0},{"not_picked":["Clothesline+1","Inflame"],"picked":"Dropkick+1","floor":10.0},{"not_picked":["Shrug It Off","Armaments"],"picked":"Headbutt+1","floor":11.0},{"not_picked":["Warcry","Sword Boomerang+1"],"picked":"Disarm","floor":12.0},{"not_picked":["Clothesline+1","Rupture"],"picked":"Sword Boomerang+1","floor":13.0},{"not_picked":["Rage","Sever Soul+1"],"picked":"Carnage+1","floor":14.0},{"not_picked":["Double Tap","Impervious"],"picked":"Bludgeon+1","floor":16.0},{"not_picked":["Entrench","Shrug It Off"],"picked":"Pommel Strike+1","floor":18.0},{"not_picked":["Twin Strike+1","True Grit"],"picked":"Uppercut+1","floor":19.0},{"not_picked":["Shrug It Off","Inflame"],"picked":"Blood for Blood+1","floor":20.0},{"not_picked":["Fire Breathing","Spot Weakness"],"picked":"Clash+1","floor":21.0},{"not_picked":["True Grit","Power Through","Entrench+1"],"picked":"SKIP","floor":23.0},{"not_picked":["Rupture","Flex"],"picked":"Ghostly Armor","floor":28.0},{"not_picked":["Pummel+1","Headbutt+1"],"picked":"Pommel Strike+1","floor":29.0},{"not_picked":["Hemokinesis+1","Metallicize"],"picked":"Armaments+1","floor":30.0},{"not_picked":["Headbutt+1","Pommel Strike+1"],"picked":"Dual Wield","floor":31.0},{"not_picked":["Fiend Fire+1","Juggernaut"],"picked":"Feed+1","floor":33.0},{"not_picked":["Metallicize","True Grit+1"],"picked":"Twin Strike+1","floor":35.0},{"not_picked":["Flex+1","Cleave+1"],"picked":"Searing Blow+1","floor":36.0},{"not_picked":["Iron Wave+1","Thunderclap+1"],"picked":"Twin Strike+1","floor":38.0},{"not_picked":["Anger+1","Burning Pact+1"],"picked":"Shockwave+1","floor":39.0},{"not_picked":["Perfected Strike+1","Armaments+1"],"picked":"Flame Barrier","floor":41},{"not_picked":["Clash+1","Sword Boomerang+1"],"picked":"Double Tap","floor":44},{"not_picked":["Warcry","Corruption+1"],"picked":"Anger+1","floor":48}],"player_experience":10489,"relics_obtained":[{"floor":9.0,"key":"Whetstone"},{"floor":10.0,"key":"Bronze Scales"},{"floor":25.0,"key":"Kunai"},{"floor":26.0,"key":"Bag of Marbles"},{"floor":43,"key":"Shuriken"},{"floor":44,"key":"Champion Belt"}],"event_choices":[{"damage_healed":0.0,"max_hp_gain":0.0,"max_hp_loss":0.0,"gold_gain":0.0,"event_name":"Living Wall","player_choice":"Grow","floor":5.0,"gold_loss":0.0,"damage_taken":0.0,"cards_upgraded":["Feed"]},{"damage_healed":0.0,"max_hp_gain":0.0,"max_hp_loss":0.0,"gold_gain":0.0,"event_name":"WeMeetAgain","player_choice":"Gave Potion","floor":8.0,"gold_loss":0.0,"damage_taken":0.0,"relics_obtained":["Molten Egg 2"]},{"cards_removed":["Defend_R"],"damage_healed":0.0,"max_hp_gain":0.0,"max_hp_loss":0.0,"gold_gain":0.0,"event_name":"Beggar","player_choice":"Gave Gold","floor":22.0,"gold_loss":75.0,"damage_taken":0.0},{"cards_removed":["Defend_R"],"damage_healed":0,"gold_gain":0,"player_choice":"Card Removal","damage_taken":0,"max_hp_gain":0,"max_hp_loss":0,"event_name":"Wheel of Change","floor":45,"gold_loss":0}],"is_beta":false,"boss_relics":[{"not_picked":["Astrolabe","Tiny House"],"picked":"Mark of Pain"},{"not_picked":["Coffee Dripper","Snecko Eye"],"picked":"Sozu"}],"items_purged_floors":[37,46],"is_endless":false,"potions_floor_spawned":[1,3,10,12,20,21,23,28,30,33,35,36,41],"ascension_level":0}