{"gold_per_floor":[109,10,10,110,126,126,166,166,166,166,507,137,160,160,160,281,281,301,130,148,80,80,80,123,123,123,161,180,180,201,217,217,343,343,357,371,371,389,409,447,447,132,132,165,165,290,323,348,348,348],"floor_reached":51,"playtime":3825,"items_purged":["Strike_G","Injury","Defend_G"],"score":1204,"play_id":"6fb24f49-6533-4a64-a0ff-beccb12a3ede","local_time":"20190113225930","is_ascension_mode":true,"campfire_choices":[{"data":"All Out Attack","floor":6,"key":"SMITH"},{"data":"Cloak And Dagger","floor":8,"key":"SMITH"},{"data":"Accuracy","floor":15,"key":"SMITH"},{"data":"Backflip","floor":23,"key":"SMITH"},{"data":"Ghostly","floor":32,"key":"SMITH"},{"data":"Terror","floor":41,"key":"SMITH"},{"data":"1","floor":49,"key":"LIFT"}],"neow_cost":"NONE","seed_source_timestamp":37641278675546,"circlet_count":0,"master_deck":["Defend_G","Defend_G","Defend_G","Defend_G","Survivor+1","Neutralize+1","Acrobatics","Backflip+1","All Out Attack+1","Cloak And Dagger+1","Escape Plan","Accuracy+1","Infinite Blades+1","Accuracy+1","A Thousand Cuts+1","Accuracy+1","Footwork+1","Well Laid Plans+1","Infinite Blades+1","Bite","Bite","Bite","Bite","Bite","Ghostly","Ghostly","Ghostly+1","Ghostly","Ghostly","Infinite Blades+1","Storm of Steel+1","Blade Dance+1","Infinite Blades+1","Terror+1","Accuracy+1","Envenom+1"],"relics":["Ring of the Snake","NeowsBlessing","Golden Idol","Bird Faced Urn","Dead Branch","Sundial","Old Coin","Frozen Egg 2","Sozu","Bag of Preparation","Singing Bowl","Vajra","WristBlade","Bottled Lightning","DollysMirror","Bottled Flame","Shovel","Girya","Blood Vial"],"potions_floor_usage":[16,20,50],"damage_taken":[{"damage":0,"enemies":"2 Louse","floor":1,"turns":2},{"damage":0,"enemies":"Small Slimes","floor":5,"turns":1},{"damage":0,"enemies":"Lagavulin","floor":7,"turns":1},{"damage":20,"enemies":"3 Sentries","floor":11,"turns":6},{"damage":0,"enemies":"Cultist","floor":13,"turns":3},{"damage":3,"enemies":"Hexaghost","floor":16,"turns":6},{"damage":19,"enemies":"2 Thieves","floor":18,"turns":3},{"damage":22,"enemies":"3 Byrds","floor":20,"turns":4},{"damage":21,"enemies":"Book of Stabbing","floor":24,"turns":3},{"damage":5,"enemies":"Gremlin Leader","floor":27,"turns":4},{"damage":3,"enemies":"3 Cultists","floor":28,"turns":4},{"damage":4,"enemies":"Snake Plant","floor":30,"turns":4},{"damage":8,"enemies":"Cultist and Chosen","floor":31,"turns":3},{"damage":2,"enemies":"Automaton","floor":33,"turns":6},{"damage":4,"enemies":"3 Shapes","floor":35,"turns":3},{"damage":13,"enemies":"3 Darklings","floor":36,"turns":3},{"damage":7,"enemies":"4 Shapes","floor":38,"turns":4},{"damage":1,"enemies":"Maw","floor":39,"turns":4},{"damage":26,"enemies":"Giant Head","floor":40,"turns":5},{"damage":6,"enemies":"Reptomancer","floor":44,"turns":4},{"damage":0,"enemies":"Mind Bloom Boss Battle","floor":46,"turns":3},{"damage":0,"enemies":"Giant Head","floor":47,"turns":4},{"damage":17,"enemies":"3 Darklings","floor":48,"turns":4},{"damage":23,"enemies":"Time Eater","floor":50,"turns":5}],"seed_played":"7000717329047317716","potions_obtained":[{"floor":11,"key":"Ancient Potion"},{"floor":13,"key":"EssenceOfSteel"},{"floor":16,"key":"SkillPotion"}],"is_trial":false,"path_per_floor":["M","$","?","?","M","R","E","R","T","?","E","$","M","?","R","B",null,"M","$","M","$","?","R","E","?","T","E","M","?","M","M","R","B",null,"M","M","?","M","M","E","R","$","T","E","?","?","E","M","R","B",null],"character_chosen":"THE_SILENT","items_purchased":["Backflip","All Out Attack","Frozen Egg 2","Infinite Blades+1","Footwork+1","Infinite Blades+1","DollysMirror"],"campfire_rested":0,"item_purchase_floors":[2,2,12,12,19,21,42],"current_hp_per_floor":[63,63,63,63,63,63,63,63,63,56,38,38,44,30,30,33,61,50,50,42,42,42,42,31,24,24,26,28,28,30,32,32,32,32,31,25,25,29,34,25,25,25,25,36,36,38,40,33,33,26],"gold":348,"neow_bonus":"THREE_ENEMY_KILL","is_prod":false,"is_daily":false,"chose_seed":false,"campfire_upgraded":6,"win_rate":0,"timestamp":1547449170,"path_taken":["M","$","?","?","?","R","E","R","T","?","E","$","M","?","R","BOSS","M","$","M","$","?","R","E","?","T","E","M","?","M","M","R","BOSS","M","M","?","?","M","E","R","$","T","E","?","?","E","M","R","BOSS"],"build_version":"2019-01-10","purchased_purges":3,"victory":true,"max_hp_per_floor":[70,70,70,70,70,70,70,70,70,70,70,70,70,70,70,70,70,70,70,70,70,49,49,49,24,24,26,28,28,30,32,32,32,32,32,32,32,32,34,36,36,36,36,36,36,38,40,42,42,42],"card_choices":[{"not_picked":["Prepared","Outmaneuver"],"picked":"Acrobatics","floor":1},{"not_picked":["Blade Dance","Deadly Poison"],"picked":"Cloak And Dagger","floor":5},{"not_picked":["Flying Knee","Setup"],"picked":"Escape Plan","floor":7},{"not_picked":["Concentrate","Backflip"],"picked":"Accuracy","floor":11},{"not_picked":["Prepared","Backflip"],"picked":"Accuracy+1","floor":13},{"not_picked":["Night Terror","Venomology"],"picked":"A Thousand Cuts+1","floor":16},{"not_picked":["Dagger Spray+1","Acrobatics"],"picked":"Accuracy+1","floor":18},{"not_picked":["Slice","Concentrate"],"picked":"Well Laid Plans+1","floor":20},{"not_picked":["Slice","Choke","Backflip"],"picked":"SKIP","floor":24},{"not_picked":["Deadly Poison","Setup","Expertise"],"picked":"Singing Bowl","floor":27},{"not_picked":["Deadly Poison+1","Choke","Deflect"],"picked":"Singing Bowl","floor":28},{"not_picked":["Skewer","Crippling Poison","Deflect"],"picked":"Singing Bowl","floor":30},{"not_picked":["Outmaneuver+1","Choke","Heel Hook"],"picked":"Singing Bowl","floor":31},{"not_picked":["A Thousand Cuts+1","Venomology"],"picked":"Storm of Steel","floor":33},{"not_picked":["Prepared+1","Poisoned Stab+1"],"picked":"Blade Dance+1","floor":35},{"not_picked":["Poisoned Stab","Dagger Spray+1"],"picked":"Infinite Blades+1","floor":36},{"not_picked":["Leg Sweep","Calculated Gamble"],"picked":"Terror","floor":38},{"not_picked":["Underhanded Strike","Dagger Throw","Bane"],"picked":"Singing Bowl","floor":39},{"not_picked":["Venomology","Deadly Poison","PiercingWail+1"],"picked":"Singing Bowl","floor":40},{"not_picked":["Backflip+1","Distraction+1"],"picked":"Envenom+1","floor":44},{"not_picked":["Cloak And Dagger+1","Outmaneuver","Quick Slash+1"],"picked":"Singing Bowl","floor":46},{"not_picked":["Poisoned Stab+1","Quick Slash+1","Choke"],"picked":"Singing Bowl","floor":47},{"not_picked":["Acrobatics","Backflip+1","Reflex"],"picked":"Singing Bowl","floor":48}],"player_experience":268078,"relics_obtained":[{"floor":7,"key":"Bird Faced Urn"},{"floor":9,"key":"Dead Branch"},{"floor":11,"key":"Old Coin"},{"floor":24,"key":"Bag of Preparation"},{"floor":26,"key":"Singing Bowl"},{"floor":27,"key":"Vajra"},{"floor":40,"key":"Bottled Lightning"},{"floor":43,"key":"Bottled Flame"},{"floor":44,"key":"Shovel"},{"floor":46,"key":"Girya"},{"floor":47,"key":"Blood Vial"}],"event_choices":[{"damage_healed":0,"gold_gain":0,"player_choice":"Take Wound","damage_taken":0,"relics_obtained":["Golden Idol"],"max_hp_gain":0,"max_hp_loss":0,"event_name":"Golden Idol","floor":3,"gold_loss":0,"cards_obtained":["Injury"]},{"damage_healed":0,"gold_gain":100,"player_choice":"Pray","damage_taken":0,"max_hp_gain":0,"max_hp_loss":0,"event_name":"Golden Shrine","floor":4,"gold_loss":0},{"damage_healed":0,"gold_gain":0,"player_choice":"Success","damage_taken":7,"relics_obtained":["Sundial"],"max_hp_gain":0,"max_hp_loss":0,"event_name":"Scrap Ooze","floor":10,"gold_loss":0},{"damage_healed":0,"gold_gain":0,"player_choice":"Entered Light","damage_taken":14,"max_hp_gain":0,"max_hp_loss":0,"event_name":"Shining Light","floor":14,"gold_loss":0,"cards_upgraded":["Neutralize","Survivor"]},{"damage_healed":0,"gold_gain":0,"player_choice":"Became a vampire","damage_taken":0,"max_hp_gain":0,"max_hp_loss":21,"event_name":"Vampires","floor":22,"gold_loss":0,"cards_obtained":["Bite","Bite","Bite","Bite","Bite"]},{"damage_healed":0,"gold_gain":0,"player_choice":"Became a Ghost","damage_taken":0,"max_hp_gain":0,"max_hp_loss":25,"event_name":"Ghosts","floor":25,"gold_loss":0,"cards_obtained":["Ghostly","Ghostly","Ghostly","Ghostly","Ghostly"]},{"damage_healed":0,"gold_gain":0,"player_choice":"Read","damage_taken":0,"max_hp_gain":0,"max_hp_loss":0,"event_name":"The Library","floor":29,"gold_loss":0,"cards_obtained":["Infinite Blades"]},{"damage_healed":0,"gold_gain":0,"player_choice":"Forge","damage_taken":0,"max_hp_gain":0,"max_hp_loss":0,"event_name":"Accursed Blacksmith","floor":37,"gold_loss":0,"cards_upgraded":["Storm of Steel"]},{"damage_healed":0,"gold_gain":0,"player_choice":"Ignored","damage_taken":0,"max_hp_gain":0,"max_hp_loss":0,"event_name":"The Moai Head","floor":45,"gold_loss":0},{"damage_healed":0,"gold_gain":0,"player_choice":"Fight","damage_taken":0,"max_hp_gain":0,"max_hp_loss":0,"event_name":"MindBloom","floor":46,"gold_loss":0}],"is_beta":false,"boss_relics":[{"not_picked":["Velvet Choker","Empty Cage"],"picked":"Sozu"},{"not_picked":["Black Star","Runic Dome"],"picked":"WristBlade"}],"items_purged_floors":[12,19,42],"is_endless":false,"potions_floor_spawned":[11,13,16,24,28,33,36,40,44,46],"ascension_level":7}