{"gold_per_floor":[115,115,115,40,40,40,60,79,79,7,31,67,79],"floor_reached":13,"playtime":287,"items_purged":["Injury"],"score":87,"play_id":"d6d35658-1176-4161-8e42-e071598db241","local_time":"20190110231028","is_ascension_mode":true,"campfire_choices":[{"data":"Zap","floor":6,"key":"SMITH"}],"neow_cost":"PERCENT_DAMAGE","seed_source_timestamp":101562221165682,"circlet_count":0,"master_deck":["Strike_B","Strike_B","Strike_B+1","Strike_B","Defend_B","Defend_B","Defend_B","Defend_B+1","Zap+1","Dualcast","Impatience","Go for the Eyes","Panacea","Leap","Ball Lightning","Melter","Self Repair","Core Surge"],"relics":["Cracked Core","Golden Idol","Matryoshka","MawBank"],"potions_floor_usage":[12],"damage_taken":[{"damage":1,"enemies":"Cultist","floor":1,"turns":3},{"damage":0,"enemies":"Small Slimes","floor":7,"turns":3},{"damage":0,"enemies":"Jaw Worm","floor":8,"turns":3},{"damage":3,"enemies":"Looter","floor":11,"turns":3},{"damage":28,"enemies":"Lagavulin","floor":12,"turns":5},{"damage":21,"enemies":"Lagavulin Event","floor":13,"turns":3}],"seed_played":"3077253417081371191","potions_obtained":[{"floor":8,"key":"SteroidPotion"},{"floor":11,"key":"Ancient Potion"},{"floor":12,"key":"LiquidBronze"}],"is_trial":false,"path_per_floor":["M","?","?","$","?","R","M","M","T","$","M","E","?"],"character_chosen":"DEFECT","items_purchased":["Melter"],"campfire_rested":0,"item_purchase_floors":[10],"current_hp_per_floor":[53,53,38,38,38,38,38,38,38,38,35,14,0],"gold":79,"neow_bonus":"RANDOM_COLORLESS_2","is_prod":false,"is_daily":false,"chose_seed":false,"campfire_upgraded":1,"win_rate":0,"timestamp":1547129428,"path_taken":["M","?","?","?","?","R","M","?","T","$","M","E","?"],"build_version":"2019-01-03v4","purchased_purges":1,"victory":false,"max_hp_per_floor":[75,75,75,75,75,75,75,75,75,75,75,75,75],"card_choices":[{"not_picked":["Recycle","Fusion"],"picked":"Go for the Eyes","floor":1},{"not_picked":["Barrage","Redo"],"picked":"Leap","floor":7},{"not_picked":["Seek","Hologram"],"picked":"Ball Lightning","floor":8},{"not_picked":["Tempest","BootSequence"],"picked":"Self Repair","floor":11},{"not_picked":["Leap","Genetic Algorithm"],"picked":"Core Surge","floor":12}],"player_experience":379257,"relics_obtained":[{"floor":9,"key":"Matryoshka"},{"floor":12,"key":"MawBank"}],"event_choices":[{"damage_healed":0,"gold_gain":0,"player_choice":"Take Wound","damage_taken":0,"relics_obtained":["Golden Idol"],"max_hp_gain":0,"max_hp_loss":0,"event_name":"Golden Idol","floor":2,"gold_loss":0,"cards_obtained":["Injury"]},{"damage_healed":0,"gold_gain":0,"player_choice":"Entered Light","damage_taken":15,"max_hp_gain":0,"max_hp_loss":0,"event_name":"Shining Light","floor":3,"gold_loss":0,"cards_upgraded":["Strike_B","Defend_B"]},{"damage_healed":0,"gold_gain":0,"cards_transformed":["Magnetism"],"player_choice":"Change","damage_taken":0,"max_hp_gain":0,"max_hp_loss":0,"event_name":"Living Wall","floor":5,"gold_loss":0,"cards_obtained":["Panacea"]},{"damage_healed":0,"gold_gain":0,"player_choice":"Searched \u00272\u0027 times","damage_taken":0,"max_hp_gain":0,"max_hp_loss":0,"event_name":"Dead Adventurer","floor":13,"gold_loss":0}],"is_beta":false,"boss_relics":[],"items_purged_floors":[4],"is_endless":false,"potions_floor_spawned":[8,11,12],"killed_by":"Lagavulin Event","ascension_level":1}