{"path_per_floor":["M","?","?","$","M","E","R","E","T","R","M","R","E","M","R","B",null,"M","M","M","$","M","E","M","R","T","R","M","R","M","E","R","B",null,"M","?","?","$","M","E","R","E","T","M","M","R","?","M","R","B"],"character_chosen":"THE_SILENT","items_purchased":["Apotheosis","Footwork","Girya"],"gold_per_floor":[110,210,210,135,154,180,180,206,229,229,248,248,279,293,293,396,396,409,423,440,146,165,193,213,213,236,236,253,253,269,302,302,403,403,417,464,464,100,112,139,139,168,168,183,199,199,199,218,218,218],"floor_reached":51,"campfire_rested":2,"playtime":7362,"current_hp_per_floor":[70,70,56,56,56,44,44,19,19,40,40,40,26,23,44,23,70,70,70,65,65,65,49,44,44,51,51,51,51,51,51,51,17,77,77,77,67,67,67,67,67,67,67,67,67,67,67,55,55,43],"items_purged":["Strike_G","Strike_G"],"gold":218,"play_id":"b84340e9-59da-4cee-9993-787e45af8815","is_prod":false,"is_daily":false,"is_ascension_mode":true,"campfire_upgraded":6,"path_taken":["M","?","?","?","M","E","R","E","T","R","M","R","E","M","R","BOSS","M","M","M","$","M","E","M","R","T","R","M","R","M","E","R","BOSS","M","?","?","$","?","E","R","E","T","M","?","R","?","M","R","BOSS"],"build_version":"2018-02-02-BETA1","purchased_purges":4,"victory":true,"master_deck":["Defend_G+1","Defend_G","Defend_G+1","Defend_G","Defend_G","Strike_G+1","Strike_G+1","Strike_G","Survivor","Neutralize+1","Glass Knife+1","Backflip","Acrobatics+1","Backflip","Backflip","Glass Knife+1","Slice+1","Apotheosis+1","Backflip+1","Noxious Fumes+1","Dash","Die Die Die","Malaise","Acrobatics","Madness","Madness","Footwork","Acrobatics+1","Flying Knee+1","Flechettes+1","Flechettes+1"],"max_hp_per_floor":[70,70,70,70,70,70,70,70,70,70,70,70,70,70,70,70,70,70,70,70,70,70,70,70,70,77,77,77,77,77,77,77,77,77,77,77,77,77,77,77,77,77,77,77,77,77,77,77,77,77],"relics":["Ring of the Snake","Snake Skull","Whetstone","Vajra","Anchor","Sozu","Pen Nib","Strawberry","Omamori","Cursed Key","Tingsha","Girya","Ginger","Mercury Hourglass","Toolbox"],"card_choices":[{"not_picked":["Well Laid Plans","Quick Slash"],"picked":"Glass Knife"},{"not_picked":["Distraction","Malaise"],"picked":"Backflip"},{"not_picked":["Dagger Throw","Dodge and Roll"],"picked":"Acrobatics"},{"not_picked":["Escape Plan","Slice"],"picked":"Backflip"},{"not_picked":["Expertise","Slice"],"picked":"Backflip"},{"not_picked":["Night Terror","Tactician"],"picked":"Glass Knife"},{"not_picked":["Choke","Underhanded Strike"],"picked":"Slice"},{"not_picked":["Dagger Spray","Flying Knee"],"picked":"Backflip"},{"not_picked":["Bane","Acrobatics"],"picked":"Noxious Fumes"},{"not_picked":["Infinite Blades","Predator"],"picked":"Dash"},{"not_picked":["Unload","Tactician"],"picked":"Die Die Die"},{"not_picked":["All Out Attack","PiercingWail"],"picked":"Malaise"},{"not_picked":["Reflex","Dagger Spray"],"picked":"Acrobatics"},{"not_picked":["Poisoned Stab","PiercingWail"],"picked":"Acrobatics"},{"not_picked":["Bouncing Flask","Bane"],"picked":"Flying Knee"},{"not_picked":["Reflex","Tactician"],"picked":"Flechettes"},{"not_picked":["Backflip","Calculated Gamble"],"picked":"Flechettes"}],"player_experience":122489,"potions_floor_usage":[16,16],"damage_taken":[{"damage":0,"enemies":"Cultist","floor":1,"turns":4},{"damage":0,"enemies":"Blue Slaver","floor":5,"turns":3},{"damage":12,"enemies":"3 Sentries","floor":6,"turns":12},{"damage":25,"enemies":"Lagavulin","floor":8,"turns":9},{"damage":0,"enemies":"Jaw Worm","floor":11,"turns":2},{"damage":14,"enemies":"3 Sentries","floor":13,"turns":7},{"damage":3,"enemies":"Exordium Thugs","floor":14,"turns":3},{"damage":21,"enemies":"Slime Boss","floor":16,"turns":12},{"damage":0,"enemies":"Spheric Guardian","floor":18,"turns":3},{"damage":0,"enemies":"Chosen","floor":19,"turns":3},{"damage":5,"enemies":"Snake Plant","floor":20,"turns":4},{"damage":0,"enemies":"Centurion and Healer","floor":22,"turns":4},{"damage":16,"enemies":"Gremlin Leader","floor":23,"turns":9},{"damage":5,"enemies":"Slaver and Parasite","floor":24,"turns":4},{"damage":0,"enemies":"3 Cultists","floor":28,"turns":4},{"damage":0,"enemies":"Snake Plant","floor":30,"turns":4},{"damage":0,"enemies":"Book of Stabbing","floor":31,"turns":5},{"damage":34,"enemies":"Champ","floor":33,"turns":12},{"damage":0,"enemies":"3 Shapes","floor":35,"turns":4},{"damage":0,"enemies":"Mysterious Sphere","floor":36,"turns":4},{"damage":0,"enemies":"Orb Walker","floor":39,"turns":2},{"damage":0,"enemies":"Giant Head","floor":40,"turns":8},{"damage":0,"enemies":"2 Orb Walkers","floor":42,"turns":4},{"damage":0,"enemies":"Maw","floor":44,"turns":5},{"damage":0,"enemies":"Spire Growth","floor":45,"turns":4},{"damage":12,"enemies":"4 Shapes","floor":48,"turns":3},{"damage":12,"enemies":"Time Eater","floor":50,"turns":11}],"event_choices":[{"event_name":"Golden Shrine","player_choice":"Pray","floor":2,"damage_taken":0},{"event_name":"Shining Light","player_choice":"Entered Light","floor":3,"damage_taken":0},{"event_name":"Mysterious Sphere","player_choice":"Fight","floor":36,"damage_taken":0},{"event_name":"Winding Halls","player_choice":"Embrace Madness","floor":37,"damage_taken":0},{"event_name":"Match and Keep!","player_choice":"0 cards matched","floor":47,"damage_taken":0}],"boss_relics":[{"not_picked":["Ectoplasm","Lizard Tail"],"picked":"Sozu"},{"not_picked":["Eternal Feather","Calling Bell"],"picked":"Cursed Key"}],"potions_floor_spawned":[1,6,16,20,24,28,31,36,39,48],"seed_played":"1612728721959340945","ascension_level":3,"is_trial":false}