{"gold_per_floor":[117,135,49,124,124,157,157,25,25,25,42,42,52,85,85,157,157,172,182,182,182,202,202,237,237,237,137,162,177,177,211,211,288,288,298,353,453,467,467,467,502,521,521,521,541,570,49,49,49,49,49,49,49,6,36,36],"floor_reached":57,"playtime":4192,"items_purged":["Strike_G","Strike_G"],"score":2808,"play_id":"03affb5e-2749-4210-911e-ab45a80a5125","local_time":"20190317200024","is_ascension_mode":true,"campfire_choices":[{"data":"Glass Knife","floor":7.0,"key":"SMITH"},{"data":"Noxious Fumes","floor":10.0,"key":"SMITH"},{"data":"Poisoned Stab","floor":12.0,"key":"SMITH"},{"data":"Malaise","floor":15.0,"key":"SMITH"},{"floor":23.0,"key":"RECALL"},{"floor":25.0,"key":"REST"},{"data":"Survivor","floor":32.0,"key":"SMITH"},{"floor":40.0,"key":"REST"},{"floor":44.0,"key":"REST"},{"floor":49,"key":"REST"},{"floor":53,"key":"REST"}],"neow_cost":"NONE","seed_source_timestamp":37065832458158,"circlet_count":0,"master_deck":["AscendersBane","Defend_G","Defend_G","Defend_G","Defend_G","Defend_G","Strike_G+1","Survivor+1","Neutralize+1","Malaise+1","Flying Knee","Poisoned Stab+1","Noxious Fumes+1","Glass Knife+1","Cloak And Dagger+1","Burst+1","Catalyst+1","Prepared+1","Heel Hook","Crippling Poison+1","Leg Sweep+1","Dodge and Roll+1","Venomology+1","Backflip+1","Leg Sweep+1","Malaise+1","PiercingWail+1","Dodge and Roll+1","Deadly Poison+1","Dark Shackles+1","PiercingWail+1","Venomology+1","Footwork","Burst+1"],"special_seed":0,"relics":["Ring of the Snake","Whetstone","Toxic Egg 2","Dream Catcher","Velvet Choker","Juzu Bracelet","Vajra","Red Mask","Fusion Hammer","Shovel","Tough Bandages","Potion Belt","Mummified Hand","Gremlin Horn","OrangePellets","Snake Skull","Lantern","Anchor"],"potions_floor_usage":[46,46,46,51,51,55,56,56,56,56,56,56,56],"damage_taken":[{"damage":4.0,"enemies":"Cultist","floor":1.0,"turns":4.0},{"damage":0.0,"enemies":"2 Louse","floor":2.0,"turns":3.0},{"damage":12.0,"enemies":"Lagavulin","floor":6.0,"turns":7.0},{"damage":0.0,"enemies":"Small Slimes","floor":11.0,"turns":2.0},{"damage":5.0,"enemies":"3 Louse","floor":13.0,"turns":4.0},{"damage":8.0,"enemies":"3 Sentries","floor":14.0,"turns":6.0},{"damage":4.0,"enemies":"Slime Boss","floor":16.0,"turns":8.0},{"damage":4.0,"enemies":"Spheric Guardian","floor":18.0,"turns":4.0},{"damage":4.0,"enemies":"3 Byrds","floor":19.0,"turns":6.0},{"damage":8.0,"enemies":"Centurion and Healer","floor":22.0,"turns":6.0},{"damage":7.0,"enemies":"Book of Stabbing","floor":24.0,"turns":7.0},{"damage":19.0,"enemies":"Slavers","floor":28.0,"turns":4.0},{"damage":1.0,"enemies":"Snecko","floor":29.0,"turns":5.0},{"damage":0.0,"enemies":"Masked Bandits","floor":31.0,"turns":2.0},{"damage":0.0,"enemies":"Champ","floor":33.0,"turns":12.0},{"damage":0.0,"enemies":"3 Shapes","floor":35.0,"turns":4.0},{"damage":17.0,"enemies":"2 Orb Walkers","floor":36.0,"turns":6.0},{"damage":1.0,"enemies":"Mind Bloom Boss Battle","floor":37.0,"turns":8.0},{"damage":0.0,"enemies":"Orb Walker","floor":38.0,"turns":5.0},{"damage":19.0,"enemies":"Giant Head","floor":41.0,"turns":10.0},{"damage":0.0,"enemies":"4 Shapes","floor":42.0,"turns":6.0},{"damage":4.0,"enemies":"Transient","floor":45.0,"turns":6.0},{"damage":48,"enemies":"Reptomancer","floor":46,"turns":4},{"damage":6,"enemies":"Time Eater","floor":50,"turns":9},{"damage":7,"enemies":"Donu and Deca","floor":51,"turns":11},{"damage":0,"enemies":"Shield and Spear","floor":55,"turns":8},{"damage":80,"enemies":"The Heart","floor":56,"turns":11}],"seed_played":"6909110252851807754","potions_obtained":[{"floor":5.0,"key":"PowerPotion"},{"floor":5.0,"key":"EntropicBrew"},{"floor":11.0,"key":"GhostInAJar"},{"floor":16.0,"key":"Regen Potion"},{"floor":22.0,"key":"AttackPotion"},{"floor":24.0,"key":"GhostInAJar"},{"floor":28.0,"key":"Strength Potion"},{"floor":37.0,"key":"EntropicBrew"},{"floor":41.0,"key":"GamblersBrew"},{"floor":46,"key":"GamblersBrew"}],"is_trial":false,"path_per_floor":["M","M","$","?","?","E","R","$","T","R","M","R","M","E","R","B",null,"M","M","?","?","M","R","E","R","T","$","E","M","?","?","R","B",null,"M","?","?","M","?","R","E","M","T","R","M","E","$","?","R","B","B",null,"R","$","E","B",null],"character_chosen":"THE_SILENT","items_purchased":["Noxious Fumes","PowerPotion","GhostInAJar","OrangePellets","Snake Skull","Poison Potion","Footwork"],"campfire_rested":5,"item_purchase_floors":[3,8,47,47,47,47,54],"current_hp_per_floor":[55,55,55,44,44,32,32,32,32,32,32,32,27,19,19,15,53,49,60,60,60,52,52,45,64,64,64,45,44,26,26,26,26,60,60,43,42,42,37,58,39,39,39,60,56,8,8,8,29,23,16,57,71,71,71,4],"gold":36,"neow_bonus":"ONE_RANDOM_RARE_CARD","is_prod":false,"is_daily":false,"chose_seed":false,"campfire_upgraded":5,"win_rate":0,"timestamp":1552878024,"path_taken":["M","M","$","?","?","E","R","$","T","R","M","R","?","E","R","BOSS","M","M","?","?","M","R","E","R","T","?","E","M","?","?","R","BOSS","M","?","?","M","?","R","E","M","T","R","M","E","$","?","R","BOSS","BOSS","R","$","E","BOSS"],"build_version":"2019-03-15","purchased_purges":2,"victory":true,"max_hp_per_floor":[66,66,66,66,66,66,66,66,66,66,66,66,66,66,66,66,66,66,66,66,66,66,66,66,66,66,66,66,66,71,71,71,71,71,71,71,71,71,71,71,71,71,71,71,71,71,71,71,71,71,71,71,71,71,71,71],"card_choices":[{"not_picked":["Bane","Sucker Punch"],"picked":"Flying Knee","floor":1.0},{"not_picked":["Predator","Bane"],"picked":"Poisoned Stab","floor":2.0},{"not_picked":["Accuracy","Noxious Fumes"],"picked":"Glass Knife","floor":6.0},{"not_picked":["Accuracy","Blade Dance+1"],"picked":"Cloak And Dagger+1","floor":11.0},{"not_picked":["Outmaneuver+1","Tactician+1","Dagger Spray"],"picked":"SKIP","floor":13.0},{"not_picked":["Skewer","Flying Knee","Masterful Stab"],"picked":"SKIP","floor":14.0},{"not_picked":["Glass Knife","Venomology+1"],"picked":"Burst+1","floor":16.0},{"not_picked":["Tactician+1","Endless Agony","Underhanded Strike"],"picked":"SKIP","floor":18.0},{"not_picked":["Blade Dance+1","Sucker Punch"],"picked":"Catalyst+1","floor":19.0},{"not_picked":["Bane","Heel Hook+1","Slice"],"picked":"SKIP","floor":22.0},{"not_picked":["Setup+1","Prepared+1"],"picked":"Leg Sweep+1","floor":24.0},{"not_picked":["Backflip+1","Blade Dance+1"],"picked":"Dodge and Roll+1","floor":25.0},{"not_picked":["Predator","Cloak And Dagger+1"],"picked":"Venomology+1","floor":28.0},{"not_picked":["Riddle With Holes+1","Outmaneuver+1"],"picked":"Backflip+1","floor":29.0},{"not_picked":["Acrobatics+1","Skewer"],"picked":"Leg Sweep+1","floor":31.0},{"not_picked":["A Thousand Cuts","Adrenaline+1"],"picked":"Malaise+1","floor":33.0},{"not_picked":["Outmaneuver+1","Infinite Blades"],"picked":"PiercingWail+1","floor":35.0},{"not_picked":["Deflect+1","Acrobatics+1"],"picked":"Dodge and Roll+1","floor":36.0},{"not_picked":["Burst+1","Outmaneuver+1"],"picked":"Deadly Poison+1","floor":38.0},{"not_picked":["Mind Blast","Violence+1"],"picked":"Dark Shackles+1","floor":39.0},{"not_picked":["Deep Breath+1","Trip+1"],"picked":"Panacea+1","floor":39.0},{"not_picked":["All Out Attack","Quick Slash","Choke"],"picked":"SKIP","floor":41.0},{"not_picked":["Quick Slash+1","Acrobatics+1","Dagger Throw"],"picked":"SKIP","floor":42.0},{"not_picked":["Bane+1","Unload","Acrobatics+1"],"picked":"SKIP","floor":45.0},{"not_picked":["All Out Attack","Cloak And Dagger+1"],"picked":"PiercingWail+1","floor":46},{"not_picked":["Outmaneuver+1","Poisoned Stab+1"],"picked":"Venomology+1","floor":53},{"not_picked":["Sucker Punch","Bouncing Flask+1"],"picked":"Burst+1","floor":55}],"player_experience":1384304,"relics_obtained":[{"floor":6.0,"key":"Whetstone"},{"floor":9.0,"key":"Toxic Egg 2"},{"floor":14.0,"key":"Dream Catcher"},{"floor":24.0,"key":"Juzu Bracelet"},{"floor":28.0,"key":"Vajra"},{"floor":31.0,"key":"Red Mask"},{"floor":36.0,"key":"Shovel"},{"floor":37.0,"key":"Tough Bandages"},{"floor":41.0,"key":"Potion Belt"},{"floor":43.0,"key":"Mummified Hand"},{"floor":46,"key":"Gremlin Horn"},{"floor":55,"key":"Anchor"}],"event_choices":[{"damage_healed":0.0,"max_hp_gain":0.0,"max_hp_loss":0.0,"gold_gain":75.0,"event_name":"World of Goop","player_choice":"Gather Gold","floor":4.0,"gold_loss":0.0,"damage_taken":11.0},{"damage_healed":0.0,"max_hp_gain":0.0,"max_hp_loss":0.0,"gold_gain":0.0,"event_name":"Lab","player_choice":"Got Potions","floor":5.0,"gold_loss":0.0,"damage_taken":0.0},{"damage_healed":0.0,"max_hp_gain":0.0,"max_hp_loss":0.0,"gold_gain":0.0,"cards_transformed":["Strike_G","Strike_G"],"event_name":"Drug Dealer","player_choice":"Became Test Subject","floor":20.0,"gold_loss":0.0,"damage_taken":0.0,"cards_obtained":["Prepared","Heel Hook"]},{"damage_healed":0.0,"max_hp_gain":0.0,"max_hp_loss":0.0,"gold_gain":0.0,"event_name":"The Library","player_choice":"Read","floor":21.0,"gold_loss":0.0,"damage_taken":0.0,"cards_obtained":["Crippling Poison"]},{"damage_healed":0.0,"max_hp_gain":5.0,"max_hp_loss":0.0,"gold_gain":0.0,"event_name":"Forgotten Altar","player_choice":"Shed Blood","floor":30.0,"gold_loss":0.0,"damage_taken":23.0},{"damage_healed":0.0,"max_hp_gain":0.0,"max_hp_loss":0.0,"gold_gain":0.0,"event_name":"Masked Bandits","player_choice":"Fought Bandits","floor":31.0,"gold_loss":0.0,"damage_taken":0.0},{"damage_healed":0.0,"max_hp_gain":0.0,"max_hp_loss":0.0,"gold_gain":0.0,"event_name":"Mysterious Sphere","player_choice":"Fight","floor":36.0,"gold_loss":0.0,"damage_taken":0.0},{"damage_healed":0.0,"max_hp_gain":0.0,"max_hp_loss":0.0,"gold_gain":0.0,"event_name":"MindBloom","player_choice":"Fight","floor":37.0,"gold_loss":0.0,"damage_taken":0.0},{"damage_healed":0.0,"max_hp_gain":0.0,"max_hp_loss":0.0,"gold_gain":0.0,"event_name":"SensoryStone","player_choice":"Memory 2","floor":39.0,"gold_loss":0.0,"damage_taken":5.0},{"cards_removed":["Panacea"],"damage_healed":0,"gold_gain":0,"player_choice":"Gave Card","damage_taken":0,"relics_obtained":["Lantern"],"max_hp_gain":0,"max_hp_loss":0,"event_name":"WeMeetAgain","floor":48,"gold_loss":0}],"is_beta":true,"boss_relics":[{"not_picked":["Calling Bell","Ectoplasm"],"picked":"Velvet Choker"},{"not_picked":["Sozu","Black Star"],"picked":"Fusion Hammer"}],"items_purged_floors":[8,27],"is_endless":false,"potions_floor_spawned":[11,16,22,24,28,37,41,46,55],"ascension_level":20}