{"gold_per_floor":[14,24,24,40,53,53,71,98,98,98,117,47,47,47,47,150,150,168,184,197,207,236,236,151,151,175,175,100,100,100,100],"floor_reached":31,"playtime":1684,"items_purged":["Pain"],"score":282,"play_id":"61c2d664-cad2-4a96-8bff-ae120857e501","local_time":"20190304232951","is_ascension_mode":true,"campfire_choices":[{"data":"Fission","floor":6,"key":"SMITH"},{"data":"1","floor":10,"key":"LIFT"},{"data":"Defragment","floor":15,"key":"SMITH"},{"floor":23,"key":"REST"},{"data":"Buffer","floor":25,"key":"SMITH"},{"data":"Buffer","floor":27,"key":"SMITH"},{"data":"Glacier","floor":29,"key":"SMITH"}],"neow_cost":"NO_GOLD","seed_source_timestamp":1320248638464429,"circlet_count":0,"master_deck":["Strike_B","Strike_B","Strike_B","Defend_B","Defend_B","Defend_B","Defend_B","Zap","Dualcast","Fission+1","Conserve Battery","Glacier+1","Streamline","Steam","Buffer+1","Coolheaded","Echo Form","Defragment+1","Amplify","Go for the Eyes","Buffer+1"],"relics":["Cracked Core","Girya","Gremlin Horn","Cursed Key","Red Mask","Matryoshka","Shuriken","Ancient Tea Set","Regal Pillow"],"potions_floor_usage":[16,22,31,31],"damage_taken":[{"damage":3,"enemies":"2 Louse","floor":1,"turns":2},{"damage":0,"enemies":"Small Slimes","floor":2,"turns":2},{"damage":1,"enemies":"Cultist","floor":4,"turns":4},{"damage":4,"enemies":"Red Slaver","floor":5,"turns":4},{"damage":0,"enemies":"2 Fungi Beasts","floor":7,"turns":3},{"damage":13,"enemies":"Lagavulin","floor":8,"turns":8},{"damage":2,"enemies":"Exordium Wildlife","floor":11,"turns":4},{"damage":6,"enemies":"The Guardian","floor":16,"turns":14},{"damage":0,"enemies":"Spheric Guardian","floor":18,"turns":6},{"damage":0,"enemies":"Shell Parasite","floor":19,"turns":9},{"damage":16,"enemies":"Chosen and Byrds","floor":20,"turns":11},{"damage":0,"enemies":"Snecko","floor":21,"turns":8},{"damage":46,"enemies":"Masked Bandits","floor":22,"turns":7},{"damage":37,"enemies":"Centurion and Healer","floor":31,"turns":16}],"seed_played":"2527954706293171293","potions_obtained":[{"floor":4,"key":"PowerPotion"},{"floor":7,"key":"GamblersBrew"},{"floor":11,"key":"Explosive Potion"},{"floor":16,"key":"FearPotion"},{"floor":19,"key":"Poison Potion"},{"floor":22,"key":"Weak Potion"}],"is_trial":false,"path_per_floor":["M","M","$","M","M","R","M","E","T","R","M","$","?","?","R","B",null,"M","M","M","M","?","R","?","R","T","R","$","R","?","M"],"character_chosen":"DEFECT","items_purchased":["Defragment"],"campfire_rested":1,"item_purchase_floors":[12],"current_hp_per_floor":[72,72,72,71,67,67,67,54,54,54,52,52,52,45,45,39,75,75,75,59,59,13,35,35,35,35,35,35,35,35,0],"gold":100,"neow_bonus":"THREE_RARE_CARDS","is_prod":false,"is_daily":false,"chose_seed":false,"campfire_upgraded":5,"win_rate":0,"timestamp":1551760191,"path_taken":["M","M","$","M","M","R","M","E","T","R","M","$","?","?","R","BOSS","M","M","M","M","?","R","?","R","T","R","$","R","?","?"],"build_version":"2019-01-23","purchased_purges":1,"victory":false,"max_hp_per_floor":[75,75,75,75,75,75,75,75,75,75,75,75,75,75,75,75,75,75,75,75,75,75,75,75,75,75,75,75,75,75,75],"card_choices":[{"not_picked":["Reboot","Amplify"],"picked":"Fission","floor":0},{"not_picked":["Aggregate","Double Energy"],"picked":"Conserve Battery","floor":1},{"not_picked":["Gash","Cold Snap"],"picked":"Glacier","floor":2},{"not_picked":["Lockon","Cold Snap"],"picked":"Streamline","floor":4},{"not_picked":["Undo","Gash"],"picked":"Steam","floor":5},{"not_picked":["Cold Snap","Stack"],"picked":"Buffer","floor":7},{"not_picked":["Stack","Sunder"],"picked":"Coolheaded","floor":8},{"not_picked":["Recycle","Beam Cell"],"picked":"Echo Form","floor":11},{"not_picked":["Seek","Reboot"],"picked":"Amplify","floor":16},{"not_picked":["Conserve Battery","Streamline","Hello World"],"picked":"SKIP","floor":18},{"not_picked":["Stack+1","Coolheaded"],"picked":"Go for the Eyes","floor":19},{"not_picked":["Redo","Defragment"],"picked":"Buffer","floor":20},{"not_picked":["Tempest","Gash","Hologram"],"picked":"SKIP","floor":21}],"player_experience":235491,"relics_obtained":[{"floor":8,"key":"Girya"},{"floor":9,"key":"Gremlin Horn"},{"floor":22,"key":"Red Mask"},{"floor":26,"key":"Shuriken"},{"floor":26,"key":"Ancient Tea Set"}],"event_choices":[{"damage_healed":0,"gold_gain":0,"player_choice":"Ignored","damage_taken":0,"max_hp_gain":0,"max_hp_loss":0,"event_name":"Liars Game","floor":13,"gold_loss":0},{"cards_removed":["Strike_B"],"damage_healed":0,"gold_gain":0,"player_choice":"Card Removal","damage_taken":7,"max_hp_gain":0,"max_hp_loss":0,"event_name":"Golden Wing","floor":14,"gold_loss":0},{"damage_healed":0,"gold_gain":0,"player_choice":"Fought Bandits","damage_taken":0,"max_hp_gain":0,"max_hp_loss":0,"event_name":"Masked Bandits","floor":22,"gold_loss":0},{"damage_healed":0,"gold_gain":0,"player_choice":"Obtained Relic","damage_taken":0,"relics_obtained":["Matryoshka"],"max_hp_gain":0,"max_hp_loss":0,"event_name":"Addict","floor":24,"gold_loss":85},{"damage_healed":0,"gold_gain":0,"player_choice":"Gave Potion","damage_taken":0,"relics_obtained":["Regal Pillow"],"max_hp_gain":0,"max_hp_loss":0,"event_name":"WeMeetAgain","floor":30,"gold_loss":0}],"is_beta":false,"boss_relics":[{"not_picked":["Runic Dome","Runic Pyramid"],"picked":"Cursed Key"}],"items_purged_floors":[28],"is_endless":false,"potions_floor_spawned":[4,7,11,16,19,22],"killed_by":"Centurion and Healer","ascension_level":4}