{"gold_per_floor":[109,127,147,102,115,115,146,146,195,195,230,330,17,28,28,133,133,149,136,136,136],"floor_reached":21,"playtime":1478,"items_purged":["Strike_G"],"score":208,"play_id":"5f83adb5-87e8-4a0e-9435-c58fece26994","local_time":"20190219232919","is_ascension_mode":true,"campfire_choices":[{"data":"Neutralize","floor":6,"key":"SMITH"},{"floor":8,"key":"REST"},{"data":"Flying Knee","floor":10,"key":"SMITH"},{"floor":15,"key":"REST"}],"neow_cost":"NONE","seed_source_timestamp":40416108754100,"circlet_count":0,"master_deck":["Defend_G","Defend_G","Defend_G","Defend_G","Defend_G","Strike_G","Strike_G","Strike_G","Strike_G","Survivor","Neutralize+1","Acrobatics","Flying Knee+1","Night Terror","Noxious Fumes","Dagger Spray","Adrenaline","Backflip","A Thousand Cuts","Bane"],"relics":["Ring of the Serpent","NeowsBlessing","Shuriken","Centennial Puzzle","PreservedInsect"],"potions_floor_usage":[7,21],"damage_taken":[{"damage":0,"enemies":"Cultist","floor":1,"turns":1},{"damage":0,"enemies":"2 Louse","floor":2,"turns":1},{"damage":0,"enemies":"Small Slimes","floor":3,"turns":1},{"damage":5,"enemies":"Looter","floor":4,"turns":5},{"damage":17,"enemies":"Lots of Slimes","floor":5,"turns":7},{"damage":41,"enemies":"Lagavulin","floor":7,"turns":12},{"damage":10,"enemies":"3 Sentries","floor":11,"turns":8},{"damage":32,"enemies":"Gremlin Gang","floor":14,"turns":5},{"damage":4,"enemies":"The Guardian","floor":16,"turns":12},{"damage":31,"enemies":"Shell Parasite","floor":18,"turns":8},{"damage":20,"enemies":"2 Thieves","floor":19,"turns":4},{"damage":21,"enemies":"Snake Plant","floor":21,"turns":5}],"seed_played":"-5330925967238581815","potions_obtained":[{"floor":1,"key":"Regen Potion"},{"floor":14,"key":"SpeedPotion"},{"floor":16,"key":"Dexterity Potion"}],"is_trial":false,"path_per_floor":["M","?","M","?"],"character_chosen":"THE_SILENT","items_purchased":["Noxious Fumes","Dagger Spray","Adrenaline"],"campfire_rested":2,"item_purchase_floors":[13,13,13],"current_hp_per_floor":[70,70,70,65,48,48,22,43,43,43,33,33,33,1,22,18,70,39,19,19,0],"gold":136,"neow_bonus":"THREE_ENEMY_KILL","is_prod":false,"is_daily":false,"chose_seed":false,"campfire_upgraded":2,"win_rate":0,"timestamp":1550636959,"path_taken":["M","M","?","M","M","R","E","R","T","R","E","?","$","?","R","BOSS","M","M","?","M"],"build_version":"2019-01-23","purchased_purges":1,"victory":false,"max_hp_per_floor":[70,70,70,70,70,70,70,70,70,70,70,70,70,70,70,70,70,70,70,70,70],"card_choices":[{"not_picked":["Setup","Finisher","Underhanded Strike"],"picked":"SKIP","floor":1},{"not_picked":["Bane","Flechettes"],"picked":"Acrobatics","floor":2},{"not_picked":["Setup","Dagger Throw","Distraction"],"picked":"SKIP","floor":3},{"not_picked":["Infinite Blades","Dodge and Roll","Eviscerate"],"picked":"SKIP","floor":4},{"not_picked":["Deadly Poison","PiercingWail","Blade Dance"],"picked":"SKIP","floor":5},{"not_picked":["Blade Dance","Bane"],"picked":"Flying Knee","floor":7},{"not_picked":["Prepared","Bane"],"picked":"Night Terror","floor":11},{"not_picked":["Concentrate","Flying Knee"],"picked":"Backflip","floor":14},{"not_picked":["Corpse Explosion","Phantasmal Killer"],"picked":"A Thousand Cuts","floor":16},{"not_picked":["Reflex","Poisoned Stab","Sucker Punch+1"],"picked":"SKIP","floor":18},{"not_picked":["Choke","Endless Agony+1","PiercingWail"],"picked":"SKIP","floor":19}],"player_experience":109170,"relics_obtained":[{"floor":7,"key":"Shuriken"},{"floor":9,"key":"Centennial Puzzle"},{"floor":11,"key":"PreservedInsect"}],"event_choices":[{"damage_healed":0,"gold_gain":100,"player_choice":"Gold","damage_taken":0,"max_hp_gain":0,"max_hp_loss":0,"event_name":"Wheel of Change","floor":12,"gold_loss":0},{"damage_healed":0,"gold_gain":0,"player_choice":"Read","damage_taken":0,"max_hp_gain":0,"max_hp_loss":0,"event_name":"The Library","floor":20,"gold_loss":0,"cards_obtained":["Bane"]}],"is_beta":false,"boss_relics":[{"not_picked":["Eternal Feather","Calling Bell"],"picked":"Ring of the Serpent"}],"items_purged_floors":[13],"is_endless":false,"potions_floor_spawned":[1,14,16],"killed_by":"Snake Plant","ascension_level":2}