{"gold_per_floor":[109,123,139,150,150,178,178,197,197,228,238,248,248,1,1,126,126,151,151,62,75,89,129,48,48,48,48,92,92,92,92,92,211,211,226,246,262,262,0,44,68,68,95,120,120,139,157,172,172,172,172,172,0,0],"floor_reached":54,"playtime":5293,"items_purged":["Injury"],"score":1070,"play_id":"eb9ee97f-9ab5-4f05-aee5-93cde23315c6","local_time":"20190106172832","is_ascension_mode":true,"campfire_choices":[{"data":"Glass Knife","floor":7.0,"key":"SMITH"},{"data":"Footwork","floor":15.0,"key":"SMITH"},{"floor":25.0,"key":"REST"},{"floor":27.0,"key":"REST"},{"floor":29.0,"key":"REST"},{"floor":32,"key":"RECALL"},{"floor":45,"key":"REST"},{"floor":49,"key":"REST"},{"floor":52,"key":"REST"}],"neow_cost":"NONE","seed_source_timestamp":0,"circlet_count":0,"master_deck":["Defend_G","Defend_G","Defend_G","Defend_G","Survivor","Neutralize","Poisoned Stab","Dash","PiercingWail","Glass Knife+1","Predator","Deadly Poison","Finisher","Blur+1","Noxious Fumes","Footwork+1","PiercingWail+1","Burst+1","Madness+1","Adrenaline+1","Calculated Gamble+1","Malaise+1","Madness+1","Crippling Poison+1","Blade Dance+1","Cloak And Dagger+1","PanicButton+1","Catalyst+1","Bite","Bite","Bite","Bite","A Thousand Cuts","Blade Dance+1","Poisoned Stab+1","Cloak And Dagger+1","Noxious Fumes+1","Noxious Fumes+1","Catalyst+1","Blur+1","Noxious Fumes+1","Panacea+1","Infinite Blades","Dodge and Roll+1"],"special_seed":0,"relics":["Ring of the Serpent","Centennial Puzzle","Toxic Egg 2","Sundial","Gremlin Horn","Golden Idol","Fusion Hammer","Letter Opener","Ornamental Fan","Darkstone Periapt","Mummified Hand","Red Mask","Smiling Mask"],"potions_floor_usage":[47,54],"damage_taken":[{"damage":0.0,"enemies":"Jaw Worm","floor":1.0,"turns":3.0},{"damage":1.0,"enemies":"Cultist","floor":2.0,"turns":3.0},{"damage":0.0,"enemies":"2 Louse","floor":3.0,"turns":3.0},{"damage":1.0,"enemies":"Gremlin Gang","floor":4.0,"turns":8.0},{"damage":0.0,"enemies":"Gremlin Nob","floor":6.0,"turns":2.0},{"damage":8.0,"enemies":"3 Louse","floor":8.0,"turns":2.0},{"damage":20.0,"enemies":"3 Sentries","floor":10.0,"turns":7.0},{"damage":0.0,"enemies":"Exordium Wildlife","floor":11.0,"turns":2.0},{"damage":0.0,"enemies":"Blue Slaver","floor":12.0,"turns":2.0},{"damage":0.0,"enemies":"Hexaghost","floor":16.0,"turns":11.0},{"damage":0.0,"enemies":"Chosen","floor":18.0,"turns":4.0},{"damage":28.0,"enemies":"3 Byrds","floor":21.0,"turns":4.0},{"damage":21.0,"enemies":"Snake Plant","floor":22.0,"turns":4.0},{"damage":4.0,"enemies":"Gremlin Leader","floor":23.0,"turns":6.0},{"damage":2.0,"enemies":"Slavers","floor":28.0,"turns":3.0},{"damage":13,"enemies":"Automaton","floor":33,"turns":8},{"damage":13,"enemies":"3 Darklings","floor":35,"turns":4},{"damage":0,"enemies":"3 Shapes","floor":36,"turns":2},{"damage":2,"enemies":"Maw","floor":37,"turns":4},{"damage":28,"enemies":"Giant Head","floor":40,"turns":9},{"damage":0,"enemies":"3 Darklings","floor":41,"turns":3},{"damage":3,"enemies":"Jaw Worm Horde","floor":44,"turns":3},{"damage":0,"enemies":"Sphere and 2 Shapes","floor":46,"turns":4},{"damage":0,"enemies":"4 Shapes","floor":47,"turns":3},{"damage":3,"enemies":"Maw","floor":48,"turns":6},{"damage":22,"enemies":"Awakened One","floor":50,"turns":10},{"damage":66,"enemies":"Shield and Spear","floor":54,"turns":3}],"seed_played":"-7344735182149258488","potions_obtained":[{"floor":1.0,"key":"Poison Potion"},{"floor":3.0,"key":"FearPotion"},{"floor":8.0,"key":"EssenceOfSteel"},{"floor":12.0,"key":"Ancient Potion"},{"floor":16.0,"key":"FearPotion"},{"floor":18.0,"key":"GamblersBrew"},{"floor":23.0,"key":"Poison Potion"},{"floor":40,"key":"Strength Potion"},{"floor":46,"key":"GamblersBrew"},{"floor":47,"key":"Explosive Potion"},{"floor":48,"key":"Dexterity Potion"}],"is_trial":false,"path_per_floor":["M","M","M","M","?","E","R","M","T","E","M","M","?","$","R","B",null,"M","?","$","M","M","E","$","R","T","R","E","R","?","T","R","B",null,"M","M","M","?","?","E","M","?","T","M","R","M","M","M","R","B",null,"R","$","E"],"character_chosen":"THE_SILENT","items_purchased":["Burst+1","Madness+1","Madness+1","PanicButton+1","Panacea+1","Infinite Blades","Dodge and Roll+1"],"campfire_rested":6,"item_purchase_floors":[14,14,20,24,53,53,53],"current_hp_per_floor":[70,69,69,68,68,68,68,60,60,40,40,40,40,40,40,40,63,63,63,63,35,14,10,10,31,31,52,50,70,49,49,49,44,48,43,49,49,49,49,25,29,49,49,49,49,49,49,48,49,43,48,49,49,0],"gold":0,"neow_bonus":"RANDOM_COMMON_RELIC","is_prod":false,"is_daily":false,"chose_seed":false,"campfire_upgraded":2,"win_rate":0,"timestamp":1546824512,"path_taken":["M","M","M","M","?","E","R","M","T","E","M","?","?","$","R","BOSS","M","?","$","M","?","E","$","R","T","R","E","R","?","?","R","BOSS","M","M","M","?","?","E","M","?","T","M","R","M","M","M","R","BOSS","R","$","E"],"build_version":"2019-01-03v4","purchased_purges":1,"victory":false,"max_hp_per_floor":[70,70,70,70,70,70,70,70,70,70,70,70,70,70,70,70,70,70,70,70,70,70,70,70,70,70,70,70,70,49,49,49,49,49,49,49,49,49,49,49,49,49,49,49,49,49,49,49,49,49,49,49,49,49],"card_choices":[{"not_picked":["Expertise","Reflex"],"picked":"Poisoned Stab","floor":1.0},{"not_picked":["Dagger Spray","Blur"],"picked":"Dash","floor":2.0},{"not_picked":["Quick Slash","Backflip"],"picked":"PiercingWail","floor":3.0},{"not_picked":["Flechettes","Caltrops"],"picked":"Glass Knife","floor":4.0},{"not_picked":["Bane","Quick Slash"],"picked":"Finisher","floor":6.0},{"not_picked":["Blade Dance+1","Outmaneuver+1"],"picked":"Blur+1","floor":8.0},{"not_picked":["Choke","Eviscerate"],"picked":"Noxious Fumes","floor":10.0},{"not_picked":["Setup+1","Dodge and Roll+1"],"picked":"Footwork","floor":11.0},{"not_picked":["Sucker Punch","Dagger Spray"],"picked":"PiercingWail+1","floor":12.0},{"not_picked":["Die Die Die","A Thousand Cuts"],"picked":"Adrenaline+1","floor":16.0},{"not_picked":["Endless Agony+1","Footwork"],"picked":"Calculated Gamble+1","floor":18.0},{"not_picked":["Backflip+1","Blade Dance+1"],"picked":"Crippling Poison+1","floor":21.0},{"not_picked":["Slice+1","Quick Slash"],"picked":"Blade Dance+1","floor":22.0},{"not_picked":["All Out Attack","Deadly Poison+1"],"picked":"Cloak And Dagger+1","floor":23.0},{"not_picked":["Poisoned Stab","Underhanded Strike"],"picked":"Catalyst+1","floor":28.0},{"not_picked":["Tools of the Trade","Unload"],"picked":"A Thousand Cuts","floor":33},{"not_picked":["Flying Knee","All Out Attack+1"],"picked":"Blade Dance+1","floor":35},{"not_picked":["Bane","Predator"],"picked":"Reflex+1","floor":36},{"not_picked":["Quick Slash","Outmaneuver+1"],"picked":"Poisoned Stab+1","floor":37},{"not_picked":["Dagger Throw","Dodge and Roll+1"],"picked":"Cloak And Dagger+1","floor":40},{"not_picked":["Skewer","Finisher"],"picked":"Noxious Fumes+1","floor":41},{"not_picked":["Terror+1","Deflect+1"],"picked":"Noxious Fumes+1","floor":44},{"not_picked":["Deadly Poison+1","Grand Finale"],"picked":"Catalyst+1","floor":46},{"not_picked":["Outmaneuver+1","Bane"],"picked":"Blur+1","floor":47},{"not_picked":["Leg Sweep+1","Slice"],"picked":"Noxious Fumes+1","floor":48}],"player_experience":174410,"relics_obtained":[{"floor":6.0,"key":"Toxic Egg 2"},{"floor":9.0,"key":"Sundial"},{"floor":10.0,"key":"Gremlin Horn"},{"floor":23.0,"key":"Letter Opener"},{"floor":26.0,"key":"Ornamental Fan"},{"floor":28.0,"key":"Darkstone Periapt"},{"floor":31.0,"key":"Mummified Hand"},{"floor":40,"key":"Smiling Mask"}],"event_choices":[{"damage_healed":0.0,"max_hp_gain":0.0,"max_hp_loss":0.0,"gold_gain":0.0,"event_name":"Match and Keep!","player_choice":"2 cards matched","floor":5.0,"gold_loss":0.0,"damage_taken":0.0,"cards_obtained":["Predator","Deadly Poison"]},{"damage_healed":0.0,"max_hp_gain":0.0,"max_hp_loss":0.0,"gold_gain":0.0,"event_name":"Golden Idol","player_choice":"Take Wound","floor":13.0,"gold_loss":0.0,"damage_taken":0.0,"relics_obtained":["Golden Idol"],"cards_obtained":["Injury"]},{"damage_healed":0.0,"max_hp_gain":0.0,"max_hp_loss":0.0,"gold_gain":0.0,"cards_transformed":["Defend_G"],"event_name":"Transmorgrifier","player_choice":"Transformed","floor":19.0,"gold_loss":0.0,"damage_taken":0.0,"cards_obtained":["Malaise"]},{"damage_healed":0.0,"max_hp_gain":0.0,"max_hp_loss":21.0,"gold_gain":0.0,"event_name":"Vampires","player_choice":"Became a vampire","floor":30.0,"gold_loss":0.0,"damage_taken":0.0,"cards_obtained":["Bite","Bite","Bite","Bite","Bite"]},{"cards_removed":["Bite"],"damage_healed":0,"gold_gain":0,"player_choice":"Removed Attack","damage_taken":0,"max_hp_gain":0,"max_hp_loss":0,"event_name":"Falling","floor":38,"gold_loss":0},{"damage_healed":0,"gold_gain":0,"player_choice":"Paid","damage_taken":0,"relics_obtained":["Red Mask"],"max_hp_gain":0,"max_hp_loss":0,"event_name":"Tomb of Lord Red Mask","floor":39,"gold_loss":262},{"cards_removed":["Reflex"],"damage_healed":20,"gold_gain":0,"player_choice":"Offered Uncommon","damage_taken":0,"max_hp_gain":0,"max_hp_loss":0,"event_name":"Bonfire Elementals","floor":42,"gold_loss":0}],"is_beta":false,"boss_relics":[{"not_picked":["Tiny House","Calling Bell"],"picked":"Fusion Hammer"},{"not_picked":["Philosopher\u0027s Stone","Black Star"],"picked":"Ring of the Serpent"}],"items_purged_floors":[14],"is_endless":false,"potions_floor_spawned":[1,3,8,12,16,18,23,40,46,47,48],"killed_by":"Shield and Spear","ascension_level":5}