{"gold_per_floor":[117,131,148,167,182,205,215,225,225,225,259,277,303,320,320,391,391,402,44,44,44,57,85,100,114,114,114,134,134,145,157,157,228,228,247,266,284,294,308,339,339,223,223,223,223],"floor_reached":45,"playtime":6360,"items_purged":["Strike_R"],"score":1124,"play_id":"4ef45425-c0cb-4294-9101-88bcc761e2ae","local_time":"20181107152342","is_ascension_mode":true,"campfire_choices":[{"data":"Armaments","floor":10.0,"key":"SMITH"},{"data":"Corruption","floor":15.0,"key":"SMITH"},{"data":"Demon Form","floor":32.0,"key":"SMITH"}],"neow_cost":"NONE","seed_source_timestamp":0,"circlet_count":0,"master_deck":["AscendersBane","Strike_R+1","Strike_R+1","Defend_R+1","Defend_R+1","Defend_R+1","Defend_R+1","Bash","Headbutt","Iron Wave","Shrug It Off","Armaments+1","Pommel Strike","Corruption+1","Clothesline","Reaper","Power Through+1","Demon Form+1","Headbutt","Pommel Strike+1","Shockwave+1","Havoc+1","Havoc","Ghostly Armor","Exhume","Pommel Strike","Burning Pact","Pommel Strike","Armaments+1","Entrench","True Grit","Secret Technique","Power Through","Flame Barrier","Doubt"],"special_seed":0,"relics":["Coffee Dripper","Ancient Tea Set","Shuriken","Centennial Puzzle","War Paint","Runic Dome","Bottled Tornado","Enchiridion","Regal Pillow","Sundial","Empty Cage","Dream Catcher","Kunai"],"potions_floor_usage":[],"damage_taken":[{"damage":0.0,"enemies":"Cultist","floor":1.0,"turns":3.0},{"damage":1.0,"enemies":"2 Louse","floor":2.0,"turns":3.0},{"damage":8.0,"enemies":"Small Slimes","floor":3.0,"turns":2.0},{"damage":4.0,"enemies":"Red Slaver","floor":4.0,"turns":3.0},{"damage":1.0,"enemies":"Looter","floor":5.0,"turns":3.0},{"damage":0.0,"enemies":"Gremlin Gang","floor":7.0,"turns":4.0},{"damage":0.0,"enemies":"2 Fungi Beasts","floor":8.0,"turns":3.0},{"damage":6.0,"enemies":"Gremlin Nob","floor":11.0,"turns":3.0},{"damage":3.0,"enemies":"Blue Slaver","floor":12.0,"turns":3.0},{"damage":2.0,"enemies":"Lagavulin","floor":13.0,"turns":6.0},{"damage":0.0,"enemies":"Large Slime","floor":14.0,"turns":5.0},{"damage":12.0,"enemies":"Hexaghost","floor":16.0,"turns":9.0},{"damage":21.0,"enemies":"Chosen","floor":18.0,"turns":4.0},{"damage":9.0,"enemies":"3 Byrds","floor":22.0,"turns":5.0},{"damage":31.0,"enemies":"Book of Stabbing","floor":23.0,"turns":6.0},{"damage":0.0,"enemies":"3 Cultists","floor":24.0,"turns":3.0},{"damage":1.0,"enemies":"Centurion and Healer","floor":25.0,"turns":4.0},{"damage":8.0,"enemies":"Sentry and Sphere","floor":28.0,"turns":4.0},{"damage":5.0,"enemies":"Chosen and Byrds","floor":30.0,"turns":6.0},{"damage":0.0,"enemies":"Snecko","floor":31.0,"turns":4.0},{"damage":5.0,"enemies":"Champ","floor":33.0,"turns":6.0},{"damage":0,"enemies":"3 Shapes","floor":35,"turns":5},{"damage":18,"enemies":"3 Darklings","floor":36,"turns":4},{"damage":29,"enemies":"Transient","floor":37,"turns":6},{"damage":19,"enemies":"4 Shapes","floor":38,"turns":5},{"damage":7,"enemies":"Sphere and 2 Shapes","floor":39,"turns":6},{"damage":33,"enemies":"Giant Head","floor":40,"turns":6},{"damage":82,"enemies":"Reptomancer","floor":45,"turns":2}],"seed_played":"2101575136298996652","potions_obtained":[{"floor":1.0,"key":"SkillPotion"},{"floor":3.0,"key":"SkillPotion"},{"floor":4.0,"key":"PowerPotion"},{"floor":7.0,"key":"Explosive Potion"},{"floor":8.0,"key":"Block Potion"},{"floor":13.0,"key":"Strength Potion"},{"floor":22.0,"key":"PowerPotion"},{"floor":25.0,"key":"LiquidBronze"},{"floor":28.0,"key":"FearPotion"},{"floor":30.0,"key":"Strength Potion"},{"floor":31.0,"key":"Strength Potion"},{"floor":36,"key":"PowerPotion"}],"is_trial":false,"path_per_floor":["M","M","M","M","M","T","M","M","T","R","E","M","E","M","R","B",null,"M","$","?","?","M","E","M","M","T","?","M","?","M","M","R","B",null,"M","M","M","M","M","E","?","$","T","?","E"],"character_chosen":"IRONCLAD","items_purchased":["Bottled Tornado","Power Through","Flame Barrier"],"campfire_rested":0,"item_purchase_floors":[19,42,42],"current_hp_per_floor":[68,67,59,55,54,54,54,54,54,54,48,45,43,49,49,37,66,61,61,61,40,45,14,43,61,61,47,57,57,67,75,75,70,74,74,75,63,53,46,13,13,13,13,75,0],"gold":223,"neow_bonus":"BOSS_RELIC","is_prod":false,"is_daily":false,"chose_seed":false,"campfire_upgraded":3,"win_rate":0,"timestamp":1541597022,"path_taken":["M","M","M","M","M","?","M","M","T","R","E","?","E","M","R","BOSS","M","$","?","?","M","E","M","M","T","?","?","?","M","?","R","BOSS","M","M","M","M","M","E","?","$","T","?","E"],"build_version":"2018-11-06","purchased_purges":1,"victory":false,"max_hp_per_floor":[75,75,75,75,75,75,75,75,75,75,75,75,75,75,75,75,75,75,75,75,75,75,75,75,75,75,75,75,75,75,75,75,75,75,75,75,75,75,75,75,75,75,75,75,75],"card_choices":[{"not_picked":["Second Wind","Flex"],"picked":"Headbutt","floor":1.0},{"not_picked":["Blood for Blood","Sever Soul"],"picked":"Iron Wave","floor":2.0},{"not_picked":["Pummel","Body Slam"],"picked":"Shrug It Off","floor":3.0},{"not_picked":["Havoc","Pommel Strike"],"picked":"Armaments","floor":4.0},{"not_picked":["Rampage","Flex"],"picked":"Pommel Strike","floor":5.0},{"not_picked":["Wild Strike","Uppercut"],"picked":"Corruption","floor":7.0},{"not_picked":["Anger","Sever Soul"],"picked":"Clothesline","floor":8.0},{"not_picked":["Wild Strike","Rampage","Combust"],"picked":"SKIP","floor":11.0},{"not_picked":["Headbutt","Cleave"],"picked":"Reaper","floor":12.0},{"not_picked":["Twin Strike","Iron Wave"],"picked":"Power Through","floor":13.0},{"not_picked":["Heavy Blade","Headbutt","Armaments"],"picked":"SKIP","floor":14.0},{"not_picked":["Double Tap","Dark Embrace"],"picked":"Demon Form","floor":16.0},{"not_picked":["Entrench","Seeing Red"],"picked":"Headbutt","floor":18.0},{"not_picked":["Clash","Clothesline+1"],"picked":"Pommel Strike+1","floor":22.0},{"not_picked":["Perfected Strike","Uppercut"],"picked":"Shockwave+1","floor":23.0},{"not_picked":["Berserk","Clothesline","Spot Weakness"],"picked":"SKIP","floor":24.0},{"not_picked":["Anger","Dual Wield"],"picked":"Havoc+1","floor":25.0},{"not_picked":["Body Slam","Uppercut"],"picked":"Havoc","floor":28.0},{"not_picked":["Headbutt","Wild Strike","Immolate"],"picked":"SKIP","floor":30.0},{"not_picked":["Thunderclap","Sever Soul"],"picked":"Ghostly Armor","floor":31.0},{"not_picked":["Feed","Immolate"],"picked":"Exhume","floor":33.0},{"not_picked":["Perfected Strike","Armaments"],"picked":"Pommel Strike","floor":35},{"not_picked":["Second Wind","Body Slam"],"picked":"Burning Pact","floor":36},{"not_picked":["Anger","Flex+1"],"picked":"Pommel Strike","floor":37},{"not_picked":["Heavy Blade","Thunderclap"],"picked":"Armaments+1","floor":38},{"not_picked":["Rampage","Uppercut"],"picked":"Entrench","floor":39},{"not_picked":["Searing Blow","Twin Strike+1"],"picked":"True Grit","floor":40},{"not_picked":["Dark Shackles","Panache"],"picked":"Secret Technique","floor":41}],"player_experience":621794,"relics_obtained":[{"floor":6.0,"key":"Ancient Tea Set"},{"floor":9.0,"key":"Shuriken"},{"floor":11.0,"key":"Centennial Puzzle"},{"floor":13.0,"key":"War Paint"},{"floor":21.0,"key":"Enchiridion"},{"floor":23.0,"key":"Regal Pillow"},{"floor":26.0,"key":"Sundial"},{"floor":40,"key":"Dream Catcher"},{"floor":43,"key":"Kunai"}],"event_choices":[{"damage_healed":0.0,"max_hp_gain":0.0,"max_hp_loss":0.0,"gold_gain":0.0,"event_name":"Back to Basics","player_choice":"Simplicity","floor":20.0,"gold_loss":0.0,"damage_taken":0.0,"cards_upgraded":["Strike_R","Strike_R","Strike_R","Strike_R","Defend_R","Defend_R","Defend_R"]},{"damage_healed":0.0,"max_hp_gain":0.0,"max_hp_loss":0.0,"gold_gain":0.0,"event_name":"Cursed Tome","player_choice":"Obtained Book","floor":21.0,"gold_loss":0.0,"damage_taken":21.0},{"damage_healed":0.0,"max_hp_gain":0.0,"max_hp_loss":0.0,"gold_gain":0.0,"event_name":"Knowing Skull","player_choice":"POTION ","floor":27.0,"potions_obtained":["SpeedPotion"],"gold_loss":0.0,"damage_taken":14.0,"cards_obtained":[]},{"damage_healed":0.0,"max_hp_gain":0.0,"max_hp_loss":0.0,"gold_gain":0.0,"event_name":"N\u0027loth","player_choice":"Ignored","floor":29.0,"gold_loss":0.0,"damage_taken":0.0},{"damage_healed":0,"gold_gain":0,"player_choice":"Memory 1","damage_taken":0,"max_hp_gain":0,"max_hp_loss":0,"event_name":"SensoryStone","floor":41,"gold_loss":0},{"damage_healed":62,"gold_gain":0,"player_choice":"Heal","damage_taken":0,"max_hp_gain":0,"max_hp_loss":0,"event_name":"MindBloom","floor":44,"gold_loss":0,"cards_obtained":["Doubt"]}],"is_beta":true,"boss_relics":[{"not_picked":["Lizard Tail","Philosopher\u0027s Stone"],"picked":"Runic Dome"},{"not_picked":["Astrolabe","Velvet Choker"],"picked":"Empty Cage"}],"items_purged_floors":[19],"is_endless":false,"potions_floor_spawned":[1,3,4,7,8,13,22,25,28,30,31,36,39,40],"killed_by":"Reptomancer","ascension_level":20}