{"gold_per_floor":[118,118,118,138,148,148,163,198,275,275,286,4,24,42,42,146,146,163,152,152,152,169,169,200,200,225,235,150,150,181,201,201,304,304,317,417,417,429,429,429,429],"floor_reached":41,"playtime":2224,"items_purged":[],"score":566,"play_id":"51c09915-86b0-4258-b061-dd16216e3701","local_time":"20190308221405","is_ascension_mode":true,"campfire_choices":[{"data":"Armaments","floor":6,"key":"SMITH"},{"floor":10,"key":"REST"},{"floor":15,"key":"REST"},{"data":"Disarm","floor":23,"key":"SMITH"},{"floor":25,"key":"REST"},{"floor":32,"key":"REST"},{"data":"Limit Break","floor":40,"key":"SMITH"}],"neow_cost":"NONE","seed_source_timestamp":1660761595309528,"circlet_count":0,"master_deck":["Defend_R","Defend_R","Defend_R","Defend_R","Bash","Armaments+1","Berserk","Metallicize","Ghostly Armor","Sword Boomerang","Spot Weakness","Fiend Fire","Juggernaut","Combust","Metallicize","Clothesline","Exhume","Flex","Bite","Bite","Bite","Bite","Bite","Limit Break+1","Metallicize","Intimidate","Heavy Blade","Intimidate+1","Madness","Madness","Shrug It Off"],"relics":["Burning Blood","Charon\u0027s Ashes","OrangePellets","Mark of Pain","Ancient Tea Set","Oddly Smooth Stone","Orichalcum","The Courier","Orrery","FossilizedHelix"],"potions_floor_usage":[8,24,41],"damage_taken":[{"damage":12,"enemies":"Small Slimes","floor":1,"turns":4},{"damage":7,"enemies":"Jaw Worm","floor":4,"turns":4},{"damage":4,"enemies":"Cultist","floor":5,"turns":4},{"damage":10,"enemies":"Blue Slaver","floor":7,"turns":5},{"damage":81,"enemies":"Gremlin Nob","floor":8,"turns":8},{"damage":8,"enemies":"3 Louse","floor":11,"turns":4},{"damage":10,"enemies":"Exordium Thugs","floor":13,"turns":4},{"damage":7,"enemies":"Large Slime","floor":14,"turns":4},{"damage":24,"enemies":"Slime Boss","floor":16,"turns":9},{"damage":16,"enemies":"Shell Parasite","floor":18,"turns":5},{"damage":22,"enemies":"2 Thieves","floor":19,"turns":4},{"damage":4,"enemies":"Snecko","floor":22,"turns":6},{"damage":22,"enemies":"Gremlin Leader","floor":24,"turns":6},{"damage":20,"enemies":"Shelled Parasite and Fungi","floor":27,"turns":6},{"damage":27,"enemies":"Slavers","floor":30,"turns":4},{"damage":19,"enemies":"Centurion and Healer","floor":31,"turns":6},{"damage":34,"enemies":"Champ","floor":33,"turns":10},{"damage":24,"enemies":"Orb Walker","floor":35,"turns":6},{"damage":32,"enemies":"Mind Bloom Boss Battle","floor":36,"turns":11},{"damage":0,"enemies":"3 Shapes","floor":38,"turns":4},{"damage":72,"enemies":"Giant Head","floor":41,"turns":8}],"seed_played":"8241165331046737628","potions_obtained":[{"floor":1,"key":"Dexterity Potion"},{"floor":7,"key":"Explosive Potion"},{"floor":14,"key":"Block Potion"},{"floor":16,"key":"GamblersBrew"},{"floor":24,"key":"PowerPotion"},{"floor":27,"key":"Ancient Potion"}],"is_trial":false,"path_per_floor":["M","?","?","M","M","R","M","E","T","R","M","$","M","M","R","B",null,"M","M","?","?","M","R","E","R","T","M","?","?","E","M","R","B",null,"M","?","?","M","?","R","E"],"character_chosen":"IRONCLAD","items_purchased":["Fiend Fire","OrangePellets"],"campfire_rested":4,"item_purchase_floors":[12,12],"current_hp_per_floor":[82,87,87,86,88,88,84,9,9,36,34,34,30,29,56,38,79,69,53,53,53,55,55,39,66,66,52,52,52,31,34,53,53,62,53,52,44,53,53,53,0],"gold":429,"neow_bonus":"TEN_PERCENT_HP_BONUS","is_prod":false,"is_daily":false,"chose_seed":false,"campfire_upgraded":3,"win_rate":0,"timestamp":1552101245,"path_taken":["M","?","?","M","?","R","M","E","T","R","M","$","M","M","R","BOSS","M","M","?","?","M","R","E","R","T","?","?","?","E","M","R","BOSS","M","?","?","M","?","R","E"],"build_version":"2019-01-23","purchased_purges":0,"victory":false,"max_hp_per_floor":[88,93,93,93,93,93,93,93,93,93,93,93,93,93,93,93,93,93,93,93,93,93,93,93,93,93,93,93,65,65,65,65,65,65,65,65,65,65,65,65,65],"card_choices":[{"not_picked":["Burning Pact","True Grit"],"picked":"Armaments","floor":1},{"not_picked":["Battle Trance","Fire Breathing","Body Slam"],"picked":"SKIP","floor":4},{"not_picked":["Warcry","Cleave"],"picked":"Metallicize","floor":5},{"not_picked":["Pommel Strike","Uppercut"],"picked":"Ghostly Armor","floor":7},{"not_picked":["Second Wind","Blood for Blood"],"picked":"Sword Boomerang","floor":8},{"not_picked":["Pommel Strike","Ghostly Armor"],"picked":"Spot Weakness","floor":11},{"not_picked":["Cleave","Heavy Blade","Perfected Strike"],"picked":"SKIP","floor":13},{"not_picked":["True Grit","Spot Weakness","Headbutt"],"picked":"SKIP","floor":14},{"not_picked":["Immolate","Impervious"],"picked":"Juggernaut","floor":16},{"not_picked":["True Grit","Perfected Strike"],"picked":"Combust","floor":18},{"not_picked":["Shrug It Off","Cleave"],"picked":"Disarm","floor":19},{"not_picked":["Anger","Rampage"],"picked":"Clothesline","floor":22},{"not_picked":["Shockwave","Hemokinesis+1"],"picked":"Exhume","floor":24},{"not_picked":["Corruption+1","Heavy Blade"],"picked":"Flex","floor":27},{"not_picked":["Sever Soul","Bloodletting+1","Clothesline"],"picked":"SKIP","floor":30},{"not_picked":["Twin Strike+1","Perfected Strike+1","Wild Strike"],"picked":"SKIP","floor":31},{"not_picked":["Brutality","Dark Embrace"],"picked":"Limit Break","floor":33},{"not_picked":["Perfected Strike","Cleave"],"picked":"Metallicize","floor":34},{"not_picked":["Blood for Blood","Twin Strike"],"picked":"Intimidate","floor":34},{"not_picked":["Thunderclap+1","Wild Strike"],"picked":"Heavy Blade","floor":34},{"not_picked":["Exhume","Anger"],"picked":"Intimidate+1","floor":35},{"not_picked":["Evolve","Dropkick"],"picked":"Shrug It Off","floor":38}],"player_experience":273909,"relics_obtained":[{"floor":8,"key":"Charon\u0027s Ashes"},{"floor":24,"key":"Ancient Tea Set"},{"floor":26,"key":"Oddly Smooth Stone"},{"floor":30,"key":"The Courier"},{"floor":36,"key":"FossilizedHelix"}],"event_choices":[{"damage_healed":0,"gold_gain":0,"player_choice":"Donut","damage_taken":0,"max_hp_gain":5,"max_hp_loss":0,"event_name":"Big Fish","floor":2,"gold_loss":0},{"damage_healed":0,"gold_gain":0,"cards_transformed":["Strike_R"],"player_choice":"Transformed","damage_taken":0,"max_hp_gain":0,"max_hp_loss":0,"event_name":"Transmorgrifier","floor":3,"gold_loss":0,"cards_obtained":["Berserk"]},{"cards_removed":["Strike_R"],"damage_healed":0,"gold_gain":0,"player_choice":"Elegance","damage_taken":0,"max_hp_gain":0,"max_hp_loss":0,"event_name":"Back to Basics","floor":20,"gold_loss":0},{"damage_healed":0,"gold_gain":0,"player_choice":"Copied","damage_taken":0,"max_hp_gain":0,"max_hp_loss":0,"event_name":"Duplicator","floor":21,"gold_loss":0,"cards_obtained":["Metallicize"]},{"damage_healed":0,"gold_gain":0,"player_choice":"Obtained Relic","damage_taken":0,"relics_obtained":["Orichalcum"],"max_hp_gain":0,"max_hp_loss":0,"event_name":"Addict","floor":28,"gold_loss":85},{"damage_healed":0,"gold_gain":0,"player_choice":"Became a vampire","damage_taken":0,"max_hp_gain":0,"max_hp_loss":28,"event_name":"Vampires","floor":29,"gold_loss":0,"cards_obtained":["Bite","Bite","Bite","Bite","Bite"]},{"damage_healed":0,"gold_gain":0,"player_choice":"Fight","damage_taken":0,"max_hp_gain":0,"max_hp_loss":0,"event_name":"MindBloom","floor":36,"gold_loss":0},{"damage_healed":0,"gold_gain":0,"player_choice":"Embrace Madness","damage_taken":8,"max_hp_gain":0,"max_hp_loss":0,"event_name":"Winding Halls","floor":37,"gold_loss":0,"cards_obtained":["Madness","Madness"]},{"cards_removed":["Disarm"],"damage_healed":0,"gold_gain":0,"player_choice":"Removed Skill","damage_taken":0,"max_hp_gain":0,"max_hp_loss":0,"event_name":"Falling","floor":39,"gold_loss":0}],"is_beta":false,"boss_relics":[{"not_picked":["Tiny House","Lizard Tail"],"picked":"Mark of Pain"},{"not_picked":["Pandora\u0027s Box","Velvet Choker"],"picked":"Orrery"}],"items_purged_floors":[],"is_endless":false,"potions_floor_spawned":[1,7,14,16,24,27,30,31,33,35,36],"killed_by":"Giant Head","ascension_level":5}