{"gold_per_floor":[15,31,47,66,66,66,94,114,114,139,149,160,160,172,172,172],"floor_reached":16,"playtime":1301,"items_purged":[],"score":162,"play_id":"5992efa5-b08a-4451-b8a2-e65281d1fddd","local_time":"20190116204304","is_ascension_mode":true,"campfire_choices":[{"data":"Leg Sweep","floor":6,"key":"SMITH"},{"data":"Wraith Form v2","floor":13,"key":"SMITH"},{"data":"Noxious Fumes","floor":15,"key":"SMITH"}],"neow_cost":"NO_GOLD","seed_source_timestamp":1513517046638,"circlet_count":0,"master_deck":["Defend_G","Defend_G+1","Defend_G","Defend_G","Defend_G","Strike_G","Strike_G","Strike_G","Strike_G","Strike_G+1","Survivor","Neutralize","Deadly Poison","Leg Sweep+1","Backflip","All Out Attack","All Out Attack","Footwork","Noxious Fumes+1","Wraith Form v2+1","Flying Knee"],"relics":["Ring of the Snake","Ginger","Torii","Pear","Sundial"],"potions_floor_usage":[10,11,11,16,16],"damage_taken":[{"damage":1,"enemies":"Jaw Worm","floor":1,"turns":5},{"damage":0,"enemies":"Cultist","floor":2,"turns":4},{"damage":0,"enemies":"2 Louse","floor":3,"turns":3},{"damage":0,"enemies":"Blue Slaver","floor":4,"turns":5},{"damage":38,"enemies":"Gremlin Nob","floor":7,"turns":6},{"damage":0,"enemies":"Exordium Thugs","floor":8,"turns":3},{"damage":9,"enemies":"Lagavulin","floor":10,"turns":10},{"damage":0,"enemies":"3 Louse","floor":11,"turns":2},{"damage":1,"enemies":"Red Slaver","floor":12,"turns":4},{"damage":0,"enemies":"Looter","floor":14,"turns":4},{"damage":12,"enemies":"Slime Boss","floor":16,"turns":6}],"seed_played":"-1305696346367467240","potions_obtained":[{"floor":1,"key":"Weak Potion"},{"floor":8,"key":"GamblersBrew"},{"floor":10,"key":"Block Potion"},{"floor":12,"key":"GamblersBrew"},{"floor":14,"key":"GhostInAJar"}],"is_trial":false,"path_per_floor":["M","M","M","M","?","R","E","M","T","E","M","M","R","M","R","B"],"character_chosen":"THE_SILENT","items_purchased":[],"campfire_rested":0,"item_purchase_floors":[],"current_hp_per_floor":[62,62,62,62,48,48,10,10,20,11,11,10,10,10,10,0],"gold":172,"neow_bonus":"ONE_RARE_RELIC","is_prod":false,"is_daily":false,"chose_seed":false,"campfire_upgraded":3,"win_rate":0,"timestamp":1547700184,"path_taken":["M","M","M","M","?","R","E","M","T","E","M","M","R","M","R","BOSS"],"build_version":"2019-01-10","purchased_purges":0,"victory":false,"max_hp_per_floor":[70,70,70,70,70,70,70,70,80,80,80,80,80,80,80,80],"card_choices":[{"not_picked":["Caltrops","Acrobatics"],"picked":"Deadly Poison","floor":1},{"not_picked":["PiercingWail","Cloak And Dagger"],"picked":"Leg Sweep","floor":2},{"not_picked":["Dagger Throw","Flying Knee"],"picked":"Backflip","floor":3},{"not_picked":["Slice","Caltrops"],"picked":"All Out Attack","floor":4},{"not_picked":["Dagger Spray","Flechettes"],"picked":"All Out Attack","floor":7},{"not_picked":["Accuracy","Dodge and Roll"],"picked":"Footwork","floor":8},{"not_picked":["Eviscerate","Choke"],"picked":"Noxious Fumes","floor":10},{"not_picked":["Quick Slash","Outmaneuver","Dodge and Roll"],"picked":"SKIP","floor":11},{"not_picked":["Concentrate","Eviscerate"],"picked":"Wraith Form v2","floor":12},{"not_picked":["Sucker Punch","Underhanded Strike"],"picked":"Flying Knee","floor":14}],"player_experience":276504,"relics_obtained":[{"floor":7,"key":"Torii"},{"floor":9,"key":"Pear"},{"floor":10,"key":"Sundial"}],"event_choices":[{"damage_healed":0,"gold_gain":0,"player_choice":"Entered Light","damage_taken":14,"max_hp_gain":0,"max_hp_loss":0,"event_name":"Shining Light","floor":5,"gold_loss":0,"cards_upgraded":["Defend_G","Strike_G"]}],"is_beta":false,"boss_relics":[],"items_purged_floors":[],"is_endless":false,"potions_floor_spawned":[1,8,10,12,14],"killed_by":"Slime Boss","ascension_level":8}