{"path_per_floor":["M","?","M","?","$","R","E","R","T","E","M","R","E","?","R","B",null,"M","?","?","M","M","E","?","M","T","R","E","M","R","E","R","B",null,"M","?","M","?","M","R","$","?","T"],"character_chosen":"THE_SILENT","items_purchased":["Footwork","Noxious Fumes","Pear","Orichalcum","Blur"],"gold_per_floor":[111,111,129,129,14,14,40,40,66,101,114,114,142,242,242,347,347,358,358,358,373,390,419,419,436,461,461,488,502,502,530,530,627,627,647,697,713,713,732,732,77,77,100],"floor_reached":44,"campfire_rested":3,"playtime":7737,"current_hp_per_floor":[77,62,60,48,48,48,29,67,67,50,50,50,50,50,50,32,77,77,77,77,76,74,12,12,11,11,49,48,47,47,29,67,65,77,70,56,64,64,45,45,55,45,45],"items_purged":["Strike_G","Strike_G"],"gold":100,"play_id":"c94f210f-c0a5-4217-b3a4-ba1045220b3c","is_prod":false,"is_daily":false,"is_ascension_mode":true,"campfire_upgraded":5,"path_taken":["M","?","M","?","$","R","E","R","T","E","M","R","E","?","R","BOSS","M","?","?","M","M","E","?","?","T","R","E","?","R","E","R","BOSS","M","?","M","?","?","R","$","?","T","E"],"build_version":"2018-01-25-PROD2","purchased_purges":2,"victory":false,"master_deck":["Defend_G","Defend_G+1","Defend_G","Defend_G","Defend_G","Strike_G","Strike_G","Strike_G+1","Survivor","Neutralize+1","Predator+1","Deflect+1","Footwork+1","Noxious Fumes+1","Burst+1","Flying Knee","Acrobatics","Backflip","Catalyst+1","Blur","Catalyst+1","Well Laid Plans+1","Acrobatics","Prepared+1","Noxious Fumes","Blur","Madness","Madness"],"max_hp_per_floor":[77,77,77,77,77,77,77,77,77,77,77,77,77,77,77,77,77,77,77,77,77,77,77,77,77,77,77,77,77,77,77,77,77,77,77,77,77,77,77,77,87,87,87],"relics":["Ring of the Snake","Regal Pillow","Torii","Toxic Egg","Bag of Marbles","Molten Egg","The Specimen","Dream Catcher","Happy Flower","Pen Nib","Snake Skull","Mercury Hourglass","Philosopher\u0027s Stone","Frozen Eye","Pear","Orichalcum","Juzu Bracelet"],"card_choices":[{"not_picked":["Poisoned Stab","Terror"],"picked":"Predator"},{"not_picked":["Dash","Predator"],"picked":"Deflect"},{"not_picked":["Dagger Spray","Riddle With Holes"],"picked":"Noxious Fumes"},{"not_picked":["Doppelganger","Corpse Explosion"],"picked":"Burst"},{"not_picked":["Poisoned Stab","Crippling Poison"],"picked":"Flying Knee"},{"not_picked":["Crippling Poison","Terror"],"picked":"Acrobatics"},{"not_picked":["Bane","Predator"],"picked":"Backflip"},{"not_picked":["Bullet Time","Escape Plan"],"picked":"Catalyst"},{"not_picked":["Outmaneuver","Deadly Poison"],"picked":"Blur"},{"not_picked":["Dagger Throw","Skewer"],"picked":"Catalyst"},{"not_picked":["Blade Dance","Sucker Punch"],"picked":"Well Laid Plans"},{"not_picked":["Deflect","Slice"],"picked":"Acrobatics"},{"not_picked":["Poisoned Stab","Distraction"],"picked":"Prepared"}],"player_experience":42066,"potions_floor_usage":[7,21,23,23,31,37,44],"damage_taken":[{"damage":0.0,"enemies":"2 Louse","floor":1.0,"turns":3.0},{"damage":2,"enemies":"Jaw Worm","floor":3,"turns":5},{"damage":19,"enemies":"Gremlin Nob","floor":7,"turns":5},{"damage":17,"enemies":"3 Sentries","floor":10,"turns":11},{"damage":0,"enemies":"Small Slimes","floor":11,"turns":3},{"damage":0,"enemies":"Lagavulin","floor":13,"turns":9},{"damage":18,"enemies":"Hexaghost","floor":16,"turns":10},{"damage":0,"enemies":"Shell Parasite","floor":18,"turns":7},{"damage":1,"enemies":"Spheric Guardian","floor":21,"turns":6},{"damage":2,"enemies":"Snecko","floor":22,"turns":7},{"damage":62,"enemies":"Slavers","floor":23,"turns":7},{"damage":1,"enemies":"Centurion and Healer","floor":25,"turns":5},{"damage":1,"enemies":"Book of Stabbing","floor":28,"turns":7},{"damage":1,"enemies":"3 Cultists","floor":29,"turns":6},{"damage":33,"enemies":"Slavers","floor":31,"turns":7},{"damage":2,"enemies":"Automaton","floor":33,"turns":8},{"damage":7,"enemies":"Orb Walker","floor":35,"turns":4},{"damage":14,"enemies":"Mysterious Sphere","floor":36,"turns":5},{"damage":1,"enemies":"3 Darklings","floor":37,"turns":5},{"damage":19,"enemies":"Maw","floor":39,"turns":4},{"damage":54,"enemies":"2 Orb Walkers","floor":44,"turns":5}],"event_choices":[{"event_name":"Shining Light","player_choice":"Entered Light","floor":2,"damage_taken":0},{"event_name":"Scrap Ooze","player_choice":"success","floor":4,"damage_taken":12},{"event_name":"Golden Shrine","player_choice":"Pray","floor":14,"damage_taken":0},{"event_name":"The Mausoleum","player_choice":"No","floor":19,"damage_taken":0},{"event_name":"Wheel of Change","player_choice":"Relic","floor":20,"damage_taken":0},{"event_name":"Upgrade Shrine","player_choice":"Upgraded","floor":24,"damage_taken":0},{"event_name":"Mysterious Sphere","player_choice":"Fight","floor":36,"damage_taken":0},{"event_name":"Tomb of Lord Red Mask","player_choice":"Ignored","floor":38,"damage_taken":0},{"event_name":"Winding Halls","player_choice":"Embrace Madness","floor":42,"damage_taken":0}],"boss_relics":[{"not_picked":["Cursed Key","Velvet Choker"],"picked":"The Specimen"},{"not_picked":["Runic Pyramid","Question Card"],"picked":"Philosopher\u0027s Stone"}],"potions_floor_spawned":[3,10,13,18,28,36,37],"seed_played":"6863728216941114955","killed_by":"2 Orb Walkers","ascension_level":1,"is_trial":false}