{"gold_per_floor":[116,129,142,26,26,54,54,54,54,54],"floor_reached":10,"playtime":577,"items_purged":[],"score":66,"play_id":"31031364-063b-4559-9bec-302921ce6f03","local_time":"20190131112115","is_ascension_mode":false,"campfire_choices":[{"floor":7,"key":"RECALL"}],"neow_cost":"NONE","seed_source_timestamp":1728965734765450,"circlet_count":0,"master_deck":["Defend_G","Defend_G","Defend_G","Defend_G","Defend_G","Strike_G","Strike_G","Strike_G","Strike_G","Survivor","Neutralize","Crippling Poison","Deflect","Phantasmal Killer","Noxious Fumes","PiercingWail","Backflip"],"relics":["Philosopher\u0027s Stone","Kunai"],"potions_floor_usage":[10],"damage_taken":[{"damage":1,"enemies":"Small Slimes","floor":1,"turns":4},{"damage":0,"enemies":"Cultist","floor":2,"turns":3},{"damage":3,"enemies":"2 Louse","floor":3,"turns":3},{"damage":33,"enemies":"Lagavulin","floor":6,"turns":10},{"damage":40,"enemies":"Gremlin Nob","floor":10,"turns":4}],"seed_played":"4474779082817696599","potions_obtained":[{"floor":2,"key":"Energy Potion"},{"floor":6,"key":"EssenceOfSteel"}],"is_trial":false,"path_per_floor":["M","M","M","$","?","E","R","?","T","E"],"character_chosen":"THE_SILENT","items_purchased":["Noxious Fumes","PiercingWail"],"campfire_rested":0,"item_purchase_floors":[4,4],"current_hp_per_floor":[69,69,66,66,66,33,33,33,33,0],"gold":54,"neow_bonus":"BOSS_RELIC","is_prod":false,"is_daily":false,"chose_seed":false,"campfire_upgraded":0,"win_rate":0,"timestamp":1548951675,"path_taken":["M","M","M","$","?","E","R","?","T","E"],"build_version":"2019-01-23","purchased_purges":0,"victory":false,"max_hp_per_floor":[70,70,70,70,70,70,70,70,70,70],"card_choices":[{"not_picked":["Dagger Throw","Bane"],"picked":"Crippling Poison","floor":1},{"not_picked":["Slice","Eviscerate"],"picked":"Deflect","floor":2},{"not_picked":["Outmaneuver","Dagger Throw"],"picked":"Phantasmal Killer","floor":3},{"not_picked":["Quick Slash","Bane"],"picked":"Backflip","floor":6}],"player_experience":114135,"relics_obtained":[{"floor":6,"key":"Kunai"}],"event_choices":[{"cards_removed":["Strike_G"],"damage_healed":0,"gold_gain":0,"player_choice":"Forget","damage_taken":0,"max_hp_gain":0,"max_hp_loss":0,"event_name":"Living Wall","floor":5,"gold_loss":0},{"damage_healed":0,"gold_gain":0,"player_choice":"Bought 0 Potions","damage_taken":0,"max_hp_gain":0,"max_hp_loss":0,"event_name":"The Woman in Blue","floor":8,"gold_loss":0}],"is_beta":false,"boss_relics":[],"items_purged_floors":[],"is_endless":false,"potions_floor_spawned":[2,6],"killed_by":"Gremlin Nob","ascension_level":0}