{"gold_per_floor":[116,116,133,133,146,146,178,178,178,128,148,148],"floor_reached":12,"playtime":354,"items_purged":["Defend_G"],"score":78,"play_id":"ffd587dd-0ea7-4221-bbdf-ff826e9f08b1","local_time":"20190101215102","is_ascension_mode":false,"campfire_choices":[{"data":"Envenom","floor":6,"key":"SMITH"},{"data":"Dash","floor":8,"key":"SMITH"}],"neow_cost":"PERCENT_DAMAGE","seed_source_timestamp":1048312670446661,"circlet_count":0,"master_deck":["Defend_G","Defend_G","Defend_G","Strike_G","Strike_G","Strike_G","Strike_G","Survivor","Neutralize","Envenom+1","Dash+1","Distraction","Dagger Spray","Bane","Distraction","Dagger Spray"],"relics":["Ring of the Snake","Pear","Bronze Scales","Bottled Flame","Smiling Mask"],"potions_floor_usage":[],"damage_taken":[{"damage":0,"enemies":"2 Louse","floor":1,"turns":3},{"damage":0,"enemies":"Small Slimes","floor":3,"turns":4},{"damage":1,"enemies":"Cultist","floor":5,"turns":4},{"damage":23,"enemies":"3 Sentries","floor":7,"turns":5},{"damage":12,"enemies":"Exordium Thugs","floor":11,"turns":4},{"damage":27,"enemies":"Gremlin Nob","floor":12,"turns":3}],"seed_played":"8471764131097356698","potions_obtained":[{"floor":3,"key":"SpeedPotion"},{"floor":7,"key":"GamblersBrew"}],"is_trial":false,"path_per_floor":["M","?","M","?","M","R","E","R","T","$","M","E"],"character_chosen":"THE_SILENT","items_purchased":[],"campfire_rested":0,"item_purchase_floors":[],"current_hp_per_floor":[49,56,56,56,55,55,32,32,32,32,20,0],"gold":148,"neow_bonus":"TRANSFORM_TWO_CARDS","is_prod":false,"is_daily":false,"chose_seed":false,"campfire_upgraded":2,"win_rate":0,"timestamp":1546347062,"path_taken":["M","?","M","?","?","R","E","R","T","$","M","E"],"build_version":"2018-12-20","purchased_purges":1,"victory":false,"max_hp_per_floor":[70,80,80,80,80,80,80,80,80,80,80,80],"card_choices":[{"not_picked":["Prepared","Cloak And Dagger"],"picked":"Distraction","floor":1},{"not_picked":["Bane","Deadly Poison"],"picked":"Dagger Spray","floor":3},{"not_picked":["Quick Slash","Dagger Spray"],"picked":"Bane","floor":5},{"not_picked":["Footwork","Slice"],"picked":"Distraction","floor":7},{"not_picked":["Sucker Punch","Deflect"],"picked":"Dagger Spray","floor":11}],"player_experience":272573,"relics_obtained":[{"floor":7,"key":"Bottled Flame"},{"floor":9,"key":"Smiling Mask"}],"event_choices":[{"damage_healed":0,"gold_gain":0,"player_choice":"Success","damage_taken":3,"relics_obtained":["Pear"],"max_hp_gain":0,"max_hp_loss":0,"event_name":"Scrap Ooze","floor":2,"gold_loss":0},{"damage_healed":0,"gold_gain":0,"player_choice":"Gave Potion","damage_taken":0,"relics_obtained":["Bronze Scales"],"max_hp_gain":0,"max_hp_loss":0,"event_name":"WeMeetAgain","floor":4,"gold_loss":0}],"is_beta":false,"boss_relics":[],"items_purged_floors":[10],"is_endless":false,"potions_floor_spawned":[3,7],"killed_by":"Gremlin Nob","ascension_level":0}