{"gold_per_floor":[116,128,128,139,109,136,136,148,148,148],"floor_reached":10,"playtime":1259,"items_purged":[],"score":68,"play_id":"e543c9ae-fe3a-4497-b4cd-aa501d9cf2a7","local_time":"20190128143914","is_ascension_mode":false,"campfire_choices":[{"floor":7,"key":"REST"}],"neow_cost":"NONE","seed_source_timestamp":1480952248550063,"circlet_count":0,"master_deck":["Defend_G","Defend_G+1","Defend_G","Defend_G","Defend_G","Strike_G","Strike_G","Strike_G","Strike_G","Strike_G","Survivor+1","Neutralize+1","Outmaneuver","Accuracy+1","Accuracy","Acrobatics","Tactician","Cloak And Dagger"],"relics":["Ring of the Snake","Matryoshka","Nunchaku","War Paint"],"potions_floor_usage":[6,10,10],"damage_taken":[{"damage":0,"enemies":"Small Slimes","floor":1,"turns":4},{"damage":4,"enemies":"Cultist","floor":2,"turns":6},{"damage":0,"enemies":"2 Louse","floor":4,"turns":4},{"damage":2,"enemies":"Looter","floor":5,"turns":4},{"damage":47,"enemies":"Gremlin Nob","floor":6,"turns":7},{"damage":11,"enemies":"Exordium Thugs","floor":8,"turns":9},{"damage":48,"enemies":"Lagavulin Event","floor":10,"turns":14}],"seed_played":"-515093058663910747","potions_obtained":[{"floor":2,"key":"PowerPotion"},{"floor":6,"key":"Block Potion"},{"floor":8,"key":"Regen Potion"}],"is_trial":false,"path_per_floor":["M","M","?","M","M","E","R","M","T","?"],"character_chosen":"THE_SILENT","items_purchased":[],"campfire_rested":1,"item_purchase_floors":[],"current_hp_per_floor":[70,66,66,66,64,17,38,27,27,0],"gold":148,"neow_bonus":"UPGRADE_CARD","is_prod":false,"is_daily":false,"chose_seed":false,"campfire_upgraded":0,"win_rate":0.0,"timestamp":1548704354,"path_taken":["M","M","?","M","?","E","R","M","T","?"],"build_version":"2019-01-23","purchased_purges":0,"victory":false,"max_hp_per_floor":[70,70,70,70,70,70,70,70,70,70],"card_choices":[{"not_picked":["PiercingWail","Prepared"],"picked":"Outmaneuver","floor":1},{"not_picked":["Dagger Throw","All Out Attack"],"picked":"Accuracy","floor":2},{"not_picked":["Backflip","Underhanded Strike"],"picked":"Accuracy","floor":4},{"not_picked":["Tactician","Well Laid Plans"],"picked":"Acrobatics","floor":5},{"not_picked":["Dash","Poisoned Stab"],"picked":"Tactician","floor":6},{"not_picked":["Deflect","Choke"],"picked":"Cloak And Dagger","floor":8}],"player_experience":54785,"relics_obtained":[{"floor":6,"key":"Matryoshka"},{"floor":9,"key":"Nunchaku"},{"floor":9,"key":"War Paint"}],"event_choices":[{"damage_healed":0,"gold_gain":0,"player_choice":"Upgraded","damage_taken":0,"max_hp_gain":0,"max_hp_loss":0,"event_name":"Upgrade Shrine","floor":3,"gold_loss":0,"cards_upgraded":["Accuracy"]},{"damage_healed":0,"gold_gain":0,"player_choice":"Searched \u00272\u0027 times","damage_taken":0,"max_hp_gain":0,"max_hp_loss":0,"event_name":"Dead Adventurer","floor":10,"gold_loss":0}],"is_beta":false,"boss_relics":[],"items_purged_floors":[],"is_endless":false,"potions_floor_spawned":[2,6,8],"killed_by":"Lagavulin Event","ascension_level":0}