{"gold_per_floor":[114,114,125,139,158,158,189,205,205,234,234,247,212,228,228,228],"floor_reached":16,"playtime":498,"items_purged":[],"score":278,"play_id":"70122314-b325-4ae3-a3b7-50657d473e6d","local_time":"20190217202047","is_ascension_mode":true,"campfire_choices":[{"data":"Dagger Spray","floor":6,"key":"SMITH"},{"data":"Infinite Blades","floor":11,"key":"SMITH"},{"floor":15,"key":"REST"}],"neow_cost":"NONE","seed_source_timestamp":8901288331728,"circlet_count":0,"master_deck":["AscendersBane","Defend_G","Defend_G","Defend_G","Defend_G","Defend_G","Strike_G","Strike_G","Strike_G","Strike_G","Strike_G","Survivor","Neutralize","Sucker Punch","Dagger Spray+1","Quick Slash","Dagger Throw","Quick Slash","Underhanded Strike","Infinite Blades+1","Dagger Throw","Cloak And Dagger"],"relics":["Ring of the Snake","NeowsBlessing","Turnip","Smiling Mask","Mummified Hand","Mercury Hourglass"],"potions_floor_usage":[7,10,10,16],"damage_taken":[{"damage":0,"enemies":"Cultist","floor":1,"turns":1},{"damage":0,"enemies":"Small Slimes","floor":3,"turns":1},{"damage":0,"enemies":"Jaw Worm","floor":4,"turns":1},{"damage":6,"enemies":"Gremlin Gang","floor":5,"turns":5},{"damage":15,"enemies":"3 Sentries","floor":7,"turns":7},{"damage":20,"enemies":"Large Slime","floor":8,"turns":6},{"damage":0,"enemies":"Gremlin Nob","floor":10,"turns":2},{"damage":0,"enemies":"Looter","floor":12,"turns":2},{"damage":13,"enemies":"Exordium Wildlife","floor":14,"turns":3},{"damage":29,"enemies":"Hexaghost","floor":16,"turns":9}],"seed_played":"-6658517142311906497","potions_obtained":[{"floor":1,"key":"Ancient Potion"},{"floor":5,"key":"EssenceOfSteel"},{"floor":7,"key":"SteroidPotion"},{"floor":12,"key":"Weak Potion"},{"floor":14,"key":"Fire Potion"}],"is_trial":false,"path_per_floor":["M","T","M","M","M","R","E","M","T","E","R","M","?","M","R","B"],"character_chosen":"THE_SILENT","items_purchased":[],"campfire_rested":1,"item_purchase_floors":[],"current_hp_per_floor":[59,59,59,59,53,53,38,18,18,18,18,18,34,21,40,11],"gold":228,"neow_bonus":"THREE_ENEMY_KILL","is_prod":false,"is_daily":false,"chose_seed":false,"campfire_upgraded":2,"win_rate":0,"timestamp":1550463647,"path_taken":["M","?","M","M","M","R","E","M","T","E","R","M","?","M","R","BOSS"],"build_version":"2019-01-23","purchased_purges":0,"victory":false,"max_hp_per_floor":[66,66,66,66,66,66,66,66,66,66,66,66,66,66,66,66],"card_choices":[{"not_picked":["Escape Plan","Prepared"],"picked":"Sucker Punch","floor":1},{"not_picked":["Slice","Escape Plan"],"picked":"Dagger Spray","floor":3},{"not_picked":["Dodge and Roll","Poisoned Stab"],"picked":"Quick Slash","floor":4},{"not_picked":["Expertise","Poisoned Stab"],"picked":"Dagger Throw","floor":5},{"not_picked":["Backflip","Dagger Spray"],"picked":"Quick Slash","floor":7},{"not_picked":["PiercingWail","Masterful Stab"],"picked":"Underhanded Strike","floor":8},{"not_picked":["PiercingWail","Heel Hook"],"picked":"Infinite Blades","floor":10},{"not_picked":["Dagger Spray","Prepared"],"picked":"Dagger Throw","floor":12},{"not_picked":["Outmaneuver","Bane"],"picked":"Cloak And Dagger","floor":14}],"player_experience":548874,"relics_obtained":[{"floor":2,"key":"Turnip"},{"floor":7,"key":"Smiling Mask"},{"floor":9,"key":"Mummified Hand"},{"floor":10,"key":"Mercury Hourglass"}],"event_choices":[{"damage_healed":16,"gold_gain":0,"player_choice":"Healed","damage_taken":0,"max_hp_gain":0,"max_hp_loss":0,"event_name":"The Cleric","floor":13,"gold_loss":35}],"is_beta":false,"boss_relics":[],"items_purged_floors":[],"is_endless":false,"potions_floor_spawned":[1,5,7,12,14],"killed_by":"Hexaghost","ascension_level":20}