{"gold_per_floor":[16,16,30,30,30,47,47,47,47,47,75,91,110],"floor_reached":13,"playtime":674,"items_purged":[],"score":85,"play_id":"64a889de-53aa-449c-9559-a166a4b7232c","local_time":"20190203105029","is_ascension_mode":false,"campfire_choices":[{"data":"Coolheaded","floor":7,"key":"SMITH"},{"data":"Turbo","floor":10,"key":"SMITH"}],"neow_cost":"NO_GOLD","seed_source_timestamp":181579392526840,"circlet_count":0,"master_deck":["Strike_B","Strike_B","Strike_B","Defend_B","Defend_B","Defend_B","Zap","Coolheaded+1","Regret","Turbo+1","Steam","Redo"],"relics":["Cracked Core","Ornamental Fan","Orichalcum","Dead Branch"],"potions_floor_usage":[],"damage_taken":[{"damage":0,"enemies":"2 Louse","floor":1,"turns":3},{"damage":0,"enemies":"Small Slimes","floor":3,"turns":3},{"damage":7,"enemies":"Cultist","floor":6,"turns":4},{"damage":28,"enemies":"Lagavulin","floor":11,"turns":7},{"damage":3,"enemies":"Red Slaver","floor":12,"turns":3},{"damage":18,"enemies":"Lots of Slimes","floor":13,"turns":6}],"seed_played":"203180450819809467","potions_obtained":[{"floor":3,"key":"FocusPotion"},{"floor":12,"key":"Block Potion"}],"is_trial":false,"path_per_floor":["M","?","M","?","?","M","R","$","T","R","E","M","M"],"character_chosen":"DEFECT","items_purchased":[],"campfire_rested":0,"item_purchase_floors":[],"current_hp_per_floor":[75,57,57,57,57,50,50,50,50,50,22,19,1],"gold":110,"neow_bonus":"REMOVE_TWO","is_prod":false,"is_daily":false,"chose_seed":false,"campfire_upgraded":2,"win_rate":0,"timestamp":1549209029,"path_taken":["M","?","M","?","?","M","R","$","T","R","E","?","M"],"build_version":"2019-01-23","purchased_purges":0,"victory":false,"max_hp_per_floor":[75,75,75,75,75,75,75,75,75,75,75,75,75],"card_choices":[{"not_picked":["Rebound","Stack","Ball Lightning"],"picked":"SKIP","floor":1},{"not_picked":["Chaos","Hello World"],"picked":"Coolheaded","floor":3},{"not_picked":["Capacitor","Sunder"],"picked":"Turbo","floor":6},{"not_picked":["Compile Driver","Buffer","Cold Snap"],"picked":"SKIP","floor":11},{"not_picked":["Force Field","Cold Snap"],"picked":"Steam","floor":12},{"not_picked":["Streamline","Consume"],"picked":"Redo","floor":13}],"player_experience":137693,"relics_obtained":[{"floor":11,"key":"Dead Branch"}],"event_choices":[{"damage_healed":0,"gold_gain":0,"player_choice":"Success","damage_taken":18,"relics_obtained":["Ornamental Fan"],"max_hp_gain":0,"max_hp_loss":0,"event_name":"Scrap Ooze","floor":2,"gold_loss":0},{"damage_healed":0,"gold_gain":0,"player_choice":"Box","damage_taken":0,"relics_obtained":["Orichalcum"],"max_hp_gain":0,"max_hp_loss":0,"event_name":"Big Fish","floor":4,"gold_loss":0,"cards_obtained":["Regret"]},{"cards_removed":["Defend_B"],"damage_healed":0,"gold_gain":0,"player_choice":"Card Removal","damage_taken":0,"max_hp_gain":0,"max_hp_loss":0,"event_name":"Wheel of Change","floor":5,"gold_loss":0}],"is_beta":false,"boss_relics":[],"items_purged_floors":[],"is_endless":false,"potions_floor_spawned":[3,12],"killed_by":"Lots of Slimes","ascension_level":0}