{"gold_per_floor":[113,13,13,13,13,51,189,205,205,241,255,255,295,308,308,308],"floor_reached":16,"playtime":949,"items_purged":["Defend_G"],"score":207,"play_id":"a62ac013-5204-43be-8dac-dc1936150923","local_time":"20190127123423","is_ascension_mode":true,"campfire_choices":[{"data":"Noxious Fumes","floor":12,"key":"SMITH"},{"data":"Calculated Gamble","floor":15,"key":"SMITH"}],"neow_cost":"NONE","seed_source_timestamp":0,"circlet_count":0,"master_deck":["Defend_G","Defend_G","Defend_G+1","Strike_G","Strike_G","Strike_G","Strike_G","Strike_G","Survivor","Neutralize","Deadly Poison+1","Backflip","Noxious Fumes+1","Glass Knife+1","Calculated Gamble+1","Dagger Spray+1","Footwork+1","Cloak And Dagger"],"special_seed":0,"relics":["Ring of the Snake","NeowsBlessing","Singing Bowl","Golden Idol","Molten Egg 2","Thread and Needle","Frozen Egg 2","WingedGreaves","Pear","War Paint"],"potions_floor_usage":[8],"damage_taken":[{"damage":0.0,"enemies":"2 Louse","floor":1.0,"turns":1.0},{"damage":0.0,"enemies":"Gremlin Nob","floor":6.0,"turns":1.0},{"damage":0.0,"enemies":"Lagavulin Event","floor":7.0,"turns":1.0},{"damage":17,"enemies":"3 Sentries","floor":8,"turns":8},{"damage":10,"enemies":"Lagavulin","floor":10,"turns":6},{"damage":0,"enemies":"Small Slimes","floor":11,"turns":2},{"damage":8,"enemies":"3 Sentries","floor":13,"turns":5},{"damage":0,"enemies":"Cultist","floor":14,"turns":3},{"damage":29,"enemies":"Slime Boss","floor":16,"turns":3}],"seed_played":"-3681125155006950515","potions_obtained":[{"floor":7,"key":"Poison Potion"}],"is_trial":false,"path_per_floor":["M","$","?","?","?","E","?","E","T","E","M","R","E","M","R","B"],"character_chosen":"THE_SILENT","items_purchased":["Backflip"],"campfire_rested":0,"item_purchase_floors":[2],"current_hp_per_floor":[63,63,56,53,53,53,53,36,36,36,36,36,28,28,28,0],"gold":308,"neow_bonus":"THREE_ENEMY_KILL","is_prod":false,"is_daily":false,"chose_seed":false,"campfire_upgraded":2,"win_rate":0,"timestamp":1548621263,"path_taken":["M","$","?","?","?","E","?","E","T","E","M","R","E","M","R","BOSS"],"build_version":"2019-01-23","purchased_purges":1,"victory":false,"max_hp_per_floor":[70,70,70,70,65,65,65,65,65,75,75,75,75,75,75,75],"card_choices":[{"not_picked":["Deflect","Poisoned Stab"],"picked":"Deadly Poison","floor":1.0},{"not_picked":["Storm of Steel","Phantasmal Killer"],"picked":"Noxious Fumes","floor":6.0},{"not_picked":["Dagger Spray+1","Flechettes+1"],"picked":"Glass Knife+1","floor":8},{"not_picked":["Expertise","Masterful Stab+1"],"picked":"Calculated Gamble","floor":10},{"not_picked":["Sucker Punch+1","Well Laid Plans+1"],"picked":"Dagger Spray+1","floor":11},{"not_picked":["Terror","Choke+1"],"picked":"Footwork+1","floor":13},{"not_picked":["Distraction","All Out Attack+1"],"picked":"Cloak And Dagger","floor":14}],"player_experience":320805,"relics_obtained":[{"floor":6.0,"key":"Molten Egg 2"},{"floor":7,"key":"Thread and Needle"},{"floor":7,"key":"Frozen Egg 2"},{"floor":9,"key":"WingedGreaves"},{"floor":10,"key":"Pear"},{"floor":13,"key":"War Paint"}],"event_choices":[{"cards_removed":["Defend_G"],"damage_healed":0.0,"max_hp_gain":0.0,"max_hp_loss":0.0,"gold_gain":0.0,"event_name":"Golden Wing","player_choice":"Card Removal","floor":3.0,"gold_loss":0.0,"damage_taken":7.0},{"damage_healed":0.0,"max_hp_gain":0.0,"max_hp_loss":0.0,"gold_gain":0.0,"event_name":"Scrap Ooze","player_choice":"Success","floor":4.0,"gold_loss":0.0,"damage_taken":3.0,"relics_obtained":["Singing Bowl"]},{"damage_healed":0.0,"max_hp_gain":0.0,"max_hp_loss":5.0,"gold_gain":0.0,"event_name":"Golden Idol","player_choice":"Lose Max HP","floor":5.0,"gold_loss":0.0,"damage_taken":0.0,"relics_obtained":["Golden Idol"]},{"damage_healed":0.0,"max_hp_gain":0.0,"max_hp_loss":0.0,"gold_gain":0.0,"event_name":"Dead Adventurer","player_choice":"Searched \u00271\u0027 times","floor":7.0,"gold_loss":0.0,"damage_taken":0.0}],"is_beta":false,"boss_relics":[],"items_purged_floors":[2],"is_endless":false,"potions_floor_spawned":[7],"killed_by":"Slime Boss","ascension_level":9}