{"gold_per_floor":[117,135,155,172,192,192,203,235,283,283],"floor_reached":10,"playtime":477,"items_purged":[],"score":108,"play_id":"2a7f0622-953a-406c-9dc1-9c5843f4097c","local_time":"20190316033003","is_ascension_mode":true,"campfire_choices":[{"data":"Barricade","floor":6,"key":"SMITH"}],"neow_cost":"NONE","seed_source_timestamp":172475079472059,"circlet_count":0,"master_deck":["AscendersBane","Strike_R","Strike_R","Strike_R","Strike_R","Strike_R","Defend_R","Defend_R","Defend_R","Defend_R","Bash","Barricade+1","Headbutt","Whirlwind","Clash","Rampage","Wild Strike","Iron Wave","Body Slam"],"relics":["Burning Blood","Strawberry","Regal Pillow"],"potions_floor_usage":[2,7,7,10],"damage_taken":[{"damage":1,"enemies":"Cultist","floor":1,"turns":4},{"damage":3,"enemies":"2 Louse","floor":2,"turns":4},{"damage":13,"enemies":"Jaw Worm","floor":3,"turns":4},{"damage":11,"enemies":"Blue Slaver","floor":4,"turns":4},{"damage":13,"enemies":"Large Slime","floor":5,"turns":3},{"damage":4,"enemies":"2 Fungi Beasts","floor":7,"turns":2},{"damage":40,"enemies":"Gremlin Nob","floor":8,"turns":5},{"damage":39,"enemies":"Lagavulin","floor":10,"turns":7}],"seed_played":"7247982536294887720","potions_obtained":[{"floor":1,"key":"Weak Potion"},{"floor":3,"key":"Explosive Potion"},{"floor":5,"key":"SteroidPotion"},{"floor":8,"key":"Dexterity Potion"}],"is_trial":false,"path_per_floor":["M","M","M","M","M","R","M","E","T","E"],"character_chosen":"IRONCLAD","items_purchased":[],"campfire_rested":0,"item_purchase_floors":[],"current_hp_per_floor":[77,80,73,68,61,61,63,36,36,0],"gold":283,"neow_bonus":"ONE_RANDOM_RARE_CARD","is_prod":false,"is_daily":false,"chose_seed":false,"campfire_upgraded":1,"win_rate":0,"timestamp":1552674603,"path_taken":["M","M","M","M","?","R","M","E","T","E"],"build_version":"2019-01-23","purchased_purges":0,"victory":false,"max_hp_per_floor":[80,80,80,80,80,80,80,87,87,87],"card_choices":[{"not_picked":["Sever Soul","Power Through"],"picked":"Headbutt","floor":1},{"not_picked":["Ghostly Armor","Sword Boomerang"],"picked":"Whirlwind","floor":2},{"not_picked":["Heavy Blade","Metallicize"],"picked":"Clash","floor":3},{"not_picked":["Pommel Strike","Feed"],"picked":"Rampage","floor":4},{"not_picked":["Clash","Hemokinesis"],"picked":"Wild Strike","floor":5},{"not_picked":["Reckless Charge","Cleave"],"picked":"Iron Wave","floor":7},{"not_picked":["Anger","Combust"],"picked":"Body Slam","floor":8}],"player_experience":534092,"relics_obtained":[{"floor":8,"key":"Strawberry"},{"floor":9,"key":"Regal Pillow"}],"event_choices":[],"is_beta":false,"boss_relics":[],"items_purged_floors":[],"is_endless":false,"potions_floor_spawned":[1,3,5,8],"killed_by":"Lagavulin","ascension_level":10}