{"path_per_floor":["M","?","M","M","?","E","R","M","T","R","M","?","R","$","R","B",null,"M","?","M","?","M","R","E","?","T","$","?","?","M","M","R","B",null,"M","?","?","$","?","$","E","?","T","R","M","R","M","M","R","B"],"character_chosen":"THE_SILENT","items_purchased":["Footwork","Bronze Scales","A Thousand Cuts","Footwork","Backstab"],"gold_per_floor":[111,111,130,149,149,177,177,191,267,267,286,286,286,59,59,158,158,172,97,111,111,124,124,158,158,182,38,38,38,53,72,72,173,173,188,188,238,87,87,53,386,386,411,411,428,428,442,454,454,454],"floor_reached":51,"campfire_rested":7,"playtime":100784,"current_hp_per_floor":[70,75,75,75,75,8,30,3,3,25,25,25,47,47,47,37,75,61,61,59,45,35,59,23,23,23,23,23,23,23,21,45,10,80,59,59,57,57,57,57,48,38,38,62,62,62,56,56,80,48],"items_purged":["Strike_G"],"gold":454,"score":668,"play_id":"73a18037-38aa-4793-a02a-a79c96bfa755","is_prod":false,"is_daily":false,"is_ascension_mode":true,"campfire_upgraded":2,"path_taken":["M","?","M","M","?","E","R","M","T","R","M","?","R","?","R","BOSS","M","?","M","?","?","R","E","?","T","$","?","?","M","M","R","BOSS","M","?","?","?","?","$","E","?","T","R","M","R","M","M","R","BOSS"],"build_version":"2018-02-07-BETA1","purchased_purges":2,"victory":true,"master_deck":["Defend_G","Defend_G","Defend_G","Defend_G","Defend_G","Strike_G","Strike_G","Strike_G","Survivor","Neutralize+1","Backstab","Outmaneuver","Backflip","Noxious Fumes+1","Footwork+1","Tools of the Trade+1","Reflex+1","Backflip","Backflip","Deflect+1","A Thousand Cuts+1","Cloak And Dagger+1","Burst+1","Prepared+1","Footwork+1","Blur+1","Footwork+1","Backstab","Prepared+1","Madness","Madness+1","Noxious Fumes+1","Accuracy+1","Backflip"],"max_hp_per_floor":[70,75,75,75,75,75,75,75,75,75,75,75,75,75,75,75,75,75,75,75,80,80,80,80,80,80,80,80,80,80,80,80,80,80,80,80,80,80,80,80,80,80,80,80,80,80,80,80,80,80],"relics":["Ring of the Snake","Prayer Wheel","Frozen Egg 2","Bronze Scales","Sozu","Ninja Scroll","Juzu Bracelet","Sundial","Letter Opener","Question Card","Thread and Needle","Old Coin","Snake Skull"],"card_choices":[{"not_picked":["Slice","Caltrops"],"picked":"Backstab"},{"not_picked":["Underhanded Strike","Dagger Throw"],"picked":"Outmaneuver"},{"not_picked":["Underhanded Strike","Expertise"],"picked":"Backflip"},{"not_picked":["Underhanded Strike","Calculated Gamble"],"picked":"Noxious Fumes"},{"not_picked":["Venomology","Tactician"],"picked":"Tools of the Trade"},{"not_picked":["Accuracy","Predator"],"picked":"Reflex"},{"not_picked":["Underhanded Strike","All Out Attack"],"picked":"Backflip"},{"not_picked":["Flying Knee","Calculated Gamble"],"picked":"Backflip"},{"not_picked":["Dagger Throw","Bouncing Flask"],"picked":"Deflect"},{"not_picked":["Outmaneuver","Crippling Poison"],"picked":"Cloak And Dagger"},{"not_picked":["Unload","Wraith Form"],"picked":"Burst"},{"not_picked":["PiercingWail","Quick Slash","Cloak And Dagger"],"picked":"Prepared"},{"not_picked":["Outmaneuver","Doppelganger","Deadly Poison"],"picked":"Blur"},{"not_picked":["Backflip","Calculated Gamble","Underhanded Strike"],"picked":"Prepared"},{"not_picked":["Blade Dance","Dodge and Roll","Deadly Poison"],"picked":"Noxious Fumes"},{"not_picked":["Endless Agony","Prepared","Infinite Blades"],"picked":"Accuracy"},{"not_picked":["Sucker Punch","Dagger Throw","Deflect"],"picked":"Backflip"}],"player_experience":144260,"potions_floor_usage":[],"damage_taken":[{"damage":0.0,"enemies":"Small Slimes","floor":1.0,"turns":4.0},{"damage":0.0,"enemies":"Cultist","floor":3.0,"turns":4.0},{"damage":0.0,"enemies":"2 Louse","floor":4.0,"turns":3.0},{"damage":67.0,"enemies":"Lagavulin","floor":6.0,"turns":14.0},{"damage":27.0,"enemies":"Large Slime","floor":8.0,"turns":12.0},{"damage":0.0,"enemies":"Looter","floor":11.0,"turns":4.0},{"damage":10.0,"enemies":"The Guardian","floor":16.0,"turns":9.0},{"damage":14.0,"enemies":"Chosen","floor":18.0,"turns":7.0},{"damage":2.0,"enemies":"3 Byrds","floor":20.0,"turns":4.0},{"damage":10.0,"enemies":"Centurion and Healer","floor":22.0,"turns":10.0},{"damage":36.0,"enemies":"Slavers","floor":24.0,"turns":6.0},{"damage":0,"enemies":"Snake Plant","floor":30,"turns":4},{"damage":2,"enemies":"Sentry and Sphere","floor":31,"turns":4},{"damage":35,"enemies":"Collector","floor":33,"turns":10},{"damage":21,"enemies":"3 Darklings","floor":35,"turns":4},{"damage":2,"enemies":"Mysterious Sphere","floor":37,"turns":6},{"damage":9,"enemies":"2 Orb Walkers","floor":41,"turns":6},{"damage":0,"enemies":"3 Shapes","floor":45,"turns":4},{"damage":6,"enemies":"Sphere and 2 Shapes","floor":47,"turns":4},{"damage":0,"enemies":"3 Darklings","floor":48,"turns":4},{"damage":32,"enemies":"Awakened One","floor":50,"turns":16}],"event_choices":[{"event_name":"Big Fish","player_choice":"Donut","floor":2.0,"damage_taken":0.0},{"event_name":"Liars Game","player_choice":"disagreed","floor":5.0,"damage_taken":0.0},{"event_name":"The Lab","player_choice":"Got Potions","floor":12.0,"damage_taken":0.0},{"event_name":"Beggar","player_choice":"Gave Gold","floor":19.0,"damage_taken":0.0},{"event_name":"Forgotten Altar","player_choice":"Shed Blood","floor":21.0,"damage_taken":0.0},{"event_name":"N\u0027loth","player_choice":"Ignored","floor":25.0,"damage_taken":0.0},{"event_name":"The Mausoleum","player_choice":"Yes","floor":28.0,"damage_taken":0.0},{"event_name":"Wheel of Change","player_choice":"Relic","floor":29,"damage_taken":0},{"event_name":"Duplicator","player_choice":"One dupe","floor":36,"damage_taken":0},{"event_name":"Mysterious Sphere","player_choice":"Fight","floor":37,"damage_taken":0},{"event_name":"Accursed Blacksmith","player_choice":"Forge","floor":39,"damage_taken":0},{"event_name":"Winding Halls","player_choice":"Embrace Madness","floor":42,"damage_taken":0}],"boss_relics":[{"not_picked":["Calling Bell","Orrery"],"picked":"Question Card"}],"potions_floor_spawned":[3,4,18,24,33,35,45,48],"seed_played":"2075043273476036750","ascension_level":4,"is_trial":false}