{"gold_per_floor":[110,130,130,130,130,143,143,162,233,233,247,271,302,316,316,439,439,464,464,483,483],"floor_reached":21,"playtime":1837,"items_purged":[],"score":183,"play_id":"7790d295-e1d3-412d-9660-1efbc6621cb6","local_time":"20190101222149","is_ascension_mode":false,"campfire_choices":[{"data":"Neutralize","floor":7,"key":"SMITH"},{"data":"Backflip","floor":10,"key":"SMITH"},{"data":"Blade Dance","floor":15,"key":"SMITH"}],"neow_cost":"NONE","seed_source_timestamp":1048676125091518,"circlet_count":0,"master_deck":["Defend_G","Defend_G","Defend_G","Defend_G+1","Defend_G","Strike_G","Strike_G","Strike_G","Strike_G","Strike_G","Survivor+1","Neutralize+1","Dagger Spray","Backflip+1","Heel Hook","Cloak And Dagger","Choke","Blur","After Image","Blade Dance+1","Envenom","Accuracy","Backflip"],"relics":["Ring of the Snake","Golden Idol","Snake Skull","Meat on the Bone","War Paint","Eternal Feather","Oddly Smooth Stone"],"potions_floor_usage":[13,16],"damage_taken":[{"damage":5,"enemies":"Jaw Worm","floor":1,"turns":5},{"damage":0,"enemies":"Small Slimes","floor":2,"turns":3},{"damage":5,"enemies":"2 Louse","floor":6,"turns":3},{"damage":2,"enemies":"Looter","floor":8,"turns":3},{"damage":29,"enemies":"Gremlin Gang","floor":11,"turns":4},{"damage":7,"enemies":"Blue Slaver","floor":12,"turns":3},{"damage":21,"enemies":"3 Sentries","floor":13,"turns":8},{"damage":5,"enemies":"Exordium Thugs","floor":14,"turns":6},{"damage":26,"enemies":"Slime Boss","floor":16,"turns":14},{"damage":29,"enemies":"Spheric Guardian","floor":18,"turns":8},{"damage":8,"enemies":"3 Byrds","floor":20,"turns":6},{"damage":40,"enemies":"3 Cultists","floor":21,"turns":5}],"seed_played":"3364789517135562839","potions_obtained":[{"floor":6,"key":"Ancient Potion"},{"floor":11,"key":"FearPotion"},{"floor":13,"key":"Energy Potion"},{"floor":16,"key":"Fire Potion"},{"floor":20,"key":"GamblersBrew"}],"is_trial":false,"path_per_floor":["M","M","?","?","?","M","R","M","T","R","M","M","E","M","R","B",null,"M","?","M","M"],"character_chosen":"THE_SILENT","items_purchased":[],"campfire_rested":0,"item_purchase_floors":[],"current_hp_per_floor":[72,72,72,72,69,64,64,62,62,62,45,50,41,48,48,34,77,48,48,40,0],"gold":483,"neow_bonus":"TEN_PERCENT_HP_BONUS","is_prod":false,"is_daily":false,"chose_seed":false,"campfire_upgraded":3,"win_rate":0,"timestamp":1546348909,"path_taken":["M","M","?","?","?","M","R","M","T","R","M","M","E","M","R","BOSS","M","?","M","M"],"build_version":"2018-12-20","purchased_purges":0,"victory":false,"max_hp_per_floor":[77,77,77,77,77,77,77,77,77,77,77,77,77,77,77,77,77,77,77,77,77],"card_choices":[{"not_picked":["Slice","Terror"],"picked":"Dagger Spray","floor":1},{"not_picked":["Dagger Throw","Choke"],"picked":"Backflip","floor":2},{"not_picked":["Dagger Throw","Bane"],"picked":"Heel Hook","floor":6},{"not_picked":["Prepared","Quick Slash"],"picked":"Cloak And Dagger","floor":8},{"not_picked":["Masterful Stab","Sucker Punch"],"picked":"Choke","floor":11},{"not_picked":["Masterful Stab","Outmaneuver"],"picked":"Blur","floor":12},{"not_picked":["Outmaneuver","Calculated Gamble"],"picked":"After Image","floor":13},{"not_picked":["Choke","Acrobatics"],"picked":"Blade Dance","floor":14},{"not_picked":["A Thousand Cuts","After Image"],"picked":"Envenom","floor":16},{"not_picked":["Backflip","Quick Slash"],"picked":"Accuracy","floor":18},{"not_picked":["Sucker Punch","Masterful Stab"],"picked":"Backflip","floor":20}],"player_experience":272927,"relics_obtained":[{"floor":9,"key":"Meat on the Bone"},{"floor":13,"key":"War Paint"},{"floor":19,"key":"Oddly Smooth Stone"}],"event_choices":[{"damage_healed":0,"gold_gain":0,"player_choice":"Take Wound","damage_taken":0,"relics_obtained":["Golden Idol"],"max_hp_gain":0,"max_hp_loss":0,"event_name":"Golden Idol","floor":3,"gold_loss":0,"cards_obtained":["Injury"]},{"cards_removed":["Injury"],"damage_healed":0,"gold_gain":0,"player_choice":"Forget","damage_taken":0,"max_hp_gain":0,"max_hp_loss":0,"event_name":"Living Wall","floor":4,"gold_loss":0},{"damage_healed":0,"gold_gain":0,"player_choice":"Success","damage_taken":3,"relics_obtained":["Snake Skull"],"max_hp_gain":0,"max_hp_loss":0,"event_name":"Scrap Ooze","floor":5,"gold_loss":0},{"damage_healed":0,"gold_gain":0,"player_choice":"Relic","damage_taken":0,"max_hp_gain":0,"max_hp_loss":0,"event_name":"Wheel of Change","floor":19,"gold_loss":0}],"is_beta":false,"boss_relics":[{"not_picked":["Ectoplasm","HoveringKite"],"picked":"Eternal Feather"}],"items_purged_floors":[],"is_endless":false,"potions_floor_spawned":[6,11,13,16,20],"killed_by":"3 Cultists","ascension_level":0}