{"gold_per_floor":[118,138,154,166,183,183,183,216,216,216,230,247,52,63,63,160,160,172,190,115,127,127,127,159,159,186,186,186,217,228,256,256,359,359,377,64,75,175,175,207,207,234,234,41,52,127,127,145,145,145,145,145,72,102,102],"floor_reached":56,"playtime":5272,"items_purged":[],"score":1267,"play_id":"6a2617c2-a168-4e35-ba5d-3f505f08ecf6","local_time":"20190317181723","is_ascension_mode":false,"campfire_choices":[{"data":"Redo","floor":7,"key":"SMITH"},{"data":"Conserve Battery","floor":10,"key":"SMITH"},{"data":"Apotheosis","floor":15,"key":"SMITH"},{"floor":23,"key":"REST"},{"floor":25,"key":"REST"},{"floor":27,"key":"REST"},{"floor":32,"key":"REST"},{"floor":41,"key":"RECALL"},{"floor":47,"key":"REST"},{"floor":49,"key":"REST"},{"floor":52,"key":"REST"}],"neow_cost":"NONE","seed_source_timestamp":19236716850500,"circlet_count":0,"master_deck":["Strike_B","Strike_B","Strike_B","Strike_B","Defend_B","Defend_B+1","Zap","Dualcast","Redo+1","Hologram","Cold Snap","Conserve Battery+1","Seek","Conserve Battery","Conserve Battery","Apotheosis+1","Seek","Biased Cognition","Coolheaded","Coolheaded+1","Core Surge","Glacier+1","Seek","Capacitor+1","Defragment","Turbo","Defragment+1","Blizzard","Static Discharge","Blizzard","Coolheaded","Creative AI","Capacitor","Glacier+1","Defragment+1"],"relics":["Cracked Core","Pen Nib","Fusion Hammer","Mercury Hourglass","Question Card","Dream Catcher","Potion Belt","Regal Pillow","Orrery","Torii","Bird Faced Urn","Ornamental Fan","Blue Candle","Oddly Smooth Stone","Medical Kit","Boot"],"potions_floor_usage":[45,55,55,55,55,55],"damage_taken":[{"damage":8,"enemies":"2 Louse","floor":1,"turns":3},{"damage":1,"enemies":"Jaw Worm","floor":2,"turns":3},{"damage":7,"enemies":"Small Slimes","floor":3,"turns":4},{"damage":7,"enemies":"Exordium Thugs","floor":4,"turns":5},{"damage":0,"enemies":"Exordium Wildlife","floor":5,"turns":3},{"damage":5,"enemies":"3 Sentries","floor":8,"turns":10},{"damage":0,"enemies":"2 Fungi Beasts","floor":11,"turns":3},{"damage":0,"enemies":"Exordium Thugs","floor":12,"turns":4},{"damage":3,"enemies":"3 Louse","floor":14,"turns":3},{"damage":10,"enemies":"Hexaghost","floor":16,"turns":13},{"damage":0,"enemies":"Shell Parasite","floor":18,"turns":7},{"damage":7,"enemies":"3 Byrds","floor":19,"turns":6},{"damage":8,"enemies":"Centurion and Healer","floor":21,"turns":8},{"damage":42,"enemies":"Slavers","floor":24,"turns":6},{"damage":28,"enemies":"Gremlin Leader","floor":29,"turns":11},{"damage":19,"enemies":"Snake Plant","floor":30,"turns":4},{"damage":0,"enemies":"Book of Stabbing","floor":31,"turns":6},{"damage":27,"enemies":"Champ","floor":33,"turns":22},{"damage":2,"enemies":"Orb Walker","floor":35,"turns":2},{"damage":1,"enemies":"3 Darklings","floor":37,"turns":6},{"damage":0,"enemies":"Mind Bloom Boss Battle","floor":38,"turns":5},{"damage":7,"enemies":"Giant Head","floor":40,"turns":10},{"damage":1,"enemies":"Reptomancer","floor":42,"turns":8},{"damage":2,"enemies":"4 Shapes","floor":45,"turns":5},{"damage":18,"enemies":"Transient","floor":48,"turns":5},{"damage":9,"enemies":"Awakened One","floor":50,"turns":19},{"damage":36,"enemies":"Shield and Spear","floor":54,"turns":8},{"damage":36,"enemies":"The Heart","floor":55,"turns":11}],"seed_played":"1282427992379788102","potions_obtained":[{"floor":2,"key":"EssenceOfSteel"},{"floor":3,"key":"Ancient Potion"},{"floor":4,"key":"Block Potion"},{"floor":5,"key":"LiquidBronze"},{"floor":29,"key":"PowerPotion"},{"floor":38,"key":"AttackPotion"},{"floor":45,"key":"Swift Potion"},{"floor":48,"key":"Dexterity Potion"}],"is_trial":false,"path_per_floor":["?","?","?","?","M","?","?","?"],"character_chosen":"DEFECT","items_purchased":["Apotheosis","Torii","Medical Kit","FocusPotion"],"campfire_rested":7,"item_purchase_floors":[13,36,44,53],"current_hp_per_floor":[67,66,59,52,52,52,52,47,47,47,47,47,47,44,44,34,75,75,68,68,60,60,75,33,55,55,75,75,47,28,28,65,38,75,73,73,72,72,72,72,72,75,75,75,74,67,75,60,75,75,75,75,75,69,55],"gold":102,"neow_bonus":"UPGRADE_CARD","is_prod":false,"is_daily":false,"chose_seed":false,"campfire_upgraded":3,"win_rate":0,"timestamp":1552861043,"path_taken":["M","M","M","M","M","?","R","E","T","R","M","M","$","M","R","BOSS","M","M","?","M","?","R","E","R","T","R","?","E","?","E","R","BOSS","M","$","M","?","?","E","R","E","T","$","M","?","R","M","R","BOSS","R","$","E","BOSS"],"build_version":"2019-01-23","purchased_purges":0,"victory":true,"max_hp_per_floor":[75,75,75,75,75,75,75,75,75,75,75,75,75,75,75,75,75,75,75,75,75,75,75,75,75,75,75,75,75,75,75,75,75,75,75,75,75,75,75,75,75,75,75,75,75,75,75,75,75,75,75,75,75,75,75],"card_choices":[{"not_picked":["Streamline","Rip and Tear"],"picked":"Redo","floor":1},{"not_picked":["Tempest","Streamline"],"picked":"Hologram","floor":2},{"not_picked":["Capacitor","Coolheaded"],"picked":"Conserve Battery","floor":3},{"not_picked":["Hologram","Coolheaded"],"picked":"Cold Snap","floor":4},{"not_picked":["Steam Power","Barrage"],"picked":"Conserve Battery","floor":5},{"not_picked":["Capacitor","Coolheaded"],"picked":"Seek","floor":8},{"not_picked":["Beam Cell","Ball Lightning"],"picked":"Conserve Battery","floor":11},{"not_picked":["Beam Cell","Multi-Cast"],"picked":"Conserve Battery","floor":12},{"not_picked":["Steam Power","Hello World","Hologram"],"picked":"SKIP","floor":14},{"not_picked":["Amplify","Meteor Strike"],"picked":"Seek","floor":16},{"not_picked":["Sweeping Beam","Melter","Compile Driver"],"picked":"SKIP","floor":18},{"not_picked":["Streamline","Steam+1","Reprogram"],"picked":"SKIP","floor":19},{"not_picked":["Turbo","Sweeping Beam+1","Conserve Battery"],"picked":"SKIP","floor":21},{"not_picked":["Conserve Battery","Lockon+1"],"picked":"Biased Cognition","floor":24},{"not_picked":["Rebound","White Noise+1","Leap"],"picked":"Coolheaded","floor":27},{"not_picked":["Sweeping Beam","Ball Lightning","Tempest"],"picked":"Coolheaded+1","floor":29},{"not_picked":["Barrage","Coolheaded+1","Go for the Eyes"],"picked":"Core Surge","floor":30},{"not_picked":["Streamline+1","Go for the Eyes+1","Cold Snap","Tempest+1"],"picked":"SKIP","floor":31},{"not_picked":["Ball Lightning+1","Leap","Lockon"],"picked":"Glacier+1","floor":32},{"not_picked":["Biased Cognition","All For One","Meteor Strike"],"picked":"Seek","floor":33},{"not_picked":["Reprogram+1","Defragment","Streamline"],"picked":"Capacitor+1","floor":34},{"not_picked":["Chill","Lockon","Sweeping Beam"],"picked":"Defragment","floor":34},{"not_picked":["Darkness","Sunder","Rebound+1"],"picked":"Turbo","floor":34},{"not_picked":["Ball Lightning+1","Streamline+1","Barrage+1"],"picked":"Defragment+1","floor":35},{"not_picked":["Rip and Tear+1","Chill+1","Gash"],"picked":"Blizzard","floor":37},{"not_picked":["Tempest","All For One","Loop"],"picked":"Static Discharge","floor":40},{"not_picked":["Coolheaded+1","Redo+1","Barrage"],"picked":"Blizzard","floor":42},{"not_picked":["Beam Cell+1","Ball Lightning","Double Energy","Stack+1"],"picked":"SKIP","floor":45},{"not_picked":["Ball Lightning+1","Cold Snap","BootSequence"],"picked":"Coolheaded","floor":47},{"not_picked":["Melter+1","Redo","Beam Cell+1"],"picked":"Creative AI","floor":48},{"not_picked":["Reprogram","Doom and Gloom","Rebound+1"],"picked":"Capacitor","floor":49},{"not_picked":["Hello World+1","BootSequence","Skim"],"picked":"Glacier+1","floor":52},{"not_picked":["Ball Lightning","Redo","Leap+1"],"picked":"Defragment+1","floor":54}],"player_experience":205536,"relics_obtained":[{"floor":8,"key":"Pen Nib"},{"floor":24,"key":"Question Card"},{"floor":26,"key":"Dream Catcher"},{"floor":29,"key":"Potion Belt"},{"floor":31,"key":"Regal Pillow"},{"floor":38,"key":"Bird Faced Urn"},{"floor":40,"key":"Ornamental Fan"},{"floor":42,"key":"Blue Candle"},{"floor":43,"key":"Oddly Smooth Stone"},{"floor":54,"key":"Boot"}],"event_choices":[{"damage_healed":0,"gold_gain":0,"player_choice":"Ignored","damage_taken":0,"max_hp_gain":0,"max_hp_loss":0,"event_name":"Liars Game","floor":6,"gold_loss":0},{"cards_removed":["Defend_B"],"damage_healed":0,"gold_gain":0,"player_choice":"Gave Gold","damage_taken":0,"max_hp_gain":0,"max_hp_loss":0,"event_name":"Beggar","floor":20,"gold_loss":75},{"damage_healed":0,"gold_gain":0,"player_choice":"Opened","damage_taken":0,"relics_obtained":["Mercury Hourglass"],"max_hp_gain":0,"max_hp_loss":0,"event_name":"The Mausoleum","floor":22,"gold_loss":0},{"cards_removed":["Defend_B"],"damage_healed":0,"gold_gain":0,"player_choice":"Purged","damage_taken":0,"max_hp_gain":0,"max_hp_loss":0,"event_name":"Purifier","floor":28,"gold_loss":0},{"damage_healed":0,"gold_gain":0,"player_choice":"Fight","damage_taken":0,"max_hp_gain":0,"max_hp_loss":0,"event_name":"MindBloom","floor":38,"gold_loss":0},{"cards_removed":["Conserve Battery"],"damage_healed":0,"gold_gain":0,"player_choice":"Removed Skill","damage_taken":0,"max_hp_gain":0,"max_hp_loss":0,"event_name":"Falling","floor":39,"gold_loss":0},{"damage_healed":0,"gold_gain":75,"player_choice":"Touch","damage_taken":7,"max_hp_gain":0,"max_hp_loss":0,"event_name":"FaceTrader","floor":46,"gold_loss":0}],"is_beta":false,"boss_relics":[{"not_picked":["Pandora\u0027s Box","Philosopher\u0027s Stone"],"picked":"Fusion Hammer"},{"not_picked":["Velvet Choker","Cursed Key"],"picked":"Orrery"}],"items_purged_floors":[],"is_endless":false,"potions_floor_spawned":[2,3,4,5,18,21,29,38,40,45,48],"ascension_level":0}