{"gold_per_floor":[111,186,200,33,50,85,95,95,95,95,245,170,197,211,211,285,285,297,25,25,25,25,50,62,90,90,125,125],"floor_reached":28,"playtime":2489,"items_purged":[],"score":553,"play_id":"6ed00fe4-6a91-43ca-ba5a-5cbcef4b5e77","local_time":"20190313133209","is_ascension_mode":true,"campfire_choices":[{"data":"Armaments","floor":8,"key":"SMITH"},{"data":"Pommel Strike","floor":15,"key":"SMITH"}],"neow_cost":"NONE","seed_source_timestamp":1876742099110,"circlet_count":0,"master_deck":["AscendersBane","Defend_R","Defend_R","Defend_R","Defend_R","Bash+1","Armaments+1","Offering","Pommel Strike+1","Shockwave","Carnage+1","Spot Weakness","Demon Form+1","Immolate","Shrug It Off","Corruption+1","Evolve+1","Bite","Bite","Bite","Bite","Bite","Power Through","Iron Wave+1","Warcry"],"relics":["Burning Blood","Oddly Smooth Stone","Question Card","Frozen Egg 2","Pantograph","Fusion Hammer","Membership Card","Potion Belt","Du-Vu Doll","Molten Egg 2","Red Mask"],"potions_floor_usage":[13,23,27],"damage_taken":[{"damage":9,"enemies":"Jaw Worm","floor":1,"turns":4},{"damage":9,"enemies":"Small Slimes","floor":3,"turns":5},{"damage":2,"enemies":"2 Louse","floor":5,"turns":5},{"damage":34,"enemies":"Lagavulin","floor":6,"turns":9},{"damage":8,"enemies":"Looter","floor":7,"turns":4},{"damage":21,"enemies":"3 Sentries","floor":13,"turns":7},{"damage":1,"enemies":"Blue Slaver","floor":14,"turns":3},{"damage":20,"enemies":"Hexaghost","floor":16,"turns":8},{"damage":29,"enemies":"Spheric Guardian","floor":18,"turns":4},{"damage":31,"enemies":"Gremlin Leader","floor":23,"turns":5},{"damage":17,"enemies":"2 Thieves","floor":24,"turns":3},{"damage":44,"enemies":"Book of Stabbing","floor":25,"turns":5},{"damage":23,"enemies":"Masked Bandits","floor":27,"turns":4},{"damage":20,"enemies":"Snake Plant","floor":28,"turns":2}],"seed_played":"3164860844555449340","potions_obtained":[{"floor":6,"key":"FearPotion"},{"floor":13,"key":"Swift Potion"},{"floor":16,"key":"Regen Potion"},{"floor":18,"key":"Block Potion"},{"floor":24,"key":"Block Potion"}],"is_trial":false,"path_per_floor":["M","?","M","$","M","E","M","R","T","?","?","?","E","M","R","B",null,"M","$","?","?","?","E","M","E","T","?","M"],"character_chosen":"IRONCLAD","items_purchased":["Oddly Smooth Stone","Membership Card","Corruption+1"],"campfire_rested":0,"item_purchase_floors":[4,19,19],"current_hp_per_floor":[65,54,51,51,55,27,25,25,25,25,25,25,10,15,15,26,63,40,40,40,40,40,51,52,27,27,18,0],"gold":125,"neow_bonus":"UPGRADE_CARD","is_prod":false,"is_daily":false,"chose_seed":false,"campfire_upgraded":2,"win_rate":0,"timestamp":1552476729,"path_taken":["M","?","M","$","M","E","M","R","T","?","?","?","E","?","R","BOSS","M","$","?","?","?","E","M","E","T","?","M"],"build_version":"2019-02-06","purchased_purges":0,"victory":false,"max_hp_per_floor":[75,75,75,75,75,75,75,75,75,75,75,75,75,75,75,75,75,75,75,75,52,52,52,52,52,52,52,52],"card_choices":[{"not_picked":["Warcry","Wild Strike"],"picked":"Armaments","floor":1},{"not_picked":["Heavy Blade","Perfected Strike"],"picked":"Offering","floor":3},{"not_picked":["Clash","Thunderclap"],"picked":"Pommel Strike","floor":5},{"not_picked":["Anger","Heavy Blade"],"picked":"Shockwave","floor":6},{"not_picked":["Headbutt","Dual Wield","Clash"],"picked":"Carnage","floor":7},{"not_picked":["Wild Strike","Cleave","Infernal Blade"],"picked":"Spot Weakness","floor":13},{"not_picked":["Intimidate","Anger","Flex"],"picked":"Demon Form+1","floor":14},{"not_picked":["Exhume","Fiend Fire","Berserk+1"],"picked":"Immolate","floor":16},{"not_picked":["Searing Blow","Rage","Wild Strike"],"picked":"Shrug It Off","floor":18},{"not_picked":["Rupture+1","Thunderclap","Clash+1","Body Slam"],"picked":"SKIP","floor":23},{"not_picked":["Pommel Strike","Sword Boomerang","Havoc"],"picked":"Power Through","floor":24},{"not_picked":["Reckless Charge","Juggernaut+1","Seeing Red"],"picked":"Iron Wave+1","floor":25},{"not_picked":["Havoc","Bloodletting","Clash+1"],"picked":"Warcry","floor":27}],"player_experience":673778,"relics_obtained":[{"floor":6,"key":"Question Card"},{"floor":9,"key":"Frozen Egg 2"},{"floor":13,"key":"Pantograph"},{"floor":23,"key":"Potion Belt"},{"floor":25,"key":"Du-Vu Doll"},{"floor":26,"key":"Molten Egg 2"},{"floor":27,"key":"Red Mask"}],"event_choices":[{"damage_healed":0,"gold_gain":75,"player_choice":"Gather Gold","damage_taken":11,"max_hp_gain":0,"max_hp_loss":0,"event_name":"World of Goop","floor":2,"gold_loss":0},{"damage_healed":0,"gold_gain":0,"player_choice":"Grow","damage_taken":0,"max_hp_gain":0,"max_hp_loss":0,"event_name":"Living Wall","floor":10,"gold_loss":0,"cards_upgraded":["Carnage"]},{"damage_healed":0,"gold_gain":150,"player_choice":"AGREE","damage_taken":0,"max_hp_gain":0,"max_hp_loss":0,"event_name":"Liars Game","floor":11,"gold_loss":0,"cards_obtained":["Doubt"]},{"cards_removed":["Doubt"],"damage_healed":0,"gold_gain":0,"player_choice":"Card Removal","damage_taken":0,"max_hp_gain":0,"max_hp_loss":0,"event_name":"The Cleric","floor":12,"gold_loss":75},{"damage_healed":0,"gold_gain":0,"player_choice":"Read","damage_taken":0,"max_hp_gain":0,"max_hp_loss":0,"event_name":"The Library","floor":20,"gold_loss":0,"cards_obtained":["Evolve"]},{"damage_healed":0,"gold_gain":0,"player_choice":"Became a vampire","damage_taken":0,"max_hp_gain":0,"max_hp_loss":23,"event_name":"Vampires","floor":21,"gold_loss":0,"cards_obtained":["Bite","Bite","Bite","Bite","Bite"]},{"damage_healed":0,"gold_gain":0,"player_choice":"Ignored","damage_taken":0,"max_hp_gain":0,"max_hp_loss":0,"event_name":"Beggar","floor":22,"gold_loss":0},{"damage_healed":0,"gold_gain":0,"player_choice":"Fought Bandits","damage_taken":0,"max_hp_gain":0,"max_hp_loss":0,"event_name":"Masked Bandits","floor":27,"gold_loss":0}],"is_beta":true,"boss_relics":[{"not_picked":["Empty Cage","Velvet Choker"],"picked":"Fusion Hammer"}],"items_purged_floors":[],"is_endless":false,"potions_floor_spawned":[6,13,16,18,24],"killed_by":"Snake Plant","ascension_level":20}