{"gold_per_floor":[361,361,158,158,108,108,122,122,168,184,184,196,196,207,207,307,307,327,243,257,287,300,300,319,319,319,333,333,362,362],"floor_reached":30,"playtime":1233,"items_purged":["Strike_B","Strike_B"],"score":252,"play_id":"fe299b62-b64f-4d6a-92b2-a9deb4a19715","local_time":"20190102010502","is_ascension_mode":true,"campfire_choices":[{"data":"Zap","floor":6,"key":"SMITH"},{"data":"Conserve Battery","floor":8,"key":"SMITH"},{"data":"Chaos","floor":13,"key":"SMITH"},{"data":"White Noise","floor":15,"key":"SMITH"},{"data":"Glacier","floor":23,"key":"SMITH"},{"floor":28,"key":"REST"}],"neow_cost":"TEN_PERCENT_HP_LOSS","seed_source_timestamp":1059073978274253,"circlet_count":0,"master_deck":["Strike_B","Strike_B","Defend_B+1","Defend_B","Defend_B","Zap+1","Dualcast","Cold Snap","Glacier+1","Conserve Battery+1","White Noise+1","Chaos+1","Ball Lightning","Go for the Eyes","Seek+1","Redo","Loop","Hologram+1","Blizzard","Sunder"],"relics":["Cracked Core","Blue Candle","Boot","Smiling Mask","Lizard Tail","Tiny Chest","MutagenicStrength","PreservedInsect","War Paint"],"potions_floor_usage":[12,16,29],"damage_taken":[{"damage":6,"enemies":"Cultist","floor":1,"turns":3},{"damage":1,"enemies":"Small Slimes","floor":7,"turns":3},{"damage":6,"enemies":"2 Louse","floor":10,"turns":2},{"damage":3,"enemies":"Looter","floor":12,"turns":4},{"damage":7,"enemies":"Gremlin Gang","floor":14,"turns":5},{"damage":24,"enemies":"Slime Boss","floor":16,"turns":14},{"damage":1,"enemies":"Spheric Guardian","floor":18,"turns":4},{"damage":22,"enemies":"2 Thieves","floor":20,"turns":4},{"damage":17,"enemies":"Shelled Parasite and Fungi","floor":22,"turns":10},{"damage":11,"enemies":"Snecko","floor":24,"turns":6},{"damage":23,"enemies":"Cultist and Chosen","floor":27,"turns":9},{"damage":56,"enemies":"Slavers","floor":29,"turns":4},{"damage":6,"enemies":"Snake Plant","floor":30,"turns":2}],"seed_played":"6847462626284691814","potions_obtained":[{"floor":1,"key":"Weak Potion"},{"floor":10,"key":"SteroidPotion"},{"floor":11,"key":"Fruit Juice"},{"floor":16,"key":"SteroidPotion"},{"floor":20,"key":"Ancient Potion"},{"floor":24,"key":"AttackPotion"}],"is_trial":false,"path_per_floor":["M","T","$","?","?","R","M","R","T","M","?","M","R","M","R","B",null,"M","$","M","?","M","R","M","?","T","M","R","E","M"],"character_chosen":"DEFECT","items_purchased":["Glacier","Conserve Battery","Loop"],"campfire_rested":1,"item_purchase_floors":[3,3,19],"current_hp_per_floor":[62,62,62,59,59,59,58,58,58,52,52,54,54,47,47,23,73,72,72,50,50,33,33,22,22,22,36,57,1,0],"gold":362,"neow_bonus":"TWO_FIFTY_GOLD","is_prod":false,"is_daily":false,"chose_seed":false,"campfire_upgraded":5,"win_rate":0,"timestamp":1546358702,"path_taken":["M","?","$","?","?","R","M","R","T","M","?","M","R","?","R","BOSS","M","$","M","?","?","R","M","?","T","M","R","E","M"],"build_version":"2018-12-20","purchased_purges":2,"victory":false,"max_hp_per_floor":[68,68,68,68,68,68,68,68,68,68,68,73,73,73,73,73,73,73,73,73,73,73,73,73,73,73,73,73,73,73],"card_choices":[{"not_picked":["Doom and Gloom","Redo"],"picked":"Cold Snap","floor":1},{"not_picked":["Barrage","Stack"],"picked":"White Noise","floor":7},{"not_picked":["Rebound","Compile Driver"],"picked":"Chaos","floor":10},{"not_picked":["Amplify","Steam Power"],"picked":"Ball Lightning","floor":12},{"not_picked":["Leap","Compile Driver"],"picked":"Go for the Eyes","floor":14},{"not_picked":["Rainbow","Thunder Strike"],"picked":"Seek","floor":16},{"not_picked":["Glacier","Rip and Tear"],"picked":"Redo","floor":18},{"not_picked":["Ball Lightning","Consume"],"picked":"Hologram+1","floor":20},{"not_picked":["Glacier","Gash","Undo"],"picked":"SKIP","floor":22},{"not_picked":["Coolheaded+1","Gash"],"picked":"Blizzard","floor":24},{"not_picked":["Beam Cell","Go for the Eyes+1"],"picked":"Sunder","floor":27},{"not_picked":["Melter+1","Steam+1","Reprogram+1"],"picked":"SKIP","floor":29}],"player_experience":283208,"relics_obtained":[{"floor":2,"key":"Blue Candle"},{"floor":9,"key":"Smiling Mask"},{"floor":26,"key":"PreservedInsect"},{"floor":29,"key":"War Paint"}],"event_choices":[{"damage_healed":0,"gold_gain":0,"player_choice":"Success","damage_taken":3,"relics_obtained":["Boot"],"max_hp_gain":0,"max_hp_loss":0,"event_name":"Scrap Ooze","floor":4,"gold_loss":0},{"cards_removed":["Defend_B"],"damage_healed":0,"gold_gain":0,"player_choice":"Card Removal","damage_taken":0,"max_hp_gain":0,"max_hp_loss":0,"event_name":"The Cleric","floor":5,"gold_loss":50},{"damage_healed":0,"gold_gain":0,"player_choice":"Got Potions","damage_taken":0,"max_hp_gain":0,"max_hp_loss":0,"event_name":"Lab","floor":11,"gold_loss":0},{"damage_healed":0,"gold_gain":0,"player_choice":"Gave Potion","damage_taken":0,"relics_obtained":["Tiny Chest"],"max_hp_gain":0,"max_hp_loss":0,"event_name":"WeMeetAgain","floor":21,"gold_loss":0},{"damage_healed":0,"gold_gain":0,"player_choice":"Inject Mutagens","damage_taken":0,"relics_obtained":["MutagenicStrength"],"max_hp_gain":0,"max_hp_loss":0,"event_name":"Drug Dealer","floor":25,"gold_loss":0}],"is_beta":false,"boss_relics":[{"not_picked":["Runic Pyramid","Busted Crown"],"picked":"Lizard Tail"}],"items_purged_floors":[3,19],"is_endless":false,"potions_floor_spawned":[1,10,16,20,24],"killed_by":"Snake Plant","ascension_level":1}