{"gold_per_floor":[114,114,128,128,53,53,111,111,111,131,131,96,151,170,170,241,241,258,228,228],"floor_reached":20,"playtime":1303,"items_purged":["Strike_R"],"score":394,"play_id":"def1df3d-99a9-4376-847e-eefd65f536eb","local_time":"20190312225405","is_ascension_mode":true,"campfire_choices":[{"data":"Dark Shackles","floor":6,"key":"SMITH"},{"floor":8,"key":"REST"},{"data":"Limit Break","floor":15,"key":"SMITH"}],"neow_cost":"CURSE","seed_source_timestamp":512275714697949,"circlet_count":0,"master_deck":["AscendersBane","Strike_R","Strike_R","Strike_R","Defend_R","Defend_R","Defend_R","Defend_R","Bash","Deep Breath","Dark Shackles+1","Writhe","Battle Trance","Heavy Blade","Rage","Inflame","Limit Break+1","Iron Wave","Impervious","Body Slam","Evolve+1"],"relics":["Burning Blood","Orichalcum","Juzu Bracelet","Pantograph","Tiny Chest","Sozu"],"potions_floor_usage":[7,13,14,16],"damage_taken":[{"damage":2,"enemies":"2 Louse","floor":1,"turns":4},{"damage":4,"enemies":"Small Slimes","floor":3,"turns":5},{"damage":20,"enemies":"3 Sentries","floor":7,"turns":9},{"damage":13,"enemies":"Jaw Worm","floor":10,"turns":4},{"damage":31,"enemies":"Lagavulin","floor":13,"turns":6},{"damage":16,"enemies":"Large Slime","floor":14,"turns":8},{"damage":28,"enemies":"Slime Boss","floor":16,"turns":6},{"damage":27,"enemies":"3 Byrds","floor":18,"turns":7},{"damage":21,"enemies":"2 Thieves","floor":19,"turns":4},{"damage":33,"enemies":"Snecko","floor":20,"turns":6}],"seed_played":"-4048441130587100784","potions_obtained":[{"floor":1,"key":"Explosive Potion"},{"floor":10,"key":"EssenceOfSteel"},{"floor":11,"key":"SpeedPotion"},{"floor":13,"key":"PowerPotion"}],"is_trial":false,"path_per_floor":["M","?","M","?","$","R","?","R","T","M","?","?","E","M","R","B",null,"M","M","M"],"character_chosen":"IRONCLAD","items_purchased":[],"campfire_rested":1,"item_purchase_floors":[],"current_hp_per_floor":[72,46,48,48,48,48,34,56,56,49,49,67,42,32,32,35,65,44,29,0],"gold":228,"neow_bonus":"RANDOM_COLORLESS_2","is_prod":false,"is_daily":false,"chose_seed":false,"campfire_upgraded":2,"win_rate":0,"timestamp":1552452845,"path_taken":["M","?","M","?","$","R","?","R","T","M","?","?","E","M","R","BOSS","M","M","M"],"build_version":"2019-01-23","purchased_purges":1,"victory":false,"max_hp_per_floor":[75,75,75,75,75,75,75,75,75,75,75,75,75,75,75,75,75,75,75,75],"card_choices":[{"not_picked":["Blood for Blood","Clothesline"],"picked":"Battle Trance","floor":1},{"not_picked":["Armaments","Perfected Strike"],"picked":"Heavy Blade","floor":3},{"not_picked":["Fire Breathing","Clothesline"],"picked":"Rage","floor":7},{"not_picked":["Sentinel","Clash"],"picked":"Inflame","floor":10},{"not_picked":["Twin Strike","Clash"],"picked":"Limit Break","floor":13},{"not_picked":["Clothesline","Wild Strike"],"picked":"Iron Wave","floor":14},{"not_picked":["Berserk","Limit Break"],"picked":"Impervious","floor":16},{"not_picked":["Corruption","Havoc"],"picked":"Body Slam","floor":18},{"not_picked":["Iron Wave","Anger"],"picked":"Evolve+1","floor":19}],"player_experience":1414087,"relics_obtained":[{"floor":9,"key":"Pantograph"},{"floor":13,"key":"Tiny Chest"}],"event_choices":[{"damage_healed":0,"gold_gain":0,"player_choice":"Success","damage_taken":26,"relics_obtained":["Orichalcum"],"max_hp_gain":0,"max_hp_loss":0,"event_name":"Scrap Ooze","floor":2,"gold_loss":0},{"cards_removed":["Strike_R"],"damage_healed":0,"gold_gain":0,"player_choice":"Forget","damage_taken":0,"max_hp_gain":0,"max_hp_loss":0,"event_name":"Living Wall","floor":4,"gold_loss":0},{"damage_healed":0,"gold_gain":0,"player_choice":"Searched \u00272\u0027 times","damage_taken":0,"relics_obtained":["Juzu Bracelet"],"max_hp_gain":0,"max_hp_loss":0,"event_name":"Dead Adventurer","floor":7,"gold_loss":0},{"damage_healed":0,"gold_gain":0,"player_choice":"Got Potions","damage_taken":0,"max_hp_gain":0,"max_hp_loss":0,"event_name":"Lab","floor":11,"gold_loss":0},{"damage_healed":18,"gold_gain":0,"player_choice":"Healed","damage_taken":0,"max_hp_gain":0,"max_hp_loss":0,"event_name":"The Cleric","floor":12,"gold_loss":35}],"is_beta":false,"boss_relics":[{"not_picked":["Black Blood","Runic Pyramid"],"picked":"Sozu"}],"items_purged_floors":[5],"is_endless":false,"potions_floor_spawned":[1,10,13],"killed_by":"Snecko","ascension_level":20}