{"gold_per_floor":[117,129,147,165,165,37,47,47,47,80,94,94,123,137,137,208,208,223,223,233,233,251,251,47,10,10,10,35,55,55],"floor_reached":30,"playtime":2240,"items_purged":["Regret"],"score":524,"play_id":"95b21597-536a-485b-bf3c-a95e4442aa5d","local_time":"20190314133236","is_ascension_mode":true,"campfire_choices":[{"floor":12,"key":"REST"},{"data":"Armaments","floor":15,"key":"SMITH"},{"floor":27,"key":"REST"}],"neow_cost":"NONE","seed_source_timestamp":88561520635441,"circlet_count":0,"master_deck":["AscendersBane","Strike_R","Strike_R+1","Strike_R","Strike_R","Strike_R","Defend_R","Defend_R","Defend_R","Bash","Seeing Red","Intimidate","Heavy Blade","Uppercut+1","Armaments+1","Ghostly Armor","Power Through","Metallicize","Burning Pact","Offering","Shrug It Off","Transmutation","Metallicize","Disarm+1","Disarm+1"],"relics":["Burning Blood","Happy Flower","Matryoshka","GremlinMask","Vajra","Mercury Hourglass","Torii","Whetstone","Mark of Pain","MutagenicStrength","Toxic Egg 2","Kunai","Molten Egg 2"],"potions_floor_usage":[13,13,16,28],"damage_taken":[{"damage":6,"enemies":"Small Slimes","floor":1,"turns":4},{"damage":15,"enemies":"2 Louse","floor":2,"turns":4},{"damage":2,"enemies":"Cultist","floor":3,"turns":4},{"damage":14,"enemies":"Exordium Wildlife","floor":4,"turns":5},{"damage":16,"enemies":"Lots of Slimes","floor":7,"turns":6},{"damage":30,"enemies":"Lagavulin","floor":10,"turns":7},{"damage":9,"enemies":"Large Slime","floor":11,"turns":6},{"damage":10,"enemies":"Gremlin Nob","floor":13,"turns":4},{"damage":9,"enemies":"Blue Slaver","floor":14,"turns":3},{"damage":1,"enemies":"The Guardian","floor":16,"turns":12},{"damage":13,"enemies":"Spheric Guardian","floor":18,"turns":6},{"damage":16,"enemies":"Shell Parasite","floor":20,"turns":6},{"damage":31,"enemies":"Snecko","floor":22,"turns":6},{"damage":29,"enemies":"Slavers","floor":28,"turns":8},{"damage":20,"enemies":"Snake Plant","floor":29,"turns":4},{"damage":16,"enemies":"Chosen and Byrds","floor":30,"turns":2}],"seed_played":"-4410344036913218303","potions_obtained":[{"floor":1,"key":"Ancient Potion"},{"floor":4,"key":"EssenceOfSteel"},{"floor":7,"key":"EssenceOfSteel"},{"floor":14,"key":"PowerPotion"},{"floor":16,"key":"PowerPotion"},{"floor":20,"key":"LiquidBronze"}],"is_trial":false,"path_per_floor":["M","M","M","M","?","$","M","?","T","E","M","R","E","M","R","B",null,"M","?","M","?","M","?","$","$","T","R","E","M","M"],"character_chosen":"IRONCLAD","items_purchased":["Armaments","Transmutation","Metallicize"],"campfire_rested":2,"item_purchase_floors":[6,24,25],"current_hp_per_floor":[68,59,63,55,55,55,45,45,45,21,18,40,36,33,33,38,66,59,59,49,49,24,24,24,24,24,46,23,9,0],"gold":55,"neow_bonus":"RANDOM_COMMON_RELIC","is_prod":false,"is_daily":false,"chose_seed":false,"campfire_upgraded":1,"win_rate":0,"timestamp":1552563156,"path_taken":["M","M","M","M","?","$","M","?","T","E","?","R","E","M","R","BOSS","M","?","?","?","M","?","?","$","T","R","E","?","M"],"build_version":"2019-02-06","purchased_purges":1,"victory":false,"max_hp_per_floor":[75,75,75,75,75,75,75,75,75,75,75,75,75,75,75,75,75,75,75,75,75,75,75,75,75,75,75,75,75,75],"card_choices":[{"not_picked":["Dual Wield","Flex"],"picked":"Seeing Red","floor":1},{"not_picked":["Sword Boomerang","Twin Strike"],"picked":"Intimidate","floor":2},{"not_picked":["Anger","Combust"],"picked":"Heavy Blade","floor":3},{"not_picked":["Clash","Pommel Strike"],"picked":"Uppercut","floor":4},{"not_picked":["Cleave","Headbutt"],"picked":"Ghostly Armor","floor":7},{"not_picked":["Rampage","Pommel Strike"],"picked":"Power Through","floor":10},{"not_picked":["Sever Soul","Twin Strike","Thunderclap"],"picked":"SKIP","floor":11},{"not_picked":["Infernal Blade","Dual Wield"],"picked":"Metallicize","floor":13},{"not_picked":["Intimidate","Warcry"],"picked":"Burning Pact","floor":14},{"not_picked":["Double Tap","Bludgeon"],"picked":"Offering","floor":16},{"not_picked":["Clash","Armaments","Twin Strike"],"picked":"SKIP","floor":18},{"not_picked":["Blood for Blood","Body Slam"],"picked":"Shrug It Off","floor":20},{"not_picked":["Flex","Clash","Headbutt"],"picked":"SKIP","floor":22},{"not_picked":["Perfected Strike","Dropkick"],"picked":"Disarm+1","floor":28},{"not_picked":["Iron Wave+1","Clash+1"],"picked":"Disarm+1","floor":29}],"player_experience":680346,"relics_obtained":[{"floor":9,"key":"Vajra"},{"floor":9,"key":"Mercury Hourglass"},{"floor":10,"key":"Torii"},{"floor":13,"key":"Whetstone"},{"floor":26,"key":"Toxic Egg 2"},{"floor":26,"key":"Kunai"},{"floor":28,"key":"Molten Egg 2"}],"event_choices":[{"damage_healed":0,"gold_gain":0,"player_choice":"Box","damage_taken":0,"relics_obtained":["Matryoshka"],"max_hp_gain":0,"max_hp_loss":0,"event_name":"Big Fish","floor":5,"gold_loss":0,"cards_obtained":["Regret"]},{"damage_healed":0,"gold_gain":0,"player_choice":"Trade","damage_taken":0,"relics_obtained":["GremlinMask"],"max_hp_gain":0,"max_hp_loss":0,"event_name":"FaceTrader","floor":8,"gold_loss":0},{"cards_removed":["Defend_R"],"damage_healed":0,"gold_gain":0,"player_choice":"Offered Basic","damage_taken":0,"max_hp_gain":0,"max_hp_loss":0,"event_name":"Bonfire Elementals","floor":19,"gold_loss":0},{"damage_healed":0,"gold_gain":0,"player_choice":"Ignored","damage_taken":0,"max_hp_gain":0,"max_hp_loss":0,"event_name":"Vampires","floor":21,"gold_loss":0},{"damage_healed":0,"gold_gain":0,"player_choice":"Inject Mutagens","damage_taken":0,"relics_obtained":["MutagenicStrength"],"max_hp_gain":0,"max_hp_loss":0,"event_name":"Drug Dealer","floor":23,"gold_loss":0}],"is_beta":true,"boss_relics":[{"not_picked":["Pandora\u0027s Box","Ectoplasm"],"picked":"Mark of Pain"}],"items_purged_floors":[6],"is_endless":false,"potions_floor_spawned":[1,4,7,11,14,16,20],"killed_by":"Chosen and Byrds","ascension_level":20}