{"gold_per_floor":[112,122,47,47,47,82,114,126,165,195,224,250,279,303,315,401,413,439,464,476],"floor_reached":20,"playtime":2031,"items_purged":[],"score":410,"play_id":"6ef5e4e1-cc73-4a9f-8176-be2b95c42237","local_time":"20190114184712","is_ascension_mode":true,"campfire_choices":[{"data":"Noxious Fumes","floor":8,"key":"SMITH"},{"data":"Leg Sweep","floor":15,"key":"SMITH"}],"neow_cost":"NONE","seed_source_timestamp":450943973626054,"circlet_count":0,"master_deck":["AscendersBane","Defend_G","Defend_G","Defend_G","Defend_G","Defend_G","Strike_G","Strike_G","Strike_G","Strike_G","Strike_G","Survivor","Neutralize","Blade Dance","Well Laid Plans","Noxious Fumes+1","Leg Sweep+1","Endless Agony","Acrobatics","Dagger Throw","PiercingWail","Backstab","Crippling Poison","Doppelganger"],"relics":["Ring of the Snake","NeowsBlessing","The Courier","Matryoshka","MawBank","Mercury Hourglass","Bag of Marbles","Snecko Eye"],"potions_floor_usage":[11],"damage_taken":[{"damage":0,"enemies":"Cultist","floor":1,"turns":1},{"damage":0,"enemies":"Jaw Worm","floor":2,"turns":1},{"damage":0,"enemies":"Lagavulin","floor":6,"turns":1},{"damage":1,"enemies":"Small Slimes","floor":7,"turns":5},{"damage":4,"enemies":"Blue Slaver","floor":10,"turns":4},{"damage":6,"enemies":"3 Louse","floor":11,"turns":2},{"damage":3,"enemies":"Exordium Wildlife","floor":12,"turns":2},{"damage":0,"enemies":"Exordium Thugs","floor":13,"turns":5},{"damage":0,"enemies":"Blue Slaver","floor":14,"turns":2},{"damage":3,"enemies":"The Guardian","floor":16,"turns":11},{"damage":20,"enemies":"Shell Parasite","floor":18,"turns":7},{"damage":23,"enemies":"2 Thieves","floor":19,"turns":4},{"damage":20,"enemies":"Snake Plant","floor":20,"turns":4}],"seed_played":"611943543225374690","potions_obtained":[{"floor":7,"key":"Energy Potion"},{"floor":10,"key":"Fruit Juice"},{"floor":13,"key":"Strength Potion"}],"is_trial":false,"path_per_floor":["M","M","$","?","T","E","M","R","T","M","M","M","M","M","R","B",null,"M","M","M"],"character_chosen":"THE_SILENT","items_purchased":["Noxious Fumes"],"campfire_rested":0,"item_purchase_floors":[3],"current_hp_per_floor":[59,59,59,33,33,33,32,32,32,28,27,24,24,24,24,21,59,39,16,0],"gold":476,"neow_bonus":"THREE_ENEMY_KILL","is_prod":false,"is_daily":false,"chose_seed":false,"campfire_upgraded":2,"win_rate":0,"timestamp":1547484432,"path_taken":["M","?","$","?","?","E","M","R","T","?","M","M","M","M","R","BOSS","M","?","M"],"build_version":"2019-01-10","purchased_purges":0,"victory":false,"max_hp_per_floor":[66,66,66,66,66,66,66,66,66,66,71,71,71,71,71,71,71,71,71,71],"card_choices":[{"not_picked":["Slice","Outmaneuver"],"picked":"Blade Dance","floor":1},{"not_picked":["Dodge and Roll","Acrobatics"],"picked":"Well Laid Plans","floor":2},{"not_picked":["Dagger Throw","All Out Attack"],"picked":"Leg Sweep","floor":6},{"not_picked":["Dodge and Roll","Slice"],"picked":"Endless Agony","floor":7},{"not_picked":["Poisoned Stab","Infinite Blades"],"picked":"Acrobatics","floor":10},{"not_picked":["Sucker Punch","Choke"],"picked":"Dagger Throw","floor":11},{"not_picked":["Dodge and Roll","Well Laid Plans"],"picked":"PiercingWail","floor":12},{"not_picked":["Cloak And Dagger","Distraction"],"picked":"Backstab","floor":13},{"not_picked":["Distraction","Blade Dance"],"picked":"Crippling Poison","floor":14},{"not_picked":["Grand Finale","Envenom"],"picked":"Doppelganger","floor":16},{"not_picked":["Quick Slash","Dagger Spray","Sucker Punch"],"picked":"SKIP","floor":18},{"not_picked":["Poisoned Stab","Blade Dance","Caltrops"],"picked":"SKIP","floor":19}],"player_experience":671747,"relics_obtained":[{"floor":5,"key":"Matryoshka"},{"floor":6,"key":"MawBank"},{"floor":9,"key":"Mercury Hourglass"},{"floor":9,"key":"Bag of Marbles"}],"event_choices":[{"damage_healed":0,"gold_gain":0,"player_choice":"Success","damage_taken":26,"relics_obtained":["The Courier"],"max_hp_gain":0,"max_hp_loss":0,"event_name":"Scrap Ooze","floor":4,"gold_loss":0}],"is_beta":true,"boss_relics":[{"not_picked":["Empty Cage","Astrolabe"],"picked":"Snecko Eye"}],"items_purged_floors":[],"is_endless":false,"potions_floor_spawned":[7,10,13,14],"killed_by":"Snake Plant","ascension_level":20}