{"gold_per_floor":[110,125,125,136,59,59,88,88,88,88,88,13,13,13,13,106,106,120,134,169,444,460,494,494,494,494,510,40,59,97,122,122,122],"floor_reached":33,"playtime":2725,"items_purged":["Strike_G"],"score":481,"play_id":"d2d20530-622e-41ce-a4ad-1245ea529676","local_time":"20190209201031","is_ascension_mode":true,"campfire_choices":[{"data":"Neutralize","floor":6,"key":"SMITH"},{"data":"Setup","floor":8,"key":"SMITH"},{"data":"Survivor","floor":10,"key":"SMITH"},{"data":"Dagger Spray","floor":13,"key":"SMITH"},{"data":"All Out Attack","floor":15,"key":"SMITH"},{"floor":24,"key":"REST"},{"floor":32,"key":"REST"}],"neow_cost":"CURSE","seed_source_timestamp":28174668450385,"circlet_count":0,"master_deck":["AscendersBane","Defend_G+1","Defend_G+1","Defend_G","Defend_G","Defend_G","Strike_G","Strike_G","Strike_G","Strike_G","Survivor+1","Neutralize+1","Clumsy","Dagger Spray+1","Noxious Fumes","All Out Attack+1","Backstab","Setup+1","Adrenaline","Endless Agony","PiercingWail","Well Laid Plans","Sucker Punch+1","Cloak And Dagger+1","Backflip+1","Footwork","Endless Agony+1"],"relics":["Ring of the Snake","Dead Branch","Letter Opener","Omamori","Golden Idol","Velvet Choker","Red Mask","Mercury Hourglass","Strawberry","War Paint","Tiny Chest","TwistedFunnel","StoneCalendar"],"potions_floor_usage":[7,22,22,23,30],"damage_taken":[{"damage":2,"enemies":"2 Louse","floor":1,"turns":3},{"damage":1,"enemies":"Cultist","floor":2,"turns":4},{"damage":7,"enemies":"Small Slimes","floor":4,"turns":2},{"damage":3,"enemies":"3 Sentries","floor":7,"turns":5},{"damage":30,"enemies":"Slime Boss","floor":16,"turns":8},{"damage":19,"enemies":"Spheric Guardian","floor":18,"turns":4},{"damage":15,"enemies":"Chosen","floor":19,"turns":4},{"damage":0,"enemies":"Masked Bandits","floor":20,"turns":2},{"damage":1,"enemies":"Sentry and Sphere","floor":22,"turns":4},{"damage":11,"enemies":"Slavers","floor":23,"turns":4},{"damage":6,"enemies":"Snake Plant","floor":27,"turns":4},{"damage":0,"enemies":"3 Cultists","floor":29,"turns":3},{"damage":17,"enemies":"Gremlin Leader","floor":30,"turns":6},{"damage":3,"enemies":"Shelled Parasite and Fungi","floor":31,"turns":4},{"damage":55,"enemies":"Collector","floor":33,"turns":7}],"seed_played":"702348616457325857","potions_obtained":[{"floor":1,"key":"Dexterity Potion"},{"floor":16,"key":"PowerPotion"},{"floor":19,"key":"Explosive Potion"},{"floor":22,"key":"Swift Potion"},{"floor":27,"key":"SteroidPotion"},{"floor":30,"key":"FairyPotion"}],"is_trial":false,"path_per_floor":["M","M","?","M","$","R","E","R","T","R","?","$","R","$","R","B",null,"M","M","?","?","M","E","R","?","T","M","$","M","E","M","R","B"],"character_chosen":"THE_SILENT","items_purchased":["Backstab","War Paint","Tiny Chest","TwistedFunnel"],"campfire_rested":2,"item_purchase_floors":[5,28,28,28],"current_hp_per_floor":[57,56,56,49,49,49,46,46,46,46,46,46,46,46,46,16,54,35,20,20,20,19,8,27,27,34,28,28,28,11,8,29,0],"gold":122,"neow_bonus":"ONE_RARE_RELIC","is_prod":false,"is_daily":false,"chose_seed":false,"campfire_upgraded":5,"win_rate":0,"timestamp":1549771831,"path_taken":["M","M","?","?","$","R","E","R","T","R","?","$","R","?","R","BOSS","M","M","?","?","?","E","R","?","T","M","$","M","E","M","R","BOSS"],"build_version":"2019-01-23","purchased_purges":1,"victory":false,"max_hp_per_floor":[66,66,66,66,66,66,66,66,66,66,66,66,66,66,66,66,66,66,66,66,66,66,66,66,66,73,73,73,73,73,73,73,73],"card_choices":[{"not_picked":["Concentrate","Underhanded Strike"],"picked":"Dagger Spray","floor":1},{"not_picked":["Prepared","Quick Slash"],"picked":"Noxious Fumes","floor":2},{"not_picked":["Expertise","Setup"],"picked":"All Out Attack","floor":4},{"not_picked":["Expertise","Escape Plan"],"picked":"Setup","floor":7},{"not_picked":["A Thousand Cuts","Die Die Die"],"picked":"Adrenaline","floor":16},{"not_picked":["Quick Slash","Accuracy"],"picked":"Endless Agony","floor":18},{"not_picked":["Heel Hook","Distraction"],"picked":"PiercingWail","floor":19},{"not_picked":["Dagger Spray","Escape Plan"],"picked":"Well Laid Plans","floor":20},{"not_picked":["After Image","Dagger Spray"],"picked":"Sucker Punch+1","floor":22},{"not_picked":["Expertise+1","Escape Plan"],"picked":"Cloak And Dagger+1","floor":23},{"not_picked":["Cloak And Dagger","Deflect"],"picked":"Backflip+1","floor":27},{"not_picked":["Outmaneuver","Poisoned Stab","Cloak And Dagger"],"picked":"SKIP","floor":29},{"not_picked":["Expertise","Burst"],"picked":"Footwork","floor":30},{"not_picked":["Dagger Throw","Acrobatics"],"picked":"Endless Agony+1","floor":31}],"player_experience":450875,"relics_obtained":[{"floor":7,"key":"Letter Opener"},{"floor":9,"key":"Omamori"},{"floor":20,"key":"Red Mask"},{"floor":23,"key":"Mercury Hourglass"},{"floor":26,"key":"Strawberry"},{"floor":30,"key":"StoneCalendar"}],"event_choices":[{"damage_healed":0,"gold_gain":0,"player_choice":"0 cards matched","damage_taken":0,"max_hp_gain":0,"max_hp_loss":0,"event_name":"Match and Keep!","floor":3,"gold_loss":0,"cards_obtained":[]},{"damage_healed":0,"gold_gain":0,"player_choice":"Take Wound","damage_taken":0,"relics_obtained":["Golden Idol"],"max_hp_gain":0,"max_hp_loss":0,"event_name":"Golden Idol","floor":11,"gold_loss":0,"cards_obtained":["Injury"]},{"damage_healed":0,"gold_gain":0,"player_choice":"Fought Bandits","damage_taken":0,"max_hp_gain":0,"max_hp_loss":0,"event_name":"Masked Bandits","floor":20,"gold_loss":0},{"damage_healed":0,"gold_gain":275,"player_choice":"Desecrate","damage_taken":0,"max_hp_gain":0,"max_hp_loss":0,"event_name":"Golden Shrine","floor":21,"gold_loss":0,"cards_obtained":["Regret"]},{"damage_healed":0,"gold_gain":0,"player_choice":"Ignored","damage_taken":0,"max_hp_gain":0,"max_hp_loss":0,"event_name":"Cursed Tome","floor":25,"gold_loss":0}],"is_beta":false,"boss_relics":[{"not_picked":["Tiny House","Orrery"],"picked":"Velvet Choker"}],"items_purged_floors":[12],"is_endless":false,"potions_floor_spawned":[1,16,19,22,27,30],"killed_by":"Collector","ascension_level":14}