{"gold_per_floor":[159,53,53,153,171,204,204,224,247,247,247,272,272,287,287,410,410,433,433,418,25,41,41,59,72,72,72,72],"floor_reached":28,"playtime":1310,"items_purged":["Strike_G"],"score":319,"play_id":"3a6b497c-c030-4435-933a-091ce30b4126","local_time":"20190313212256","is_ascension_mode":true,"campfire_choices":[{"floor":7,"key":"REST"},{"data":"Night Terror","floor":10,"key":"SMITH"},{"floor":15,"key":"REST"},{"floor":23,"key":"REST"},{"data":"Dodge and Roll","floor":27,"key":"SMITH"}],"neow_cost":"NONE","seed_source_timestamp":361202531588084,"circlet_count":0,"master_deck":["Defend_G","Defend_G","Defend_G+1","Defend_G","Defend_G","Strike_G","Strike_G","Strike_G","Strike_G","Survivor","Neutralize","Backflip","Night Terror+1","Well Laid Plans","Dagger Spray","Dash","Catalyst","PiercingWail","Catalyst","Burst","Poisoned Stab","Defend_G+1","Crippling Poison","Footwork","Dodge and Roll+1","Cloak And Dagger+1"],"relics":["Tiny House","Golden Idol","Oddly Smooth Stone","Snake Skull","Lantern","Incense Burner","Lizard Tail","Bottled Tornado","Bottled Lightning"],"potions_floor_usage":[16,18,18,18,22,24,28],"damage_taken":[{"damage":5,"enemies":"Cultist","floor":1,"turns":4},{"damage":3,"enemies":"2 Louse","floor":5,"turns":3},{"damage":16,"enemies":"3 Sentries","floor":6,"turns":10},{"damage":0,"enemies":"Small Slimes","floor":8,"turns":4},{"damage":0,"enemies":"3 Louse","floor":12,"turns":4},{"damage":2,"enemies":"Exordium Thugs","floor":14,"turns":5},{"damage":24,"enemies":"Hexaghost","floor":16,"turns":6},{"damage":53,"enemies":"Chosen","floor":18,"turns":11},{"damage":1,"enemies":"2 Thieves","floor":20,"turns":4},{"damage":4,"enemies":"Snecko","floor":22,"turns":7},{"damage":18,"enemies":"3 Cultists","floor":24,"turns":6},{"damage":37,"enemies":"Centurion and Healer","floor":25,"turns":10},{"damage":25,"enemies":"Cultist and Chosen","floor":28,"turns":8}],"seed_played":"6407917247689517771","potions_obtained":[{"floor":0,"key":"Dexterity Potion"},{"floor":6,"key":"PowerPotion"},{"floor":12,"key":"EssenceOfSteel"},{"floor":14,"key":"EntropicBrew"},{"floor":22,"key":"Poison Potion"},{"floor":25,"key":"EssenceOfSteel"}],"is_trial":false,"path_per_floor":["M","$","?","?","M","E","R","M","T","R","T","M","?","M","R","B",null,"M","?","M","$","M","R","M","M","T","R","M"],"character_chosen":"THE_SILENT","items_purchased":["Well Laid Plans","Dagger Spray","Footwork","Bottled Tornado"],"campfire_rested":3,"item_purchase_floors":[2,2,21,21],"current_hp_per_floor":[63,63,45,45,42,26,48,48,48,48,48,48,45,43,65,41,67,14,14,13,13,9,31,13,21,21,21,0],"gold":72,"neow_bonus":"BOSS_RELIC","is_prod":false,"is_daily":false,"chose_seed":false,"campfire_upgraded":2,"win_rate":0,"timestamp":1552526576,"path_taken":["M","$","?","?","?","E","R","M","T","R","?","M","?","M","R","BOSS","M","?","?","$","M","R","M","?","T","R","M"],"build_version":"2019-01-23","purchased_purges":1,"victory":false,"max_hp_per_floor":[75,75,75,75,75,75,75,75,75,75,75,75,75,75,75,75,75,75,75,75,75,75,75,75,75,75,75,75],"card_choices":[{"not_picked":["Slice","Quick Slash"],"picked":"Backflip","floor":0},{"not_picked":["Deflect","Slice"],"picked":"Night Terror","floor":1},{"not_picked":["Deflect","Slice"],"picked":"Dash","floor":5},{"not_picked":["Heel Hook","Underhanded Strike","Dagger Throw"],"picked":"SKIP","floor":6},{"not_picked":["Cloak And Dagger","Tactician"],"picked":"Catalyst","floor":8},{"not_picked":["Dagger Throw","Acrobatics"],"picked":"PiercingWail","floor":12},{"not_picked":["Backstab","Slice"],"picked":"Catalyst","floor":14},{"not_picked":["Die Die Die","Doppelganger"],"picked":"Burst","floor":16},{"not_picked":["Bane","Slice"],"picked":"Poisoned Stab","floor":18},{"not_picked":["Blade Dance","Deflect"],"picked":"Crippling Poison","floor":20},{"not_picked":["Blade Dance+1","Flechettes","Sucker Punch"],"picked":"SKIP","floor":22},{"not_picked":["Accuracy","Infinite Blades"],"picked":"Dodge and Roll","floor":24},{"not_picked":["Dagger Throw","Acrobatics"],"picked":"Cloak And Dagger+1","floor":25}],"player_experience":290345,"relics_obtained":[{"floor":6,"key":"Oddly Smooth Stone"},{"floor":9,"key":"Snake Skull"},{"floor":11,"key":"Lantern"},{"floor":26,"key":"Bottled Lightning"}],"event_choices":[{"damage_healed":0,"gold_gain":0,"player_choice":"Take Damage","damage_taken":18,"relics_obtained":["Golden Idol"],"max_hp_gain":0,"max_hp_loss":0,"event_name":"Golden Idol","floor":3,"gold_loss":0},{"damage_healed":0,"gold_gain":100,"player_choice":"Pray","damage_taken":0,"max_hp_gain":0,"max_hp_loss":0,"event_name":"Golden Shrine","floor":4,"gold_loss":0},{"damage_healed":0,"gold_gain":0,"player_choice":"Success","damage_taken":3,"relics_obtained":["Incense Burner"],"max_hp_gain":0,"max_hp_loss":0,"event_name":"Scrap Ooze","floor":13,"gold_loss":0},{"damage_healed":0,"gold_gain":0,"player_choice":"Copied","damage_taken":0,"max_hp_gain":0,"max_hp_loss":0,"event_name":"Duplicator","floor":19,"gold_loss":0,"cards_obtained":["Defend_G"]}],"is_beta":false,"boss_relics":[{"not_picked":["Runic Dome","Orrery"],"picked":"Lizard Tail"}],"items_purged_floors":[21],"is_endless":false,"potions_floor_spawned":[6,12,14,22,25],"killed_by":"Cultist and Chosen","ascension_level":6}