{"gold_per_floor":[116,116,126,126,141,141,174,187,187,217,227,74,74,84,84,185,185,202,214,228,248,248,248,258,258,258,272,283,283,302,302,302,401,401,411,421,351,371,271,271,301,301,353,372,372,389,409,409,409,409,409,409,45,76,76],"floor_reached":56,"playtime":6453,"items_purged":["Strike_G","Strike_G+1","Strike_G+1"],"score":1170,"play_id":"d01e94db-8e02-4dd6-bb49-c1e654c24506","local_time":"20190317144554","is_ascension_mode":false,"campfire_choices":[{"data":"Skewer","floor":6,"key":"SMITH"},{"data":"Footwork","floor":13,"key":"SMITH"},{"data":"Neutralize","floor":15,"key":"SMITH"},{"data":"Night Terror","floor":23,"key":"SMITH"},{"data":"Burst","floor":25,"key":"SMITH"},{"floor":29,"key":"REST"},{"data":"Footwork","floor":32,"key":"SMITH"},{"floor":40,"key":"REST"},{"floor":45,"key":"REST"},{"floor":49,"key":"RECALL"},{"data":"Caltrops","floor":52,"key":"SMITH"}],"neow_cost":"NONE","seed_source_timestamp":5367467261200,"circlet_count":0,"master_deck":["Defend_G+1","Defend_G+1","Defend_G+1","Defend_G+1","Defend_G+1","Strike_G+1","Survivor+1","Neutralize+1","Skewer+1","Footwork+1","Flying Knee","Dagger Spray","Footwork+1","Caltrops+1","Caltrops","Malaise","Backflip","Terror+1","Night Terror+1","Adrenaline","Burst+1","Backflip+1","Noxious Fumes","Catalyst+1","Envenom","Backflip+1","Blur","Acrobatics+1","Acrobatics+1","Backflip+1","After Image","Writhe"],"relics":["Ring of the Snake","Pocketwatch","War Paint","Question Card","Ancient Tea Set","Philosopher\u0027s Stone","Black Star","Regal Pillow","Tingsha","Strawberry","Pantograph","Bronze Scales","Calipers"],"potions_floor_usage":[55,55,55],"damage_taken":[{"damage":0,"enemies":"Small Slimes","floor":1,"turns":4},{"damage":0,"enemies":"Jaw Worm","floor":3,"turns":3},{"damage":0,"enemies":"Cultist","floor":5,"turns":3},{"damage":13,"enemies":"Lagavulin","floor":7,"turns":11},{"damage":1,"enemies":"Large Slime","floor":8,"turns":6},{"damage":14,"enemies":"Gremlin Nob","floor":10,"turns":4},{"damage":3,"enemies":"Blue Slaver","floor":11,"turns":4},{"damage":3,"enemies":"Lots of Slimes","floor":14,"turns":3},{"damage":2,"enemies":"The Guardian","floor":16,"turns":9},{"damage":12,"enemies":"Shell Parasite","floor":18,"turns":6},{"damage":16,"enemies":"Spheric Guardian","floor":19,"turns":4},{"damage":2,"enemies":"Centurion and Healer","floor":20,"turns":8},{"damage":2,"enemies":"Snake Plant","floor":21,"turns":4},{"damage":16,"enemies":"Chosen and Byrds","floor":24,"turns":4},{"damage":3,"enemies":"Centurion and Healer","floor":27,"turns":10},{"damage":4,"enemies":"Snake Plant","floor":28,"turns":6},{"damage":0,"enemies":"Chosen and Byrds","floor":30,"turns":7},{"damage":18,"enemies":"Champ","floor":33,"turns":18},{"damage":18,"enemies":"Orb Walker","floor":35,"turns":5},{"damage":12,"enemies":"3 Darklings","floor":36,"turns":5},{"damage":18,"enemies":"Transient","floor":38,"turns":5},{"damage":0,"enemies":"Nemesis","floor":41,"turns":9},{"damage":24,"enemies":"4 Shapes","floor":44,"turns":10},{"damage":3,"enemies":"Maw","floor":46,"turns":8},{"damage":12,"enemies":"Jaw Worm Horde","floor":47,"turns":9},{"damage":48,"enemies":"Donu and Deca","floor":50,"turns":15},{"damage":45,"enemies":"Shield and Spear","floor":54,"turns":10},{"damage":3,"enemies":"The Heart","floor":55,"turns":14}],"seed_played":"-7966042229808036282","potions_obtained":[{"floor":0,"key":"Ancient Potion"},{"floor":0,"key":"Energy Potion"},{"floor":0,"key":"EntropicBrew"},{"floor":8,"key":"Weak Potion"},{"floor":16,"key":"GhostInAJar"},{"floor":46,"key":"Dexterity Potion"}],"is_trial":false,"path_per_floor":["?","T","?","M","?","?","M","M","?"],"character_chosen":"THE_SILENT","items_purchased":["Caltrops","Blur","Pantograph"],"campfire_rested":3,"item_purchase_floors":[12,37,53],"current_hp_per_floor":[70,75,75,75,75,75,62,61,61,47,44,44,44,41,41,39,75,63,47,45,43,43,43,27,27,27,24,20,42,42,42,42,24,75,57,45,45,27,27,49,49,49,56,32,71,68,56,77,77,29,82,82,82,37,59],"gold":76,"neow_bonus":"THREE_SMALL_POTIONS","is_prod":false,"is_daily":false,"chose_seed":false,"campfire_upgraded":7,"win_rate":0,"timestamp":1552848354,"path_taken":["M","?","M","?","M","R","E","M","T","E","M","$","R","M","R","BOSS","M","M","M","M","?","R","M","R","T","?","M","R","M","?","R","BOSS","M","M","$","M","$","R","E","?","T","M","R","?","?","?","R","BOSS","R","$","E","BOSS"],"build_version":"2019-01-23","purchased_purges":3,"victory":true,"max_hp_per_floor":[70,75,75,75,75,75,75,75,75,75,75,75,75,75,75,75,75,75,75,75,75,75,75,75,75,75,75,75,75,75,75,75,75,75,75,75,75,75,75,75,75,75,82,82,82,82,82,82,82,82,82,82,82,82,82],"card_choices":[{"not_picked":["Blur","Acrobatics"],"picked":"Skewer","floor":1},{"not_picked":["Outmaneuver","Endless Agony","Crippling Poison"],"picked":"SKIP","floor":3},{"not_picked":["Skewer","Flying Knee"],"picked":"Footwork","floor":5},{"not_picked":["Slice","Masterful Stab"],"picked":"Flying Knee","floor":7},{"not_picked":["Outmaneuver","Acrobatics"],"picked":"Dagger Spray","floor":8},{"not_picked":["Adrenaline","Bouncing Flask","Terror"],"picked":"Footwork","floor":10},{"not_picked":["Choke","Outmaneuver","Finisher"],"picked":"Caltrops","floor":11},{"not_picked":["Infinite Blades","PiercingWail","Setup","Deadly Poison"],"picked":"SKIP","floor":14},{"not_picked":["Unload","Wraith Form v2","Storm of Steel"],"picked":"Malaise","floor":16},{"not_picked":["Eviscerate","PiercingWail","Setup"],"picked":"Backflip","floor":18},{"not_picked":["Cloak And Dagger","Prepared+1","Accuracy"],"picked":"Terror+1","floor":19},{"not_picked":["Blade Dance+1","Prepared+1","Outmaneuver"],"picked":"Night Terror","floor":20},{"not_picked":["Cloak And Dagger","Slice","Deadly Poison","Prepared"],"picked":"SKIP","floor":21},{"not_picked":["Cloak And Dagger+1","Accuracy","Expertise"],"picked":"Burst","floor":24},{"not_picked":["Finisher+1","Deflect","Flying Knee+1"],"picked":"Backflip+1","floor":27},{"not_picked":["Outmaneuver","Dagger Throw","Slice"],"picked":"Noxious Fumes","floor":28},{"not_picked":["Deflect","Poisoned Stab","Quick Slash"],"picked":"Catalyst","floor":30},{"not_picked":["Corpse Explosion","Storm of Steel","Bullet Time"],"picked":"Envenom","floor":33},{"not_picked":["Sucker Punch+1","Endless Agony+1","Dodge and Roll","Slice+1"],"picked":"SKIP","floor":35},{"not_picked":["Sucker Punch","Dodge and Roll+1","Leg Sweep+1"],"picked":"Backflip+1","floor":36},{"not_picked":["Deadly Poison","PiercingWail+1","Backflip","Poisoned Stab"],"picked":"SKIP","floor":38},{"not_picked":["Night Terror","Sucker Punch+1","Venomology"],"picked":"Acrobatics+1","floor":41},{"not_picked":["Dagger Spray","Flying Knee","Tactician+1"],"picked":"Acrobatics+1","floor":44},{"not_picked":["PiercingWail+1","Deflect","Slice+1"],"picked":"Backflip+1","floor":46},{"not_picked":["Sucker Punch+1","Leg Sweep","Underhanded Strike"],"picked":"After Image","floor":47},{"not_picked":["Sucker Punch","Crippling Poison","Heel Hook+1","Outmaneuver+1"],"picked":"SKIP","floor":54}],"player_experience":199083,"relics_obtained":[{"floor":4,"key":"Pocketwatch"},{"floor":7,"key":"War Paint"},{"floor":9,"key":"Question Card"},{"floor":10,"key":"Ancient Tea Set"},{"floor":41,"key":"Regal Pillow"},{"floor":41,"key":"Tingsha"},{"floor":43,"key":"Strawberry"},{"floor":54,"key":"Bronze Scales"},{"floor":54,"key":"Calipers"}],"event_choices":[{"damage_healed":0,"gold_gain":0,"player_choice":"Donut","damage_taken":0,"max_hp_gain":5,"max_hp_loss":0,"event_name":"Big Fish","floor":2,"gold_loss":0},{"damage_healed":0,"gold_gain":0,"cards_transformed":["Strike_G"],"player_choice":"Transformed","damage_taken":0,"max_hp_gain":0,"max_hp_loss":0,"event_name":"Transmorgrifier","floor":22,"gold_loss":0,"cards_obtained":["Adrenaline"]},{"damage_healed":0,"gold_gain":0,"player_choice":"Simplicity","damage_taken":0,"max_hp_gain":0,"max_hp_loss":0,"event_name":"Back to Basics","floor":31,"gold_loss":0,"cards_upgraded":["Defend_G","Defend_G","Defend_G","Defend_G","Strike_G","Strike_G","Strike_G"]},{"damage_healed":0,"gold_gain":0,"player_choice":"Upgraded","damage_taken":0,"max_hp_gain":0,"max_hp_loss":0,"event_name":"Upgrade Shrine","floor":42,"gold_loss":0,"cards_upgraded":["Catalyst"]},{"damage_healed":21,"gold_gain":0,"player_choice":"Writhe","damage_taken":0,"max_hp_gain":0,"max_hp_loss":0,"event_name":"Winding Halls","floor":48,"gold_loss":0,"cards_obtained":["Writhe"]}],"is_beta":false,"boss_relics":[{"not_picked":["Empty Cage","Snecko Eye"],"picked":"Philosopher\u0027s Stone"},{"not_picked":["Coffee Dripper","Astrolabe"],"picked":"Black Star"}],"items_purged_floors":[12,39,53],"is_endless":false,"potions_floor_spawned":[3,5,8,10,16,18,21,24,27,30,36,41,44,46,47,54],"ascension_level":0}