{"gold_per_floor":[163,238,238,254,254,254,274,274,274,70,70,90,90,130,130,250,250,263,263,283,304,304],"floor_reached":22,"playtime":1332,"items_purged":["Strike_B"],"score":184,"play_id":"565407c5-a599-4330-afb8-bd1c79e278c6","local_time":"20190215183241","is_ascension_mode":false,"campfire_choices":[{"floor":6.0,"key":"RECALL"},{"data":"Defragment","floor":8.0,"key":"SMITH"},{"floor":15.0,"key":"REST"}],"neow_cost":"NONE","seed_source_timestamp":0,"circlet_count":0,"master_deck":["Strike_B","Strike_B","Defend_B","Defend_B","Defend_B","Zap+1","Dualcast","Leap","Gash","Defragment+1","Ball Lightning","Capacitor","Hologram","Echo Form+1","Hologram+1","Sweeping Beam","Barrage+1"],"special_seed":0,"relics":["Tiny House","Golden Idol","Centennial Puzzle","Vajra","Inserter"],"potions_floor_usage":[21,21],"damage_taken":[{"damage":0.0,"enemies":"Jaw Worm","floor":1.0,"turns":4.0},{"damage":0.0,"enemies":"2 Louse","floor":4.0,"turns":2.0},{"damage":0.0,"enemies":"Small Slimes","floor":7.0,"turns":3.0},{"damage":0.0,"enemies":"Exordium Wildlife","floor":12.0,"turns":3.0},{"damage":11.0,"enemies":"Lagavulin","floor":14.0,"turns":6.0},{"damage":28.0,"enemies":"Slime Boss","floor":16.0,"turns":7.0},{"damage":21,"enemies":"Spheric Guardian","floor":18,"turns":6},{"damage":3,"enemies":"Chosen","floor":20,"turns":6},{"damage":48,"enemies":"3 Cultists","floor":21,"turns":6},{"damage":19,"enemies":"Sentry and Sphere","floor":22,"turns":2}],"seed_played":"-6100898975091937100","potions_obtained":[{"floor":0.0,"key":"SkillPotion"},{"floor":7.0,"key":"Dexterity Potion"},{"floor":14.0,"key":"FearPotion"},{"floor":18,"key":"SkillPotion"},{"floor":21,"key":"FairyPotion"}],"is_trial":false,"path_per_floor":["M","?","?","M","?","R","M","R","T","$","?","M","?","E","R","B",null,"M","?","M","M","M"],"character_chosen":"DEFECT","items_purchased":["Capacitor","Hologram"],"campfire_rested":1,"item_purchase_floors":[10,10],"current_hp_per_floor":[80,69,69,69,69,69,69,69,69,69,44,44,37,26,48,20,74,53,53,50,2,0],"gold":304,"neow_bonus":"BOSS_RELIC","is_prod":false,"is_daily":false,"chose_seed":false,"campfire_upgraded":1,"win_rate":0,"timestamp":1550273561,"path_taken":["M","?","?","M","?","R","?","R","T","$","?","M","?","E","R","BOSS","M","?","M","?","M"],"build_version":"2019-01-23","purchased_purges":1,"victory":false,"max_hp_per_floor":[80,80,80,80,74,74,74,74,74,74,74,74,74,74,74,74,74,74,74,74,74,74],"card_choices":[{"not_picked":["Barrage","Rebound"],"picked":"Leap","floor":0.0},{"not_picked":["Beam Cell","Leap"],"picked":"Gash","floor":1.0},{"not_picked":["Barrage","Core Surge"],"picked":"Defragment","floor":4.0},{"not_picked":["Leap","Hello World"],"picked":"Ball Lightning","floor":7.0},{"not_picked":["Steam","Force Field","Sweeping Beam"],"picked":"SKIP","floor":12.0},{"not_picked":["Turbo","FTL"],"picked":"Echo Form","floor":14.0},{"not_picked":["Barrage","Doom and Gloom"],"picked":"Hologram+1","floor":18},{"not_picked":["Steam","Redo"],"picked":"Sweeping Beam","floor":20},{"not_picked":["Recycle+1","Lockon+1"],"picked":"Barrage+1","floor":21}],"player_experience":194873,"relics_obtained":[{"floor":14.0,"key":"Vajra"}],"event_choices":[{"damage_healed":0.0,"max_hp_gain":0.0,"max_hp_loss":0.0,"gold_gain":75.0,"event_name":"World of Goop","player_choice":"Gather Gold","floor":2.0,"gold_loss":0.0,"damage_taken":11.0},{"cards_removed":["Defend_B"],"damage_healed":0.0,"max_hp_gain":0.0,"max_hp_loss":0.0,"gold_gain":0.0,"event_name":"Living Wall","player_choice":"Forget","floor":3.0,"gold_loss":0.0,"damage_taken":0.0},{"damage_healed":0.0,"max_hp_gain":0.0,"max_hp_loss":6.0,"gold_gain":0.0,"event_name":"Golden Idol","player_choice":"Lose Max HP","floor":5.0,"gold_loss":0.0,"damage_taken":0.0,"relics_obtained":["Golden Idol"]},{"damage_healed":0.0,"max_hp_gain":0.0,"max_hp_loss":0.0,"gold_gain":0.0,"event_name":"Scrap Ooze","player_choice":"Success","floor":11.0,"gold_loss":0.0,"damage_taken":25.0,"relics_obtained":["Centennial Puzzle"]},{"cards_removed":["Strike_B"],"damage_healed":0.0,"max_hp_gain":0.0,"max_hp_loss":0.0,"gold_gain":0.0,"event_name":"Golden Wing","player_choice":"Card Removal","floor":13.0,"gold_loss":0.0,"damage_taken":7.0},{"damage_healed":0,"gold_gain":0,"player_choice":"Upgraded","damage_taken":0,"max_hp_gain":0,"max_hp_loss":0,"event_name":"Upgrade Shrine","floor":19,"gold_loss":0,"cards_upgraded":["Echo Form"]}],"is_beta":false,"boss_relics":[{"not_picked":["Cursed Key","White Beast Statue"],"picked":"Inserter"}],"items_purged_floors":[10],"is_endless":false,"potions_floor_spawned":[7,14,18,21],"killed_by":"Sentry and Sphere","ascension_level":0}