{"path_per_floor":["M","?","?","$","M","R","E","$","T","$","?","$","R","M","R","B",null,"M","?","$","$","M","R","E","M","T","M","?","?","$","M","R","B",null,"M","$","M","M","?","R","M","R","T","$","R","M","?","M","R","B"],"character_chosen":"THE_SILENT","items_purchased":["Backflip","Backflip","Catalyst","Footwork","Malaise","Footwork"],"gold_per_floor":[117,117,97,22,41,41,80,29,29,6,6,6,6,27,27,146,146,169,169,132,63,86,86,122,140,192,205,205,205,65,76,76,176,176,192,192,212,226,226,226,245,245,245,52,52,72,72,86,86,86],"floor_reached":51,"campfire_rested":0,"playtime":19277,"current_hp_per_floor":[66,49,49,49,49,49,49,49,49,49,49,49,49,49,49,42,70,70,70,70,70,62,62,62,59,59,52,52,52,52,54,54,70,70,70,70,70,70,70,70,70,70,70,70,70,67,67,63,63,63],"items_purged":["Strike_G","Strike_G","Strike_G"],"gold":86,"play_id":"7eda8cc6-a478-46e8-9769-b479a2696ad2","is_prod":false,"is_daily":false,"is_ascension_mode":true,"campfire_upgraded":9,"path_taken":["M","?","?","$","M","R","E","$","T","?","?","?","R","M","R","BOSS","M","?","?","$","M","R","E","M","T","?","?","?","$","M","R","BOSS","M","$","M","M","?","R","M","R","T","$","R","M","?","M","R","BOSS"],"build_version":"2018-02-02-BETA1","purchased_purges":5,"victory":true,"master_deck":["Defend_G","Defend_G","Defend_G","Defend_G+1","Survivor+1","Neutralize+1","Footwork+1","A Thousand Cuts+1","Burst+1","Noxious Fumes+1","Deflect","Backflip+1","Backflip","Slice+1","Adrenaline+1","Acrobatics+1","Catalyst+1","Footwork+1","Endless Agony+1","Finisher","Escape Plan","Malaise+1","Adrenaline+1","Backstab+1","Footwork+1"],"max_hp_per_floor":[70,70,70,70,70,70,70,70,70,70,70,70,70,70,70,70,70,70,70,70,70,70,70,70,70,70,70,70,70,70,70,70,70,70,70,70,70,70,70,70,70,70,70,70,70,70,70,70,70,70],"relics":["Astrolabe","Bloody Idol","Tingsha","Gambling Chip","Runic Dome","Centennial Puzzle","War Paint","Paper Crane","Sozu","Calipers"],"card_choices":[{"not_picked":["Eviscerate","Reflex"],"picked":"Noxious Fumes"},{"not_picked":["PiercingWail","Outmaneuver"],"picked":"Deflect"},{"not_picked":["Underhanded Strike","Expertise"],"picked":"Slice"},{"not_picked":["Tactician","A Thousand Cuts"],"picked":"Adrenaline"},{"not_picked":["Quick Slash","Slice"],"picked":"Acrobatics"},{"not_picked":["Outmaneuver","All Out Attack"],"picked":"Endless Agony"},{"not_picked":["Skewer","Well Laid Plans"],"picked":"Finisher"},{"not_picked":["Prepared","Deadly Poison"],"picked":"Escape Plan"},{"not_picked":["Tools of the Trade","Glass Knife"],"picked":"Adrenaline"},{"not_picked":["Deflect","Sucker Punch"],"picked":"Backstab"}],"player_experience":95600,"potions_floor_usage":[33],"damage_taken":[{"damage":4.0,"enemies":"Jaw Worm","floor":1.0,"turns":6.0},{"damage":0.0,"enemies":"Small Slimes","floor":5.0,"turns":4.0},{"damage":0.0,"enemies":"Lagavulin","floor":7.0,"turns":9.0},{"damage":0.0,"enemies":"Cultist","floor":14.0,"turns":3.0},{"damage":7.0,"enemies":"Hexaghost","floor":16.0,"turns":10.0},{"damage":0.0,"enemies":"Shell Parasite","floor":18.0,"turns":5.0},{"damage":8.0,"enemies":"Spheric Guardian","floor":22.0,"turns":4.0},{"damage":0.0,"enemies":"Gremlin Leader","floor":24.0,"turns":6.0},{"damage":3,"enemies":"Centurion and Healer","floor":25,"turns":4},{"damage":7,"enemies":"Chosen and Byrds","floor":27,"turns":4},{"damage":3,"enemies":"Snake Plant","floor":31,"turns":4},{"damage":0,"enemies":"Collector","floor":33,"turns":9},{"damage":0,"enemies":"3 Shapes","floor":35,"turns":4},{"damage":0,"enemies":"Flame Bruiser 1 Orb","floor":37,"turns":5},{"damage":0,"enemies":"Spire Growth","floor":38,"turns":5},{"damage":0,"enemies":"Maw","floor":41,"turns":7},{"damage":8,"enemies":"3 Darklings","floor":46,"turns":2},{"damage":9,"enemies":"4 Shapes","floor":48,"turns":2},{"damage":0,"enemies":"Donu and Deca","floor":50,"turns":9}],"event_choices":[{"event_name":"Golden Idol","player_choice":"Take Damage","floor":2.0,"damage_taken":0.0},{"event_name":"The Woman in Blue","player_choice":"Bought 1 Potion","floor":3.0,"damage_taken":0.0},{"event_name":"Accursed Blacksmith","player_choice":"Forge","floor":11.0,"damage_taken":0.0},{"event_name":"Drug Dealer","player_choice":"Ignored","floor":19.0,"damage_taken":0.0},{"event_name":"Forgotten Altar","player_choice":"Gave Idol","floor":28,"damage_taken":0},{"event_name":"The Mausoleum","player_choice":"Yes","floor":29,"damage_taken":0},{"event_name":"Tomb of Lord Red Mask","player_choice":"Ignored","floor":39,"damage_taken":0},{"event_name":"Upgrade Shrine","player_choice":"Upgraded","floor":47,"damage_taken":0}],"boss_relics":[{"not_picked":["Runic Pyramid","Velvet Choker"],"picked":"Sozu"}],"potions_floor_spawned":[1,16,22,25,31,38,46,48],"seed_played":"739674535275849098","ascension_level":2,"is_trial":false}